Report Date,Revenue,Cost of Revenue,Gross Profit,Operating Expenses,"Selling, General & Administrative",Research & Development,Depreciation & Amortization,Operating Income (Loss),Non-Operating Income (Loss),"Interest Expense, Net","Pretax Income (Loss), Adj.",Abnormal Gains (Losses),Pretax Income (Loss),"Income Tax (Expense) Benefit, Net",Income (Loss) from Continuing Operations,Net Extraordinary Gains (Losses),Net Income,Net Income (Common),"Cash, Cash Equivalents & Short Term Investments",Accounts & Notes Receivable,Inventories,Total Current Assets,"Property, Plant & Equipment, Net",Long Term Investments & Receivables,Other Long Term Assets,Total Noncurrent Assets,Total Assets,Payables & Accruals,Short Term Debt,Total Current Liabilities,Long Term Debt,Total Noncurrent Liabilities,Total Liabilities,Share Capital & Additional Paid-In Capital,Treasury Stock,Retained Earnings,Total Equity,Total Liabilities & Equity,Net Income/Starting Line,Depreciation & Amortization,Non-Cash Items,Change in Working Capital,Change in Accounts Receivable,Change in Inventories,Change in Accounts Payable,Change in Other,Net Cash from Operating Activities,Change in Fixed Assets & Intangibles,Net Change in Long Term Investment,Net Cash from Acquisitions & Divestitures,Net Cash from Investing Activities,Dividends Paid,Cash from (Repayment of) Debt,Cash from (Repurchase of) Equity,Net Cash from Financing Activities,Net Change in Cash,Price Date,Open,High,Low,Close,Adj Close,Volume
2011-03-31,28529000.0,-5848000.0,22681000.0,-24092000.0,-16888000.0,-6843000.0,-361000.0,-1411000.0,-118000.0,,-1529000,0.0,-1529000,-243000.0,-1772000,,-1772000,-1772000,60312000.0,15376000.0,7505000.0,84737000.0,6273000.0,,40578000.0,46851000.0,131588000,20361000.0,,22343000.0,,4502000.0,26845000,379595000.0,-827000.0,-274770000.0,104743000.0,131588000,-1772000.0,940000.0,2077000.0,-1099000.0,,,,,146000.0,-750000.0,499000.0,,-251000.0,,,645000.0,805000.0,1638000,2011-03-31,14.859999656677244,15.050000190734865,14.510000228881836,14.529999732971193,14.529999732971193,178700.0
2011-06-30,27355000.0,-5891000.0,21464000.0,-25885000.0,-18176000.0,-7324000.0,-385000.0,-4421000.0,-77000.0,,-4498000,,-4498000,-96000.0,-4594000,,-4594000,-4594000,59133000.0,14541000.0,8879000.0,83892000.0,6214000.0,,41031000.0,47245000.0,131137000,13664000.0,,15379000.0,,4575000.0,19954000,389602000.0,-827000.0,-279364000.0,111183000.0,131137000,-4594000.0,1046000.0,2599000.0,-7607000.0,,,,,-8556000.0,-472000.0,-501000.0,,-973000.0,,,7629000.0,7629000.0,-1680000,2011-06-30,16.040000915527347,16.59000015258789,15.890000343322756,16.200000762939453,16.200000762939453,195000.0
2011-09-30,29478000.0,-5551000.0,23927000.0,-23161000.0,-16323000.0,-6459000.0,-379000.0,766000.0,60000.0,,826000,,826000,-225000.0,601000,,601000,601000,60820000.0,15490000.0,9211000.0,86928000.0,6273000.0,,38409000.0,44682000.0,131610000,13615000.0,,15434000.0,,4777000.0,20211000,391818000.0,-827000.0,-278763000.0,111399000.0,131610000,601000.0,1079000.0,2323000.0,-1737000.0,,,,,2266000.0,-665000.0,-500000.0,,-1165000.0,,,171000.0,368000.0,1187000,2011-09-30,10.699999809265137,11.40999984741211,10.699999809265137,11.029999732971193,11.029999732971193,267300.0
2011-12-31,32198000.0,-6279000.0,25919000.0,-23686000.0,-17184000.0,-6140000.0,-362000.0,2233000.0,37000.0,,2270000,1017000.0,3287000,-366000.0,2921000,,2921000,2921000,69574000.0,17303000.0,9688000.0,97982000.0,6413000.0,,36231000.0,42644000.0,140626000,15974000.0,,17860000.0,,4988000.0,22848000,397483000.0,-827000.0,-275842000.0,117778000.0,140626000,2921000.0,958000.0,2730000.0,-1678000.0,,,,,4931000.0,-800000.0,-7984000.0,,-8784000.0,,,3986000.0,3986000.0,-246000,2011-12-30,18.31999969482422,18.61000061035156,18.21999931335449,18.46999931335449,18.46999931335449,169600.0
2012-03-31,37344000.0,-6786000.0,30558000.0,-27616000.0,-20028000.0,-7236000.0,-352000.0,2942000.0,-14000.0,,2928000,0.0,2928000,-361000.0,2567000,,2567000,2567000,77223000.0,20458000.0,11142000.0,110539000.0,6378000.0,,36994000.0,43372000.0,153911000,19390000.0,,22415000.0,,5199000.0,27614000,402164000.0,-827000.0,-273275000.0,126297000.0,153911000,2567000.0,1253000.0,2913000.0,-1740000.0,,,,,4993000.0,192000.0,-6750000.0,,-6558000.0,,,2471000.0,2697000.0,898000,2012-03-30,22.350000381469727,22.40999984741211,21.979999542236328,22.190000534057614,22.190000534057614,193500.0
2012-06-30,38783000.0,-7446000.0,31337000.0,-27776000.0,-20953000.0,-6712000.0,-111000.0,3561000.0,-6000.0,,3555000,,3555000,-436000.0,3119000,,3119000,3119000,81222000.0,18343000.0,12477000.0,113791000.0,6337000.0,,34774000.0,41111000.0,154902000,16428000.0,,19115000.0,,5267000.0,24382000,406083000.0,-1065000.0,-270156000.0,130520000.0,154902000,3119000.0,842000.0,3029000.0,-2672000.0,,,,,4318000.0,-470000.0,-6000000.0,,-6470000.0,,,1228000.0,990000.0,-2001000,2012-06-29,22.479999542236328,22.920000076293945,22.149999618530273,22.81999969482422,22.81999969482422,537600.0
2012-09-30,37417000.0,-7194000.0,30223000.0,-24291000.0,-18437000.0,-5854000.0,,5932000.0,-8000.0,,5924000,,5924000,-455000.0,5469000,,5469000,5469000,88981000.0,18801000.0,14461000.0,124034000.0,6268000.0,,35544000.0,41812000.0,165846000,16807000.0,,19703000.0,,5471000.0,25174000,409916000.0,-1065000.0,-264687000.0,140672000.0,165846000,5469000.0,607000.0,2855000.0,-2117000.0,,,,,6814000.0,-1153000.0,-7250000.0,,-8403000.0,,,1265000.0,1535000.0,508000,2012-09-28,21.31999969482422,21.440000534057614,20.899999618530273,20.989999771118164,20.989999771118164,531800.0
2012-12-31,38250000.0,-8130000.0,30120000.0,-27202000.0,-20943000.0,-6259000.0,,2918000.0,325000.0,,3243000,,3243000,-559000.0,2684000,,2684000,2684000,85742000.0,19915000.0,14988000.0,122002000.0,6472000.0,,36535000.0,43007000.0,165009000,20189000.0,,23289000.0,,5675000.0,28964000,412112000.0,-11719000.0,-262003000.0,136045000.0,165009000,2684000.0,637000.0,2493000.0,1895000.0,,,,,7709000.0,-449000.0,9498000.0,,9049000.0,,,-10408000.0,-10408000.0,6260000,2012-12-31,13.359999656677244,13.670000076293945,12.949999809265135,13.4399995803833,13.4399995803833,1181300.0
2013-03-31,43674000.0,-8826000.0,34848000.0,-30716000.0,-23894000.0,-6822000.0,0.0,4132000.0,8000.0,,4140000,,4140000,-398000.0,3742000,,3742000,3742000,76707000.0,22946000.0,14930000.0,116605000.0,6549000.0,11406000.0,35439000.0,53394000.0,169999000,22858000.0,,27056000.0,,5863000.0,32919000,415207000.0,-16129000.0,-258261000.0,137080000.0,169999000,3742000.0,637000.0,3094000.0,85000.0,,,,,7558000.0,-764000.0,-3677000.0,,-4441000.0,,,-4194000.0,-3928000.0,-1306000,2013-03-28,18.739999771118164,18.920000076293945,18.46999931335449,18.670000076293945,18.670000076293945,328900.0
2013-06-30,42670000.0,-8723000.0,33947000.0,-35254000.0,-27967000.0,-7287000.0,,-1307000.0,-5000.0,,-1312000,,-1312000,-411000.0,-1723000,,-1723000,-1723000,67452000.0,20983000.0,16513000.0,106685000.0,6479000.0,20588000.0,36711000.0,63778000.0,170463000,19099000.0,,23092000.0,,6066000.0,29158000,421075000.0,-16554000.0,-259984000.0,141305000.0,170463000,-1723000.0,652000.0,4369000.0,-3331000.0,,,,,-33000.0,-711000.0,2349000.0,,888000.0,,,1931000.0,1505000.0,2276000,2013-06-28,21.299999237060547,21.75,21.299999237060547,21.559999465942386,21.559999465942386,671700.0
2013-09-30,44345000.0,-9027000.0,35318000.0,-33920000.0,-26199000.0,-7721000.0,,1398000.0,31000.0,,1429000,,1429000,-370000.0,1059000,,1059000,1059000,71070000.0,21119000.0,15636000.0,110614000.0,6444000.0,25811000.0,38150000.0,70405000.0,181019000,19904000.0,,24046000.0,,6269000.0,30315000,427589000.0,-16554000.0,-258925000.0,150704000.0,181019000,1059000.0,670000.0,3355000.0,71000.0,,,,,5155000.0,-525000.0,-10448000.0,,-10973000.0,,,3387000.0,3699000.0,-1607000,2013-09-30,18.63999938964844,19.13999938964844,18.5,19.059999465942386,19.059999465942386,442700.0
2013-12-31,46195000.0,-9458000.0,36737000.0,-32143000.0,-24364000.0,-7779000.0,,4594000.0,57000.0,,4651000,,4651000,-258000.0,4393000,,4393000,4393000,79576000.0,22958000.0,14819000.0,119729000.0,7022000.0,27784000.0,38830000.0,73636000.0,193365000,22081000.0,,26435000.0,,6473000.0,32908000,432163000.0,-16554000.0,-254532000.0,160457000.0,193365000,4393000.0,541000.0,1974000.0,1541000.0,,,,,8449000.0,-1065000.0,2033000.0,,968000.0,,,2909000.0,2909000.0,12512000,2013-12-31,27.46999931335449,27.46999931335449,26.690000534057614,26.739999771118164,26.739999771118164,368900.0
2014-03-31,50433000.0,-10114000.0,40319000.0,-36641000.0,-28721000.0,-7920000.0,,3678000.0,84000.0,,3762000,,3762000,-140000.0,3622000,,3622000,3622000,76579000.0,24357000.0,13948000.0,117966000.0,6889000.0,41761000.0,38791000.0,87441000.0,205407000,25645000.0,,30411000.0,,6643000.0,37054000,436547000.0,-16554000.0,-250910000.0,168353000.0,205407000,3622000.0,645000.0,4439000.0,1189000.0,,,,,9895000.0,-460000.0,-12695000.0,,-13155000.0,,,1133000.0,1519000.0,-1716000,2014-03-31,25.899999618530273,26.26000022888184,25.63999938964844,26.040000915527344,26.040000915527344,354600.0
2014-06-30,48811000.0,-9689000.0,39122000.0,-40660000.0,-31598000.0,-9062000.0,,-1538000.0,55000.0,,-1483000,,-1483000,-226000.0,-1709000,,-1709000,-1709000,87198000.0,22763000.0,13920000.0,127215000.0,6716000.0,33760000.0,38495000.0,78971000.0,206186000,23774000.0,,28974000.0,,6862000.0,35836000,441675000.0,-17567000.0,-252619000.0,170350000.0,206186000,-1709000.0,621000.0,4752000.0,-474000.0,,,,,3190000.0,-380000.0,11206000.0,,10826000.0,,,820000.0,-193000.0,13824000,2014-06-30,25.07999992370605,25.239999771118164,24.649999618530273,25.13999938964844,25.13999938964844,407300.0
2014-09-30,51938000.0,-9612000.0,42326000.0,-38148000.0,-29455000.0,-8693000.0,,4178000.0,-3000.0,,4175000,,4175000,-336000.0,3839000,,3839000,3839000,95464000.0,23072000.0,13445000.0,135291000.0,7351000.0,16473000.0,56429000.0,80253000.0,215544000,21378000.0,,27134000.0,,12872000.0,40006000,447850000.0,-17567000.0,-248780000.0,175538000.0,215544000,3839000.0,575000.0,4598000.0,-2300000.0,,,,,6712000.0,-1116000.0,-8236000.0,-15697000.0,-25799000.0,,,1740000.0,2137000.0,-17257000,2014-09-30,25.09000015258789,25.149999618530273,24.75,24.82999992370605,24.82999992370605,295500.0
2014-12-31,62005000.0,-9838000.0,52167000.0,-38504000.0,-30139000.0,-8365000.0,,13663000.0,38000.0,,13701000,,13701000,-1017000.0,12684000,,12684000,12684000,113424000.0,28373000.0,15444000.0,160572000.0,7583000.0,17982000.0,54636000.0,80201000.0,240773000,24810000.0,,31405000.0,,13650000.0,45055000,458313000.0,-17567000.0,-236096000.0,195718000.0,240773000,12684000.0,600000.0,5199000.0,-3358000.0,,,,,15125000.0,-736000.0,-17491000.0,0.0,-18727000.0,,,6064000.0,6064000.0,1995000,2014-12-31,38.5099983215332,39.0,38.0,38.060001373291016,38.060001373291016,232500.0
2015-03-31,67557000.0,-10806000.0,56751000.0,-44388000.0,-34535000.0,-9853000.0,,12363000.0,9000.0,,12372000,,12372000,86502000.0,98874000,,98874000,98874000,131958000.0,31828000.0,16774000.0,185039000.0,9127000.0,13996000.0,130205000.0,153328000.0,338367000,32283000.0,,39319000.0,,7488000.0,46807000,465459000.0,-19347000.0,-137222000.0,291560000.0,338367000,98874000.0,974000.0,-83503000.0,1918000.0,,,,,18263000.0,-2956000.0,-11607000.0,0.0,-16163000.0,,,2303000.0,1515000.0,2923000,2015-03-31,73.30999755859375,73.30999755859375,70.68000030517578,71.58000183105469,71.58000183105469,502000.0
2015-06-30,73432000.0,-10868000.0,62564000.0,-47533000.0,-37323000.0,-10210000.0,,15031000.0,116000.0,,15147000,,15147000,-6288000.0,8859000,,8859000,8859000,154920000.0,34372000.0,21230000.0,244112000.0,10218000.0,1501000.0,96175000.0,107894000.0,352006000,28415000.0,,36283000.0,,7672000.0,43955000,474948000.0,-22812000.0,-128363000.0,308051000.0,352006000,8859000.0,663000.0,10785000.0,-9393000.0,,,,,10914000.0,-1863000.0,7602000.0,,5739000.0,,,4589000.0,1210000.0,18030000,2015-06-30,66.0,66.15000152587889,64.76999664306639,65.73000335693361,65.73000335693361,522600.0
2015-09-30,76359000.0,-12144000.0,64215000.0,-51398000.0,-39829000.0,-11569000.0,,12817000.0,149000.0,,12966000,,12966000,-5231000.0,7735000,,7735000,7735000,175508000.0,37119000.0,23032000.0,265404000.0,11420000.0,,96582000.0,108002000.0,373406000,27649000.0,,34452000.0,,7858000.0,42310000,489887000.0,-23157000.0,-120628000.0,331096000.0,373406000,7735000.0,689000.0,16161000.0,-6643000.0,,,,,17942000.0,-1556000.0,-5151000.0,,-7457000.0,,,3382000.0,3785000.0,13990000,2015-09-30,90.3000030517578,93.1999969482422,89.83999633789062,92.76000213623048,92.76000213623048,764900.0
2015-12-31,85795000.0,-12744000.0,73051000.0,-55608000.0,-41853000.0,-13755000.0,,17443000.0,55000.0,,17498000,,17498000,-6943000.0,10555000,,10555000,10555000,196194000.0,36842000.0,25535000.0,281745000.0,15020000.0,,94861000.0,109881000.0,391626000,30757000.0,,37670000.0,,8427000.0,46097000,496415000.0,-23255000.0,-110073000.0,345529000.0,391626000,10555000.0,862000.0,13113000.0,852000.0,,,,,25382000.0,-4514000.0,-21851000.0,,-26365000.0,,,266000.0,273000.0,-1195000,2015-12-31,91.5500030517578,92.06999969482422,90.19000244140624,90.27999877929688,90.27999877929688,491700.0
2016-03-31,93957000.0,-14663000.0,79294000.0,-59481000.0,-45256000.0,-14225000.0,,19813000.0,414000.0,,20227000,,20227000,-9229000.0,10998000,,10998000,10998000,212053000.0,42821000.0,26740000.0,288392000.0,23184000.0,1000000.0,111355000.0,135539000.0,423931000,37763000.0,,46541000.0,,8615000.0,55156000,509050000.0,-26660000.0,-99075000.0,368775000.0,423931000,10998000.0,1063000.0,9859000.0,637000.0,,,,,22557000.0,-7691000.0,-21936000.0,,-29627000.0,,,1534000.0,1892000.0,-4995000,2016-03-31,92.79000091552734,95.20999908447266,92.0500030517578,94.80999755859376,94.80999755859376,750300.0
2016-06-30,102995000.0,-15070000.0,87925000.0,-66692000.0,-51032000.0,-15660000.0,,21233000.0,192000.0,,21425000,,21425000,-8515000.0,12910000,,12910000,12910000,223174000.0,41280000.0,29093000.0,300288000.0,25950000.0,,103074000.0,129024000.0,429312000,34629000.0,,43219000.0,,8766000.0,51985000,521272000.0,-41691000.0,-86165000.0,377327000.0,429312000,12910000.0,1406000.0,15033000.0,-2969000.0,,,,,26380000.0,-5099000.0,-20228000.0,,-25327000.0,,,2770000.0,-11222000.0,-9957000,2016-06-30,109.20999908447266,109.66000366210938,108.11000061035156,109.29000091552734,109.29000091552734,718600.0
2016-09-30,102955000.0,-17309000.0,85646000.0,-71138000.0,-53086000.0,-18052000.0,,14508000.0,228000.0,,14736000,,14736000,-5861000.0,8875000,,8875000,8875000,232945000.0,46607000.0,31491000.0,319870000.0,50207000.0,4004000.0,100817000.0,155028000.0,474898000,42079000.0,740000.0,51922000.0,15961000.0,24535000.0,76457000,537292000.0,-46266000.0,-77290000.0,398441000.0,474898000,8875000.0,1552000.0,10501000.0,-3572000.0,,,,,17356000.0,-5354000.0,2678000.0,,-2676000.0,,-83000.0,2994000.0,1695000.0,16435000,2016-09-30,128.6300048828125,129.83999633789062,127.80999755859376,128.58000183105472,128.58000183105472,367800.0
2016-12-31,114674000.0,-18987000.0,95687000.0,-70284000.0,-53935000.0,-16349000.0,,25403000.0,423000.0,,25826000,,25826000,-10394000.0,15432000,,15432000,15432000,240709000.0,50178000.0,32053000.0,333419000.0,60909000.0,18240000.0,88396000.0,167545000.0,500964000,49097000.0,770000.0,58871000.0,15750000.0,24713000.0,83584000,547231000.0,-46556000.0,-61858000.0,417380000.0,500964000,15432000.0,1530000.0,15256000.0,1907000.0,,,,,34125000.0,-13586000.0,-15371000.0,,-29106000.0,,-181000.0,2501000.0,2994000.0,6360000,2016-12-30,113.5999984741211,113.98999786376952,112.26000213623048,112.68000030517578,112.68000030517578,166100.0
2017-03-31,124680000.0,-19261000.0,105419000.0,-76425000.0,-60100000.0,-16325000.0,,28994000.0,362000.0,,29356000,,29356000,-14457000.0,14899000,,14899000,14899000,229948000.0,54055000.0,34931000.0,326958000.0,87777000.0,47143000.0,88536000.0,223456000.0,550414000,58323000.0,799000.0,69617000.0,15539000.0,28726000.0,98343000,566399000.0,-46763000.0,-46959000.0,452071000.0,550414000,14899000.0,1714000.0,9085000.0,11557000.0,,,,,37255000.0,-26376000.0,-40098000.0,,-69224000.0,,-182000.0,2395000.0,10400000.0,-22029000,2017-03-31,124.75,125.91999816894531,124.4499969482422,125.1999969482422,125.1999969482422,435500.0
2017-06-30,132468000.0,-21862000.0,110606000.0,-77528000.0,-60597000.0,-16931000.0,,33078000.0,714000.0,,33792000,,33792000,3582000.0,37374000,,37374000,37374000,251411000.0,53557000.0,36926000.0,350915000.0,92804000.0,37669000.0,170829000.0,301302000.0,652217000,48479000.0,829000.0,59005000.0,15325000.0,26168000.0,85173000,580458000.0,-64567000.0,65661000.0,567044000.0,652217000,37374000.0,2463000.0,5294000.0,-8837000.0,,,,,36294000.0,-9804000.0,-7004000.0,,-17208000.0,,-184000.0,3555000.0,-14434000.0,4930000,2017-06-30,140.86000061035156,144.07000732421875,139.99000549316406,143.3000030517578,143.3000030517578,460600.0
2017-09-30,132823000.0,-21627000.0,111196000.0,-79470000.0,-60080000.0,-19390000.0,,31726000.0,758000.0,,32484000,,32484000,-7981000.0,24503000,,24503000,24503000,263197000.0,57327000.0,40632000.0,370170000.0,97697000.0,55954000.0,170832000.0,324483000.0,694653000,51923000.0,851000.0,63358000.0,15110000.0,26409000.0,89767000,592523000.0,-65999000.0,90164000.0,604886000.0,694653000,24503000.0,2857000.0,18191000.0,-2394000.0,,,,,43157000.0,-7871000.0,-29514000.0,-6400000.0,-43385000.0,,-193000.0,1702000.0,1140000.0,566000,2017-09-29,164.67999267578125,171.0,164.4199981689453,168.60000610351562,168.60000610351562,570000.0
2017-12-31,154022000.0,-24994000.0,129028000.0,-84262000.0,-66556000.0,-17706000.0,,44766000.0,888000.0,,45654000,,45654000,-32208000.0,13446000,,13446000,13446000,301253000.0,64862000.0,46891000.0,422198000.0,107977000.0,49485000.0,139942000.0,297404000.0,719602000,63556000.0,,75353000.0,,11767000.0,87120000,606140000.0,-66622000.0,103610000.0,632482000.0,719602000,13446000.0,2780000.0,43629000.0,-3159000.0,,,,,56696000.0,-26493000.0,-25221000.0,0.0,-51714000.0,,-140000.0,2369000.0,1606000.0,5966000,2017-12-29,190.55999755859372,190.80999755859372,187.00999450683597,187.41000366210938,187.41000366210938,189700.0
2018-03-31,174436000.0,-30098000.0,144338000.0,-96771000.0,-75501000.0,-21270000.0,,47567000.0,940000.0,,48507000,,48507000,-11660000.0,36847000,,36847000,36847000,362249000.0,70010000.0,50204000.0,494271000.0,117167000.0,37502000.0,137435000.0,292104000.0,786375000,69712000.0,,84682000.0,,12169000.0,96851000,620349000.0,-67078000.0,140457000.0,689524000.0,786375000,36847000.0,2905000.0,19847000.0,-3200000.0,,,,,56399000.0,-11695000.0,-56760000.0,6400000.0,-68455000.0,,0.0,1677000.0,2551000.0,-7527000,2018-03-29,284.04998779296875,294.8500061035156,283.1499938964844,290.989990234375,290.989990234375,414800.0
2018-06-30,180010000.0,-30850000.0,149160000.0,-102412000.0,-81139000.0,-21273000.0,,46748000.0,1739000.0,,48487000,,48487000,41579000.0,90066000,,90066000,90066000,360516000.0,67511000.0,55781000.0,497297000.0,127324000.0,6887000.0,180531000.0,314742000.0,812039000,64603000.0,,76678000.0,,12002000.0,88680000,638423000.0,-134674000.0,230523000.0,723359000.0,812039000,90066000.0,2959000.0,-31496000.0,-14898000.0,,,,,46631000.0,-15147000.0,51080000.0,,34767000.0,,,5798000.0,-61800000.0,18313000,2018-06-29,419.1400146484375,422.9599914550781,408.8500061035156,409.0499877929688,409.0499877929688,577200.0
2018-09-30,181778000.0,-29846000.0,151932000.0,-101612000.0,-78895000.0,-22717000.0,,50320000.0,1513000.0,,51833000,,51833000,-1706000.0,50127000,,50127000,50127000,410446000.0,74201000.0,63656000.0,561599000.0,134065000.0,,191501000.0,325566000.0,887165000,67983000.0,,81979000.0,,12232000.0,94211000,660582000.0,-136743000.0,280650000.0,792954000.0,887165000,50127000.0,3388000.0,15351000.0,-8306000.0,,,,,60560000.0,-12198000.0,-27192000.0,-11426000.0,-49650000.0,,,4815000.0,4122000.0,15094000,2018-09-28,441.2900085449219,455.3999938964844,441.0,449.75,449.75,696400.0
2018-12-31,200563000.0,-34023000.0,166540000.0,-104185000.0,-80220000.0,-23965000.0,,62355000.0,2155000.0,,64510000,,64510000,-19648000.0,44862000,,44862000,44862000,458156000.0,88215000.0,71808000.0,628728000.0,138455000.0,,189933000.0,328388000.0,957116000,77900000.0,,92980000.0,,12606000.0,105586000,676622000.0,-138289000.0,325513000.0,851530000.0,957116000,44863000.0,3589000.0,35996000.0,-9833000.0,,,,,74615000.0,-8124000.0,-38684000.0,-19010000.0,-65818000.0,,,430000.0,-1116000.0,7799000,2018-12-31,320.29998779296875,329.9100036621094,320.29998779296875,325.0400085449219,325.0400085449219,483700.0
2019-03-31,207081000.0,-34848000.0,172233000.0,-106844000.0,-81296000.0,-25548000.0,,65389000.0,33141000.0,,98530000,,98530000,-24569000.0,73961000,,73961000,73961000,491698000.0,90809000.0,80942000.0,677197000.0,145005000.0,21718000.0,210426000.0,377149000.0,1054346000,89605000.0,,105998000.0,,11458000.0,117456000,690958000.0,-138852000.0,399473000.0,936890000.0,1054346000,73960000.0,4185000.0,-1950000.0,-5804000.0,,,,,70391000.0,-8535000.0,-57655000.0,30436000.0,-35754000.0,,,4958000.0,3019000.0,36840000,2019-03-29,285.1400146484375,291.989990234375,284.7300109863281,285.5899963378906,285.5899963378906,763900.0
2019-06-30,207666000.0,-37073000.0,170593000.0,-109868000.0,-86078000.0,-23790000.0,,60725000.0,42413000.0,,103138000,,103138000,-14215000.0,88923000,,88923000,88923000,486672000.0,86206000.0,87726000.0,677365000.0,151654000.0,40032000.0,256009000.0,447695000.0,1125060000,81629000.0,,100201000.0,,22266000.0,122467000,705338000.0,-179386000.0,488396000.0,1002593000.0,1125060000,88923000.0,4365000.0,-14822000.0,-13838000.0,,,,,64628000.0,-12250000.0,-33687000.0,,-45937000.0,,,1260000.0,-39276000.0,-19973000,2019-06-28,256.6300048828125,260.58999633789057,253.75999450683597,260.489990234375,260.489990234375,480900.0
2019-09-30,204974000.0,-34867000.0,170107000.0,-109925000.0,-85956000.0,-23969000.0,,60182000.0,-42824000.0,,17358000,,17358000,-4287000.0,13071000,,13071000,13071000,445320000.0,94319000.0,90295000.0,647432000.0,157896000.0,106025000.0,212995000.0,476916000.0,1124348000,89643000.0,,112229000.0,,20662000.0,132891000,722472000.0,-214926000.0,501467000.0,991457000.0,1124348000,13071000.0,4687000.0,59615000.0,-3114000.0,,,,,74259000.0,-12357000.0,20283000.0,,7926000.0,,,-33427000.0,-31729000.0,49231000,2019-09-30,175.7899932861328,180.42999267578125,174.0,177.88999938964844,177.88999938964844,624500.0
2019-12-31,221584000.0,-39996000.0,181588000.0,-111329000.0,-85674000.0,-25655000.0,,70259000.0,26757000.0,,97016000,,97016000,-27799000.0,69217000,,69217000,69217000,427539000.0,100994000.0,91193000.0,636576000.0,162060000.0,167981000.0,229994000.0,560035000.0,1196611000,103442000.0,,126259000.0,,23489000.0,149748000,733505000.0,-240330000.0,570683000.0,1046863000.0,1196611000,69217000.0,5375000.0,10949000.0,3899000.0,,,,,89440000.0,-8853000.0,-88552000.0,,-97405000.0,,,-22176000.0,-24945000.0,-32309000,2019-12-31,167.3300018310547,171.19000244140625,167.25999450683594,170.58999633789062,170.58999633789062,767700.0
2020-03-31,206659000.0,-39369000.0,167290000.0,-109237000.0,-83892000.0,-25345000.0,,58053000.0,-18740000.0,,39313000,,39313000,-7515000.0,31798000,,31798000,31798000,443116000.0,84650000.0,90088000.0,635863000.0,164931000.0,207795000.0,207873000.0,580599000.0,1216462000,107881000.0,,131885000.0,,19111000.0,150996000,739584000.0,-265411000.0,602482000.0,1065466000.0,1216462000,31798000.0,6003000.0,27714000.0,21078000.0,,,,,86593000.0,-10546000.0,20507000.0,,9961000.0,,,-21685000.0,-21765000.0,74371000,2020-03-31,148.50999450683594,151.24000549316406,142.67999267578125,145.16000366210938,145.16000366210938,633100.0
2020-06-30,164850000.0,-35983000.0,128867000.0,-94801000.0,-68444000.0,-26357000.0,,34066000.0,27010000.0,,61076000,,61076000,-16488000.0,44588000,,44588000,44588000,427363000.0,82084000.0,89284000.0,619689000.0,170346000.0,169668000.0,289809000.0,629823000.0,1249512000,86178000.0,,110379000.0,,37285000.0,147664000,749890000.0,-286577000.0,647070000.0,1101848000.0,1249512000,44588000.0,5480000.0,1726000.0,-20035000.0,,,,,31759000.0,-10044000.0,75747000.0,-51947000.0,13756000.0,,,-10300000.0,-20157000.0,22486000,2020-06-30,240.0800018310547,242.55999755859372,237.17999267578125,241.55999755859372,241.55999755859372,362400.0
