Report Date,Revenue,Cost of Revenue,Gross Profit,Operating Expenses,"Selling, General & Administrative",Research & Development,Depreciation & Amortization,Operating Income (Loss),Non-Operating Income (Loss),"Interest Expense, Net","Pretax Income (Loss), Adj.",Abnormal Gains (Losses),Pretax Income (Loss),"Income Tax (Expense) Benefit, Net",Income (Loss) from Continuing Operations,Net Extraordinary Gains (Losses),Net Income,Net Income (Common),"Cash, Cash Equivalents & Short Term Investments",Accounts & Notes Receivable,Inventories,Total Current Assets,"Property, Plant & Equipment, Net",Long Term Investments & Receivables,Other Long Term Assets,Total Noncurrent Assets,Total Assets,Payables & Accruals,Short Term Debt,Total Current Liabilities,Long Term Debt,Total Noncurrent Liabilities,Total Liabilities,Share Capital & Additional Paid-In Capital,Treasury Stock,Retained Earnings,Total Equity,Total Liabilities & Equity,Net Income/Starting Line,Depreciation & Amortization,Non-Cash Items,Change in Working Capital,Change in Accounts Receivable,Change in Inventories,Change in Accounts Payable,Change in Other,Net Cash from Operating Activities,Change in Fixed Assets & Intangibles,Net Change in Long Term Investment,Net Cash from Acquisitions & Divestitures,Net Cash from Investing Activities,Dividends Paid,Cash from (Repayment of) Debt,Cash from (Repurchase of) Equity,Net Cash from Financing Activities,Net Change in Cash,Price Date,Open,High,Low,Close,Adj Close,Volume
2009-06-30,7494876000.0,-3128998000.0,4365878000.0,-2694458000.0,-2024252000.0,-670206000.0,,1671420000.0,-104382000.0,-103092000.0,1567038000,,1567038000,-278933000.0,1288105000,,1288105000,1288105000,6887943000.0,5452765000.0,3520839000.0,19628376000.0,7448303000.0,1051952000.0,19501386000.0,28001641000.0,47630017000,7674446000.0,4331830000.0,12042381000.0,11371518000.0,15667568000.0,27709949000,7927426000.0,-3338360000.0,15296662000.0,19920068000.0,47630017000,1288105000.0,537398000.0,57964000.0,-169666000.0,,,,,1713801000.0,-262740000.0,-1856695000.0,-17332000.0,-2137392000.0,-618227000.0,277007000.0,11597000.0,-329623000.0,-670491000,2009-06-30,22.66095352172852,22.86247062683105,22.19554710388184,22.56979179382324,16.92240333557129,29462068.0
2009-09-30,7761336000.0,-3360187000.0,4401149000.0,-2761396000.0,-2085660000.0,-675736000.0,,1639753000.0,231622000.0,-96199000.0,1871375000,,1871375000,-391008000.0,1480367000,,1480367000,1480367000,8695152000.0,5474987000.0,3421680000.0,21415842000.0,7522399000.0,1110767000.0,19797812000.0,28430978000.0,49846820000,8410672000.0,4077730000.0,12524507000.0,11576556000.0,15947563000.0,28472070000,8005560000.0,-3321727000.0,16152254000.0,21374750000.0,49846820000,1480367000.0,540714000.0,62587000.0,946356000.0,,,,,3030024000.0,-328710000.0,-1177958000.0,-9512000.0,-1518437000.0,-618376000.0,-266352000.0,28395000.0,-856333000.0,671611000,2009-09-30,23.582170486450195,23.764493942260746,23.35666465759277,23.735706329345703,17.954740524291992,21834306.0
2009-12-31,8790127000.0,-3784223000.0,5005904000.0,-3142095000.0,-2225047000.0,-917048000.0,,1863809000.0,-40927000.0,-94440000.0,1822882000,,1822882000,-284153000.0,1538729000,,1538729000,1538729000,9932048000.0,6541941000.0,3264877000.0,23313891000.0,7619489000.0,1132866000.0,20515377000.0,29267732000.0,52581623000,7859869000.0,5189620000.0,13049489000.0,11266294000.0,16344738000.0,29394227000,8257873000.0,-3310347000.0,17342694000.0,23187396000.0,52581623000,1538729000.0,547353000.0,270826000.0,-524291000.0,,,,,1832617000.0,-245447000.0,2663027000.0,-851727000.0,1562877000.0,-618776000.0,936258000.0,185891000.0,503373000.0,3933424000,2009-12-31,26.134706497192386,26.2210693359375,25.88041114807129,25.904401779174805,19.75326919555664,6238850.0
2010-03-31,7698354000.0,-3335104000.0,4363250000.0,-2892767000.0,-2162400000.0,-730367000.0,,1470483000.0,-148276000.0,-88670000.0,1322207000,,1322207000,-319192000.0,1003015000,,1003015000,1003015000,1822073000.0,6520222000.0,3410921000.0,17690678000.0,8060114000.0,1120483000.0,26487347000.0,35667944000.0,53358622000,8734965000.0,6448520000.0,15183485000.0,10878649000.0,17162797000.0,32346282000,8413595000.0,-3945682000.0,17367857000.0,21012340000.0,53358622000,1003015000.0,562501000.0,173866000.0,-216630000.0,,,,,1522752000.0,-245143000.0,874139000.0,-6415648000.0,-7658760000.0,-620752000.0,773752000.0,-673199000.0,-520199000.0,-7242519000,2010-03-31,25.21828842163086,25.424602508544922,25.05035781860352,25.275863647460934,19.41473960876465,15870363.0
2010-06-30,8826014000.0,-3543932000.0,5282082000.0,-3676116000.0,-2743418000.0,-932698000.0,,1605966000.0,-47279000.0,-96316000.0,1558687000,,1558687000,-267037000.0,1291650000,,1291650000,1291650000,4372778000.0,6338350000.0,3168641000.0,19915307000.0,7875608000.0,251240000.0,25339247000.0,33466095000.0,53381402000,8820866000.0,5868394000.0,14689260000.0,12612655000.0,18697508000.0,33386768000,8504865000.0,-3942188000.0,17978462000.0,19994634000.0,53381402000,1291650000.0,675202000.0,84224000.0,297221000.0,,,,,2348297000.0,-273514000.0,1085241000.0,-504395000.0,303832000.0,-679199000.0,879137000.0,12940000.0,212878000.0,2754882000,2010-06-30,22.38746833801269,22.665752410888672,22.15716361999512,22.445043563842773,17.385591506958008,21387662.0
2010-09-30,8674505000.0,-3741116000.0,4933389000.0,-3752204000.0,-2673277000.0,-1078927000.0,,1181185000.0,-117075000.0,-133512000.0,1064110000,,1064110000,-173450000.0,890660000,,890660000,890660000,3849951000.0,6248908000.0,3308758000.0,19447420000.0,7939787000.0,255153000.0,29731260000.0,37926200000.0,57373620000,9777499000.0,5806372000.0,15583871000.0,12910681000.0,20307025000.0,35890896000,8624344000.0,-3918310000.0,18181133000.0,21482724000.0,57373620000,890660000.0,677024000.0,72146000.0,908583000.0,,,,,2548413000.0,-205085000.0,14317000.0,-2200000000.0,-2392998000.0,-679423000.0,-73814000.0,66131000.0,-687106000.0,-503557000,2010-09-30,25.155914306640625,25.36222839355469,24.99757957458496,25.06475257873535,19.595067977905273,13436223.0
2010-12-31,9967848000.0,-4045040000.0,5922808000.0,-4092861000.0,-2797229000.0,-1295632000.0,,1829947000.0,-62117000.0,-129184000.0,1767830000,,1767830000,-326983000.0,1440847000,,1440847000,1440847000,5451450000.0,7184034000.0,3188734000.0,22317529000.0,7970956000.0,302049000.0,29983318000.0,38256323000.0,60573852000,10867668000.0,6394766000.0,17262434000.0,12523517000.0,20546287000.0,37808721000,8744703000.0,-3916823000.0,19215768000.0,22765131000.0,60573852000,1440847000.0,709578000.0,496484000.0,-330390000.0,,,,,2316519000.0,-291333000.0,-1825268000.0,-313200000.0,-2440389000.0,-692101000.0,543073000.0,55714000.0,-93314000.0,-169774000,2010-12-31,22.76171112060547,23.11676406860352,22.76171112060547,22.987218856811523,18.119897842407227,11564402.0
2011-03-31,9040850000.0,-3858983000.0,5181867000.0,-3880718000.0,-2850318000.0,-1030400000.0,,1301149000.0,-232363000.0,-123871000.0,1068786000,,1068786000,-204968000.0,863818000,,863818000,863818000,6502280000.0,7160219000.0,3400996000.0,23647132000.0,8078195000.0,390122000.0,29535914000.0,38004231000.0,61651363000,10973140000.0,6251963000.0,17225103000.0,12530246000.0,19705928000.0,36931031000,8842675000.0,-3718827000.0,19323753000.0,24720332000.0,61651363000,863818000.0,745667000.0,275808000.0,125853000.0,,,,,2011146000.0,-391813000.0,-1917221000.0,,-2301230000.0,-683967000.0,-104369000.0,104002000.0,-684334000.0,-908215000,2011-03-31,23.51979637145996,23.726110458374023,23.41903877258301,23.534189224243164,18.7232608795166,20532097.0
2011-06-30,9616291000.0,-3870472000.0,5745819000.0,-3972366000.0,-2762086000.0,-1210280000.0,,1773453000.0,-98897000.0,-115261000.0,1674556000,,1674556000,268226000.0,1942782000,,1942782000,1942782000,8893499000.0,7038069000.0,3475006000.0,24132178000.0,8128450000.0,451928000.0,29291685000.0,37872063000.0,62004241000,10248578000.0,5591350000.0,15839928000.0,12627761000.0,19694610000.0,35534538000,9005788000.0,-3713830000.0,20509111000.0,26469703000.0,62004241000,1942782000.0,811412000.0,248957000.0,-499999000.0,,,,,2503152000.0,-372957000.0,-1108516000.0,-187500000.0,205593000.0,-750409000.0,-727580000.0,91808000.0,-1386181000.0,1336862000,2011-06-30,25.304651260375977,25.32864189147949,25.10313606262207,25.2470760345459,20.27672004699707,12069404.0
2011-09-30,9816665000.0,-3973250000.0,5843415000.0,-5248537000.0,-4238910000.0,-1009627000.0,,594878000.0,-93283000.0,-103523000.0,501595000,,501595000,-198414000.0,303181000,,303181000,303181000,7976502000.0,7043542000.0,3269317000.0,23094416000.0,7977460000.0,392788000.0,28163512000.0,36533760000.0,59628176000,11789400000.0,3624561000.0,15413961000.0,13096767000.0,19525243000.0,34939204000,9102857000.0,-3691223000.0,20052443000.0,24688972000.0,59628176000,303181000.0,838386000.0,67838000.0,1845025000.0,,,,,3054430000.0,-451995000.0,1932189000.0,-485000000.0,991995000.0,-751630000.0,-1963717000.0,47225000.0,-2668122000.0,972281000,2011-09-30,24.71449851989746,25.069549560546875,24.53697204589844,24.53697204589844,19.88552474975586,17204252.0
2011-12-31,-7066806000.0,1685705000.0,-5381101000.0,3340621000.0,2486314000.0,1738307000.0,-884000000.0,-2040480000.0,31543000.0,48655000.0,-2008937000,,-2008937000,25156000.0,-1983781000,3602000000.0,1618219000,1618219000,8097359000.0,7683920000.0,3284249000.0,23768774000.0,7873955000.0,378225000.0,28255939000.0,36508119000.0,60276893000,12105473000.0,3374755000.0,15480228000.0,12039822000.0,20270520000.0,35750748000,9817134000.0,-3687478000.0,20907362000.0,24526145000.0,60276893000,1618219000.0,648535000.0,604397000.0,-1469879000.0,,,,,1401272000.0,-274235000.0,1632548000.0,399500000.0,1764642000.0,-751994000.0,-1181334000.0,648965000.0,-1684363000.0,1764072000,2011-12-30,26.902385711669922,27.079912185668945,26.902385711669922,26.97915458679199,22.065731048583984,8582326.0
2012-03-31,5283685000.0,-2359164000.0,2924521000.0,-2415336000.0,-1842032000.0,-363714000.0,-209590000.0,509185000.0,-45809000.0,-65814000.0,463376000,,463376000,-112161000.0,351215000,890909000.0,1242124000,1242124000,9526561000.0,7659882000.0,3549348000.0,25602131000.0,7955257000.0,374746000.0,28483667000.0,36813670000.0,62415801000,12000488000.0,4785435000.0,16785923000.0,11861505000.0,20086444000.0,36872367000,10378070000.0,-4297725000.0,21314465000.0,25543434000.0,62415801000,1242124000.0,743267000.0,347342000.0,-107803000.0,,,,,2224930000.0,-453330000.0,-3899584000.0,-550000000.0,-4891765000.0,-758548000.0,1345029000.0,-300407000.0,165225000.0,-2466910000,2012-03-30,29.296588897705078,29.42613410949707,29.28219413757324,29.40694236755371,24.25889015197754,18351813.0
2012-06-30,5313297000.0,-2370056000.0,2943241000.0,-2379051000.0,-1813623000.0,-370605000.0,-194823000.0,564190000.0,-34686000.0,-64399000.0,529504000,,529504000,-118663000.0,410841000,1313771000.0,1724612000,1724612000,11002138000.0,6767952000.0,3518452000.0,26257492000.0,7831272000.0,389901000.0,27381125000.0,35602298000.0,61859790000,11037544000.0,6082923000.0,17120467000.0,12004092000.0,20166838000.0,37287305000,10815177000.0,-5012598000.0,22227912000.0,24572485000.0,61859790000,1724612000.0,691435000.0,195785000.0,-545003000.0,,,,,2066829000.0,-425116000.0,1222327000.0,-110000000.0,688370000.0,-806984000.0,1297740000.0,-375389000.0,115367000.0,2706866000,2012-06-29,30.332956314086914,30.932706832885746,30.275379180908203,30.932706832885746,25.73579216003418,26008128.0
2012-09-30,5264787000.0,-2488913000.0,2775874000.0,-2465857000.0,-1920115000.0,-350653000.0,-195089000.0,310017000.0,-78706000.0,-88169000.0,231311000,,231311000,107610000.0,338921000,1603885000.0,1942806000,1942806000,11504522000.0,6948714000.0,3814256000.0,27264244000.0,7960648000.0,380383000.0,27652463000.0,35993494000.0,63257738000,12060987000.0,4224991000.0,16285978000.0,12054640000.0,19867419000.0,36153397000,11418613000.0,-4975279000.0,23326756000.0,27104341000.0,63257738000,1942803000.0,759728000.0,75608000.0,741363000.0,,,,,3519502000.0,-530747000.0,431074000.0,-21624000.0,-131607000.0,-805405000.0,-1908411000.0,522859000.0,-2590957000.0,944172000,2012-09-28,33.269332885742195,33.269332885742195,32.823116302490234,32.89508819580078,27.582693099975586,25240725.0
2012-12-31,3188231000.0,-1680867000.0,1507364000.0,-1530756000.0,-1159230000.0,-376028000.0,4502000.0,-23392000.0,-69799000.0,-42618000.0,-93191000,-1351000000.0,-1444191000,580214000.0,-863977000,1917435000.0,1053458000,1053458000,15174000000.0,7613000000.0,3793000000.0,31323000000.0,8063000000.0,274000000.0,27575000000.0,35912000000.0,67235000000,10889000000.0,2391000000.0,13280000000.0,18085000000.0,27142000000.0,40422000000,11755000000.0,-5591000000.0,24151000000.0,26813000000.0,67235000000,1053461000.0,587570000.0,1809265000.0,-1947557000.0,,,,,1502739000.0,-385807000.0,-815817000.0,-24376000.0,-1224998000.0,-812063000.0,3678642000.0,-361063000.0,2505365000.0,2804872000,2012-12-31,30.769573211669922,31.441293716430664,30.711997985839844,31.42690086364746,26.543987274169922,19018133.0
2013-03-31,5378000000.0,-2432000000.0,2946000000.0,-2331000000.0,-1786000000.0,-346000000.0,-199000000.0,615000000.0,-61000000.0,-26000000.0,554000000,,554000000,-10000000.0,544000000,,544000000,544000000,8517313000.0,3917865000.0,2710250000.0,19096868000.0,5791492000.0,146076000.0,17652177000.0,23589745000.0,42686613000,6500937000.0,3635850000.0,10406326000.0,3466576000.0,9597012000.0,20003338000,11615374000.0,-6194998000.0,20062483000.0,22683275000.0,42686613000,544000000.0,421000000.0,126000000.0,-631000000.0,,,,,460000000.0,-274000000.0,-1834000000.0,,-2108000000.0,-224000000.0,2248000000.0,-856000000.0,-4733000000.0,-6429000000,2013-03-28,34.59999847412109,35.34000015258789,34.529998779296875,35.31999969482422,29.95610046386719,11468200.0
2013-06-30,5446000000.0,-2545000000.0,2901000000.0,-2274000000.0,-1714000000.0,-363000000.0,-197000000.0,627000000.0,-26000000.0,-23000000.0,601000000,,601000000,-125000000.0,476000000,,476000000,476000000,9393592000.0,3938998000.0,2725179000.0,19831124000.0,5768649000.0,154268000.0,17149305000.0,23072222000.0,42903346000,6093451000.0,4523778000.0,10919614000.0,3410759000.0,9556086000.0,20475700000,11730952000.0,-6487355000.0,20318892000.0,22427646000.0,42903346000,477000000.0,436000000.0,51000000.0,-247000000.0,,,,,717000000.0,-291000000.0,327000000.0,,36000000.0,-220000000.0,902000000.0,-217000000.0,465000000.0,1199000000,2013-06-28,35.29999923706055,35.81999969482422,34.86999893188477,34.880001068115234,29.69497108459473,20356100.0
2013-09-30,4825000000.0,-2255000000.0,2570000000.0,-2097000000.0,-1612000000.0,-339000000.0,-146000000.0,473000000.0,8000000.0,-21000000.0,481000000,,481000000,163000000.0,644000000,322000000.0,966000000,966000000,8605484000.0,3882803000.0,2804070000.0,19748949000.0,5842369000.0,142527000.0,18398632000.0,24383528000.0,44132477000,6123289000.0,4859876000.0,11331665000.0,3403069000.0,9012881000.0,20344546000,11793440000.0,-6808771000.0,21668078000.0,23787931000.0,44132477000,966000000.0,436000000.0,45000000.0,-925000000.0,,,,,522000000.0,-277000000.0,-1873000000.0,-566000000.0,-2697000000.0,-220000000.0,374000000.0,-313000000.0,-559000000.0,-2690000000,2013-09-30,33.049999237060554,33.419998168945305,33.02000045776367,33.189998626708984,28.37052726745605,9418700.0
2013-12-31,4008000000.0,-1961000000.0,2047000000.0,-1629000000.0,-1260000000.0,-323000000.0,-46000000.0,418000000.0,-13000000.0,-8000000.0,405000000,,405000000,-81000000.0,324000000,266000000.0,590000000,590000000,8098000000.0,3986000000.0,2693000000.0,19247000000.0,5905000000.0,119000000.0,17682000000.0,23706000000.0,42953000000,5948000000.0,3173000000.0,9507000000.0,3388000000.0,8179000000.0,17686000000,12048000000.0,-6844000000.0,21979000000.0,25267000000.0,42953000000,589000000.0,426000000.0,44000000.0,566000000.0,,,,,1625000000.0,-303000000.0,1155000000.0,-14000000.0,840000000.0,-218000000.0,-1732000000.0,176000000.0,-1869000000.0,593000000,2013-12-31,38.38000106811523,38.56999969482422,38.22000122070313,38.33000183105469,32.90303421020508,4594200.0
2014-03-31,4755000000.0,-2274000000.0,2481000000.0,-2116000000.0,-1620000000.0,-369000000.0,-127000000.0,365000000.0,-24000000.0,-20000000.0,341000000,,341000000,-117000000.0,224000000,151000000.0,375000000,375000000,7047000000.0,3883000000.0,2775000000.0,17931000000.0,5948000000.0,122000000.0,17661000000.0,23731000000.0,41662000000,5639000000.0,4378000000.0,10186000000.0,3387000000.0,7987000000.0,18173000000,12032000000.0,-8713000000.0,22005000000.0,23489000000.0,41662000000,375000000.0,398000000.0,119000000.0,-556000000.0,,,,,336000000.0,-255000000.0,-367000000.0,,-595000000.0,-343000000.0,1213000000.0,-2022000000.0,-1152000000.0,-1415000000,2014-03-31,38.47999954223633,38.58000183105469,38.099998474121094,38.5099983215332,33.242359161376946,8038000.0
2014-06-30,5057000000.0,-2288000000.0,2769000000.0,-2092000000.0,-1649000000.0,-310000000.0,-133000000.0,677000000.0,-19000000.0,-17000000.0,658000000,,658000000,-233000000.0,425000000,41000000.0,466000000,466000000,7062000000.0,4056000000.0,2823000000.0,18258000000.0,5935000000.0,130000000.0,17152000000.0,23217000000.0,41475000000,5649000000.0,3962000000.0,9853000000.0,3403000000.0,7918000000.0,17771000000,12126000000.0,-8709000000.0,22137000000.0,23704000000.0,41475000000,466000000.0,400000000.0,49000000.0,-15000000.0,,,,,900000000.0,-258000000.0,1486000000.0,,1228000000.0,-333000000.0,-341000000.0,55000000.0,-619000000.0,1510000000,2014-06-30,40.66999816894531,41.150001525878906,40.599998474121094,40.900001525878906,35.51513671875,6711200.0
2014-09-30,5079000000.0,-2319000000.0,2760000000.0,-2032000000.0,-1595000000.0,-305000000.0,-132000000.0,728000000.0,-13000000.0,-17000000.0,715000000,,715000000,-277000000.0,438000000,100000000.0,538000000,538000000,4877000000.0,3618000000.0,2696000000.0,16464000000.0,5872000000.0,221000000.0,19957000000.0,26050000000.0,42514000000,5520000000.0,4582000000.0,10823000000.0,3719000000.0,8698000000.0,19521000000,12207000000.0,-8679000000.0,22335000000.0,22993000000.0,42514000000,539000000.0,355000000.0,40000000.0,267000000.0,,,,,1201000000.0,-277000000.0,2239000000.0,-2822000000.0,-825000000.0,-331000000.0,397000000.0,63000000.0,-271000000.0,43000000,2014-09-30,41.79999923706055,41.9900016784668,41.59000015258789,41.59000015258789,36.30797958374024,4874800.0
2014-12-31,5356000000.0,-2337000000.0,3019000000.0,-2190000000.0,-1666000000.0,-361000000.0,-163000000.0,829000000.0,-7000000.0,-19000000.0,822000000,-18000000.0,804000000,-170000000.0,634000000,271000000.0,905000000,905000000,4460000000.0,3586000000.0,2643000000.0,13556000000.0,5935000000.0,229000000.0,21487000000.0,27651000000.0,41207000000,5350000000.0,4437000000.0,10467000000.0,3393000000.0,9101000000.0,19568000000,12383000000.0,-8678000000.0,22874000000.0,21639000000.0,41207000000,904000000.0,395000000.0,125000000.0,-186000000.0,,,,,1238000000.0,-287000000.0,759000000.0,-490000000.0,-10000000.0,-335000000.0,-503000000.0,138000000.0,-700000000.0,450000000,2014-12-31,45.70000076293945,46.04999923706055,44.9900016784668,45.02000045776367,39.51116180419922,3418600.0
2015-03-31,4897000000.0,-2081000000.0,2816000000.0,-2206000000.0,-1737000000.0,-313000000.0,-156000000.0,610000000.0,43000000.0,-16000000.0,653000000,,653000000,-124000000.0,529000000,1763000000.0,2292000000,2292000000,9849000000.0,3481000000.0,2623000000.0,19985000000.0,5699000000.0,244000000.0,17167000000.0,23110000000.0,43095000000,5933000000.0,2972000000.0,9206000000.0,5931000000.0,11901000000.0,21107000000,12462000000.0,-9721000000.0,24740000000.0,21988000000.0,43095000000,2292000000.0,371000000.0,-2673000000.0,12000000.0,,,,,2000000.0,-235000000.0,-213000000.0,230000000.0,-205000000.0,-364000000.0,1004000000.0,-1190000000.0,-550000000.0,-837000000,2015-03-31,46.83000183105469,46.97999954223633,46.33000183105469,46.33000183105469,40.87611389160156,5358100.0
2015-06-30,5170000000.0,-2218000000.0,2952000000.0,-2223000000.0,-1727000000.0,-345000000.0,-151000000.0,729000000.0,257000000.0,-17000000.0,986000000,,986000000,-200000000.0,786000000,-2000000.0,784000000,784000000,11177000000.0,3553000000.0,2735000000.0,21131000000.0,5738000000.0,243000000.0,17013000000.0,22994000000.0,44125000000,5994000000.0,2899000000.0,9185000000.0,5862000000.0,11814000000.0,20999000000,12566000000.0,-9716000000.0,25162000000.0,23126000000.0,44125000000,784000000.0,352000000.0,-149000000.0,-46000000.0,,,,,941000000.0,-216000000.0,-1843000000.0,2286000000.0,242000000.0,-360000000.0,-70000000.0,56000000.0,-374000000.0,822000000,2015-06-30,49.5099983215332,49.54999923706055,48.90999984741211,49.08000183105469,43.5239143371582,4514700.0
2015-09-30,5150000000.0,-2242000000.0,2908000000.0,-2195000000.0,-1666000000.0,-378000000.0,-151000000.0,713000000.0,1000000.0,-16000000.0,714000000,,714000000,-118000000.0,596000000,-16000000.0,580000000,580000000,6139000000.0,3460000000.0,2633000000.0,15894000000.0,5797000000.0,3055000000.0,16979000000.0,25831000000.0,41725000000,5997000000.0,2402000000.0,8755000000.0,5953000000.0,11751000000.0,20506000000,12641000000.0,-9694000000.0,25375000000.0,21219000000.0,41725000000,580000000.0,383000000.0,27000000.0,205000000.0,,,,,1195000000.0,-411000000.0,-570000000.0,-231000000.0,-1197000000.0,-359000000.0,-504000000.0,48000000.0,-815000000.0,-916000000,2015-09-30,39.84000015258789,40.43000030517578,39.54999923706055,40.22000122070313,35.83918762207031,10750300.0
2015-12-31,5188000000.0,-2206000000.0,2982000000.0,-2167000000.0,-1655000000.0,-369000000.0,-143000000.0,815000000.0,15000000.0,-9000000.0,830000000,,830000000,-135000000.0,695000000,72000000.0,767000000,767000000,6125000000.0,3418000000.0,2599000000.0,14155000000.0,5730000000.0,4041000000.0,17321000000.0,27092000000.0,41247000000,5683000000.0,3130000000.0,9186000000.0,5871000000.0,10735000000.0,19921000000,12734000000.0,-10622000000.0,25757000000.0,21326000000.0,41247000000,767000000.0,366000000.0,22000000.0,-327000000.0,,,,,828000000.0,-248000000.0,1805000000.0,0.0,1566000000.0,-360000000.0,717000000.0,-837000000.0,-497000000.0,1869000000,2015-12-31,45.11000061035156,45.5,44.900001525878906,44.90999984741211,40.2507209777832,4192400.0
2016-03-31,4885000000.0,-2140000000.0,2745000000.0,-2221000000.0,-1698000000.0,-379000000.0,-144000000.0,524000000.0,-522000000.0,-25000000.0,2000000,,2000000,54000000.0,56000000,260000000.0,316000000,316000000,3957000000.0,3430000000.0,2786000000.0,12406000000.0,5836000000.0,3552000000.0,17843000000.0,27231000000.0,39637000000,5420000000.0,2613000000.0,8393000000.0,5977000000.0,10402000000.0,18795000000,12744000000.0,-10825000000.0,25654000000.0,20842000000.0,39637000000,316000000.0,347000000.0,604000000.0,-1360000000.0,,,,,-93000000.0,-243000000.0,446000000.0,25000000.0,226000000.0,-385000000.0,-590000000.0,-432000000.0,-1432000000.0,-1667000000,2016-03-31,41.650001525878906,42.0,41.5099983215332,41.83000183105469,37.72686004638672,5168400.0
2016-06-30,5333000000.0,-2287000000.0,3046000000.0,-2230000000.0,-1737000000.0,-348000000.0,-145000000.0,816000000.0,-101000000.0,-83000000.0,715000000,,715000000,-116000000.0,599000000,16000000.0,615000000,615000000,4438000000.0,3567000000.0,2813000000.0,12988000000.0,5826000000.0,3339000000.0,17678000000.0,26843000000.0,39831000000,5416000000.0,2896000000.0,8673000000.0,6016000000.0,10363000000.0,19036000000,12835000000.0,-10821000000.0,25884000000.0,20795000000.0,39831000000,615000000.0,347000000.0,62000000.0,-115000000.0,,,,,909000000.0,-247000000.0,-1246000000.0,-7000000.0,-1470000000.0,-384000000.0,295000000.0,42000000.0,-179000000.0,-756000000,2016-06-30,38.650001525878906,39.310001373291016,38.56999969482422,39.310001373291016,35.67063903808594,10425000.0
2016-09-30,5302000000.0,-2285000000.0,3017000000.0,-2120000000.0,-1628000000.0,-352000000.0,-140000000.0,897000000.0,-1076000000.0,-95000000.0,-179000000,,-179000000,-178000000.0,-357000000,28000000.0,-329000000,-329000000,4507000000.0,3320000000.0,2613000000.0,12978000000.0,5734000000.0,2997000000.0,17788000000.0,26519000000.0,39497000000,5189000000.0,2535000000.0,8321000000.0,5975000000.0,10280000000.0,18601000000,12939000000.0,-10792000000.0,25162000000.0,20896000000.0,39497000000,-329000000.0,340000000.0,1000000000.0,206000000.0,,,,,1217000000.0,-312000000.0,-182000000.0,-66000000.0,-554000000.0,-384000000.0,-398000000.0,74000000.0,-746000000.0,-78000000,2016-09-30,41.7400016784668,42.47000122070313,41.68999862670898,42.290000915527344,38.61111831665039,7451000.0
2016-12-31,5333000000.0,-2312000000.0,3021000000.0,-2073000000.0,-1609000000.0,-343000000.0,-121000000.0,948000000.0,-73000000.0,-129000000.0,875000000,,875000000,-110000000.0,765000000,33000000.0,798000000,798000000,18775000000.0,3248000000.0,2434000000.0,26776000000.0,5705000000.0,2947000000.0,17238000000.0,25890000000.0,52666000000,5090000000.0,1325000000.0,6660000000.0,20681000000.0,25289000000.0,31949000000,13027000000.0,-10791000000.0,25565000000.0,20717000000.0,52666000000,798000000.0,319000000.0,297000000.0,-244000000.0,,,,,1170000000.0,-319000000.0,1868000000.0,-7000000.0,1550000000.0,-386000000.0,13848000000.0,42000000.0,13504000000.0,16120000000,2016-12-30,38.33000183105469,38.86999893188477,38.25,38.40999984741211,35.29157638549805,10445600.0
2017-03-31,6335000000.0,-3062000000.0,3273000000.0,-3515000000.0,-2440000000.0,-553000000.0,-522000000.0,-242000000.0,978000000.0,-204000000.0,736000000,,736000000,-350000000.0,386000000,33000000.0,419000000,419000000,8860000000.0,4510000000.0,3995000000.0,19329000000.0,7265000000.0,1756000000.0,42537000000.0,51558000000.0,70887000000,6436000000.0,210000000.0,6646000000.0,23764000000.0,32694000000.0,39340000000,22886000000.0,-10379000000.0,25387000000.0,31547000000.0,70887000000,419000000.0,774000000.0,-588000000.0,-31000000.0,,,,,574000000.0,-272000000.0,-15000000.0,-5870000000.0,-6154000000.0,-460000000.0,-3960000000.0,34000000.0,-4399000000.0,-9914000000,2017-03-31,44.33000183105469,44.81999969482422,44.33000183105469,44.40999984741211,41.06802749633789,7146500.0
2017-06-30,6637000000.0,-3173000000.0,3464000000.0,-3037000000.0,-2132000000.0,-513000000.0,-392000000.0,427000000.0,-132000000.0,-183000000.0,295000000,,295000000,-25000000.0,270000000,13000000.0,283000000,283000000,9835000000.0,4633000000.0,3603000000.0,19983000000.0,7286000000.0,1545000000.0,42337000000.0,51168000000.0,71151000000,6582000000.0,221000000.0,6803000000.0,23810000000.0,32560000000.0,39363000000,23012000000.0,-10362000000.0,25202000000.0,31788000000.0,71151000000,283000000.0,648000000.0,522000000.0,-102000000.0,,,,,1351000000.0,-255000000.0,-13000000.0,238000000.0,-6000000.0,-462000000.0,24000000.0,54000000.0,-384000000.0,969000000,2017-06-30,48.77999877929688,49.04999923706055,48.61000061035156,48.61000061035156,45.22692108154297,4723300.0
2017-09-30,6829000000.0,-2876000000.0,3953000000.0,-3184000000.0,-2115000000.0,-568000000.0,-501000000.0,769000000.0,-143000000.0,-182000000.0,626000000,,626000000,-65000000.0,561000000,42000000.0,603000000,603000000,11199000000.0,4800000000.0,3483000000.0,21377000000.0,7219000000.0,1386000000.0,42266000000.0,50871000000.0,72248000000,7220000000.0,715000000.0,7935000000.0,23310000000.0,32095000000.0,40030000000,23118000000.0,-10290000000.0,25320000000.0,32218000000.0,72248000000,603000000.0,756000000.0,81000000.0,565000000.0,,,,,2005000000.0,-263000000.0,-70000000.0,24000000.0,-306000000.0,-463000000.0,4000000.0,81000000.0,-386000000.0,1337000000,2017-09-29,53.63999938964844,53.790000915527344,53.290000915527344,53.36000061035156,49.92108535766602,8459000.0
2017-12-31,7589000000.0,-3298000000.0,4291000000.0,-3681000000.0,-2495000000.0,-626000000.0,-560000000.0,610000000.0,-36000000.0,-211000000.0,574000000,,574000000,-1438000000.0,-864000000,36000000.0,-828000000,-828000000,9610000000.0,5249000000.0,3601000000.0,20147000000.0,7607000000.0,883000000.0,47613000000.0,56103000000.0,76250000000,8198000000.0,714000000.0,8912000000.0,27210000000.0,36240000000.0,45152000000,23206000000.0,-10225000000.0,23978000000.0,31098000000.0,76250000000,-828000000.0,843000000.0,142000000.0,1483000000.0,,,,,1640000000.0,-345000000.0,17000000.0,-2829000000.0,-3152000000.0,-464000000.0,990000000.0,64000000.0,-112000000.0,-1605000000,2017-12-29,57.599998474121094,57.77000045776367,57.06999969482422,57.06999969482422,53.65314865112305,3995200.0
2018-03-31,7390000000.0,-3067000000.0,4323000000.0,-3715000000.0,-2542000000.0,-589000000.0,-584000000.0,608000000.0,-163000000.0,-199000000.0,445000000,-14000000.0,431000000,-22000000.0,409000000,9000000.0,418000000,418000000,4042000000.0,5356000000.0,3826000000.0,14964000000.0,7659000000.0,913000000.0,47372000000.0,55944000000.0,70908000000,8273000000.0,737000000.0,9010000000.0,21154000000.0,30297000000.0,39307000000,23223000000.0,-9947000000.0,23856000000.0,31601000000.0,70908000000,418000000.0,852000000.0,244000000.0,-406000000.0,,,,,1108000000.0,-275000000.0,-5000000.0,-25000000.0,-238000000.0,-491000000.0,-5973000000.0,9000000.0,-6455000000.0,-5550000000,2018-03-29,59.56999969482422,60.38000106811523,59.29999923706055,59.91999816894531,56.60190963745117,6656600.0
2018-06-30,7767000000.0,-3282000000.0,4485000000.0,-3603000000.0,-2466000000.0,-575000000.0,-562000000.0,882000000.0,-105000000.0,-189000000.0,777000000,,777000000,-59000000.0,718000000,15000000.0,733000000,733000000,3264000000.0,5192000000.0,3714000000.0,14122000000.0,7432000000.0,940000000.0,45921000000.0,54293000000.0,68415000000,8104000000.0,847000000.0,8951000000.0,19823000000.0,28690000000.0,37641000000,23317000000.0,-9907000000.0,24080000000.0,30774000000.0,68415000000,733000000.0,850000000.0,101000000.0,-440000000.0,,,,,1244000000.0,-298000000.0,-37000000.0,73000000.0,-299000000.0,-494000000.0,-1167000000.0,30000000.0,-1631000000.0,-792000000,2018-06-29,61.4900016784668,61.86999893188477,60.91999816894531,60.9900016784668,57.88998031616211,5807300.0
2018-09-30,7656000000.0,-3166000000.0,4490000000.0,-3495000000.0,-2377000000.0,-574000000.0,-544000000.0,995000000.0,-210000000.0,-181000000.0,785000000,-67000000.0,718000000,-166000000.0,552000000,11000000.0,563000000,563000000,7550000000.0,5271000000.0,3781000000.0,18196000000.0,7448000000.0,971000000.0,45022000000.0,53441000000.0,71637000000,8502000000.0,4274000000.0,12776000000.0,19284000000.0,27963000000.0,40739000000,23428000000.0,-9858000000.0,24144000000.0,30898000000.0,71637000000,563000000.0,813000000.0,83000000.0,724000000.0,,,,,2183000000.0,-354000000.0,19000000.0,0.0,-323000000.0,-494000000.0,2894000000.0,71000000.0,2471000000.0,4304000000,2018-09-28,72.77999877929688,73.58000183105469,72.7699966430664,73.36000061035156,69.94423675537111,6572100.0
2018-12-31,7765000000.0,-3191000000.0,4574000000.0,-3409000000.0,-2359000000.0,-562000000.0,-488000000.0,1165000000.0,-132000000.0,-152000000.0,1033000000,-86000000.0,947000000,-292000000.0,655000000,-1000000.0,654000000,654000000,4086000000.0,5182000000.0,3796000000.0,14632000000.0,7563000000.0,897000000.0,44081000000.0,52541000000.0,67173000000,8805000000.0,207000000.0,9012000000.0,19359000000.0,27439000000.0,36451000000,23512000000.0,-9962000000.0,24560000000.0,30722000000.0,67173000000,654000000.0,763000000.0,374000000.0,-26000000.0,,,,,1765000000.0,-467000000.0,-35000000.0,-54000000.0,-496000000.0,-495000000.0,-4204000000.0,-77000000.0,-4776000000.0,-3525000000,2018-12-31,71.56999969482422,72.76000213623047,71.4800033569336,72.33000183105469,69.24573516845703,6094300.0
2019-03-31,7535000000.0,-3160000000.0,4375000000.0,-3636000000.0,-2478000000.0,-672000000.0,-486000000.0,739000000.0,-107000000.0,-148000000.0,632000000,,632000000,40000000.0,672000000,,672000000,672000000,3261000000.0,5345000000.0,4085000000.0,14409000000.0,7626000000.0,867000000.0,44708000000.0,53201000000.0,67610000000,8904000000.0,209000000.0,9113000000.0,18845000000.0,27368000000.0,36481000000,23461000000.0,-9679000000.0,24613000000.0,31129000000.0,67610000000,672000000.0,753000000.0,226000000.0,-939000000.0,,,,,712000000.0,-335000000.0,2000000.0,-78000000.0,-396000000.0,-565000000.0,-487000000.0,-90000000.0,-1142000000.0,-822000000,2019-03-29,79.86000061035156,79.98999786376953,79.11000061035156,79.94000244140625,76.88612365722656,5891200.0
2019-06-30,7979000000.0,-3279000000.0,4700000000.0,-3494000000.0,-2434000000.0,-577000000.0,-483000000.0,1206000000.0,-104000000.0,-146000000.0,1102000000,,1102000000,-96000000.0,1006000000,,1006000000,1006000000,3376000000.0,5548000000.0,4352000000.0,15195000000.0,7825000000.0,851000000.0,44556000000.0,53232000000.0,68427000000,8850000000.0,212000000.0,9062000000.0,18982000000.0,27471000000.0,36533000000,23665000000.0,-9659000000.0,25045000000.0,31894000000.0,68427000000,1006000000.0,751000000.0,-761000000.0,64000000.0,,,,,1060000000.0,-468000000.0,0.0,-34000000.0,-498000000.0,-568000000.0,6000000.0,113000000.0,-449000000.0,115000000,2019-06-28,83.81999969482422,84.26000213623047,83.12000274658203,84.0999984741211,81.21822357177734,16436700.0
2019-09-30,8076000000.0,-3358000000.0,4718000000.0,-3520000000.0,-2440000000.0,-596000000.0,-484000000.0,1198000000.0,-95000000.0,-143000000.0,1103000000,,1103000000,-143000000.0,960000000,,960000000,960000000,4335000000.0,5450000000.0,4392000000.0,16119000000.0,7825000000.0,874000000.0,43721000000.0,52420000000.0,68539000000,9033000000.0,1458000000.0,10491000000.0,17639000000.0,26029000000.0,36520000000,23771000000.0,-9631000000.0,25440000000.0,32019000000.0,68539000000,960000000.0,754000000.0,446000000.0,-212000000.0,,,,,1948000000.0,-401000000.0,-24000000.0,-11000000.0,-432000000.0,-569000000.0,10000000.0,46000000.0,-513000000.0,954000000,2019-09-30,82.19000244140625,84.38999938964844,82.19000244140625,83.66999816894531,81.10556030273438,4340900.0
2019-12-31,8314000000.0,-3434000000.0,4880000000.0,-3491000000.0,-2413000000.0,-595000000.0,-483000000.0,1389000000.0,-86000000.0,-139000000.0,1303000000,-63000000.0,1240000000,-191000000.0,1049000000,,1049000000,1049000000,4140000000.0,5425000000.0,4316000000.0,15667000000.0,8038000000.0,883000000.0,43299000000.0,52220000000.0,67887000000,9385000000.0,1478000000.0,10863000000.0,16661000000.0,25723000000.0,36586000000,23853000000.0,-10147000000.0,25847000000.0,31301000000.0,67887000000,1049000000.0,756000000.0,855000000.0,-244000000.0,,,,,2416000000.0,-434000000.0,-60000000.0,1000000.0,-489000000.0,-568000000.0,-1128000000.0,-489000000.0,-2185000000.0,-231000000,2019-12-31,86.5,86.98999786376953,86.2699966430664,86.86000061035156,84.53533935546875,3261100.0
2020-03-31,7726000000.0,-3281000000.0,4445000000.0,-3687000000.0,-2548000000.0,-578000000.0,-561000000.0,758000000.0,-125000000.0,-121000000.0,633000000,,633000000,-89000000.0,544000000,20000000.0,564000000,564000000,3668000000.0,5292000000.0,4568000000.0,15498000000.0,7907000000.0,790000000.0,42582000000.0,51279000000.0,66777000000,9340000000.0,1468000000.0,10808000000.0,16804000000.0,25542000000.0,36350000000,23731000000.0,-9913000000.0,25786000000.0,30427000000.0,66777000000,564000000.0,828000000.0,-136000000.0,-541000000.0,,,,,715000000.0,-360000000.0,-36000000.0,,-393000000.0,-638000000.0,50000000.0,-147000000.0,-735000000.0,-483000000,2020-03-31,81.43000030517578,81.48999786376953,78.55999755859375,78.91000366210938,77.12429809570312,23792300.0
2020-06-30,7328000000.0,-3263000000.0,4065000000.0,-3393000000.0,-2276000000.0,-564000000.0,-553000000.0,672000000.0,-146000000.0,-125000000.0,526000000,,526000000,11000000.0,537000000,,537000000,537000000,5037000000.0,5140000000.0,5202000000.0,17221000000.0,8343000000.0,776000000.0,42436000000.0,51555000000.0,68776000000,9464000000.0,1495000000.0,10959000000.0,18184000000.0,27019000000.0,37978000000,23893000000.0,-9904000000.0,25669000000.0,30798000000.0,68776000000,537000000.0,825000000.0,279000000.0,-319000000.0,,,,,1322000000.0,-642000000.0,4000000.0,16000000.0,-619000000.0,-642000000.0,1258000000.0,53000000.0,658000000.0,1386000000,2020-06-30,88.75,91.9000015258789,88.44000244140625,91.43000030517578,89.73727416992188,5220900.0
