Report Date,Revenue,Cost of Revenue,Gross Profit,Operating Expenses,"Selling, General & Administrative",Research & Development,Depreciation & Amortization,Operating Income (Loss),Non-Operating Income (Loss),"Interest Expense, Net","Pretax Income (Loss), Adj.",Abnormal Gains (Losses),Pretax Income (Loss),"Income Tax (Expense) Benefit, Net",Income (Loss) from Continuing Operations,Net Extraordinary Gains (Losses),Net Income,Net Income (Common),"Cash, Cash Equivalents & Short Term Investments",Accounts & Notes Receivable,Inventories,Total Current Assets,"Property, Plant & Equipment, Net",Long Term Investments & Receivables,Other Long Term Assets,Total Noncurrent Assets,Total Assets,Payables & Accruals,Short Term Debt,Total Current Liabilities,Long Term Debt,Total Noncurrent Liabilities,Total Liabilities,Share Capital & Additional Paid-In Capital,Treasury Stock,Retained Earnings,Total Equity,Total Liabilities & Equity,Net Income/Starting Line,Depreciation & Amortization,Non-Cash Items,Change in Working Capital,Change in Accounts Receivable,Change in Inventories,Change in Accounts Payable,Change in Other,Net Cash from Operating Activities,Change in Fixed Assets & Intangibles,Net Change in Long Term Investment,Net Cash from Acquisitions & Divestitures,Net Cash from Investing Activities,Dividends Paid,Cash from (Repayment of) Debt,Cash from (Repurchase of) Equity,Net Cash from Financing Activities,Net Change in Cash,Price Date,Open,High,Low,Close,Adj Close,Volume
2010-01-31,489800000.0,-48500000.0,441300000.0,-406000000.0,-267300000.0,-138700000.0,,35300000.0,-1800000.0,-1800000.0,33500000,-169100000.0,-135600000,30300000.0,-105300000,,-105300000,-105300000,981100000.0,316500000.0,,1388000000.0,120600000.0,7600000.0,904500000.0,1032700000.0,2420700000,309200000.0,,800100000.0,,309900000.0,1110000000,1080400000.0,,241500000.0,1310700000.0,2420700000,-105400000.0,27300000.0,181500000.0,-17000000.0,81800000.0,,-93600000.0,-5200000.0,86400000.0,-19300000.0,70800000.0,-67200000.0,-15700000.0,,48100000.0,1000000.0,49100000.0,121200000,2010-01-29,23.78000068664551,24.10000038146973,23.59000015258789,23.790000915527344,23.790000915527344,5132000.0
2010-04-30,425800000.0,-52300000.0,373500000.0,-355400000.0,-233900000.0,-121500000.0,,18100000.0,,,18100000,-37500000.0,-19400000,-12700000.0,-32100000,,-32100000,-32100000,958900000.0,228600000.0,,1302200000.0,120700000.0,7600000.0,839000000.0,967300000.0,2269500000,226600000.0,,681800000.0,,259200000.0,941000000,1128800000.0,,209400000.0,1328500000.0,2269500000,-32100000.0,27000000.0,61600000.0,-29300000.0,,,,-29300000.0,27200000.0,-13600000.0,-14900000.0,,-38500000.0,,-50000000.0,25400000.0,-24600000.0,-37100000,2010-04-30,34.68000030517578,34.81999969482422,33.880001068115234,33.990001678466804,33.990001678466804,3963100.0
2010-07-31,414900000.0,-50100000.0,364800000.0,-335700000.0,-225900000.0,-109800000.0,,29100000.0,10700000.0,10700000.0,39800000,-26400000.0,13400000,-2900000.0,10500000,,10500000,10500000,936400000.0,223900000.0,,1267300000.0,118300000.0,92300000.0,833200000.0,1043800000.0,2311100000,237300000.0,,661700000.0,,264300000.0,926000000,1166600000.0,,219900000.0,1385100000.0,2311100000,10400000.0,28500000.0,44400000.0,-36000000.0,,,,-36000000.0,47300000.0,-10700000.0,-267600000.0,,-278300000.0,,-2100000.0,18700000.0,16600000.0,-212000000,2010-07-30,28.790000915527344,29.729999542236328,28.63999938964844,29.540000915527344,29.540000915527344,3620600.0
2010-10-31,416900000.0,-45000000.0,371900000.0,-340700000.0,-231400000.0,-109300000.0,,31200000.0,5700000.0,5700000.0,36900000,-4900000.0,32000000,-2500000.0,29500000,,29500000,29500000,961600000.0,215700000.0,,1287100000.0,111900000.0,92000000.0,824400000.0,1028300000.0,2315400000,226100000.0,,627300000.0,,256400000.0,883700000,1194200000.0,,233800000.0,1431700000.0,2315400000,29600000.0,28900000.0,35200000.0,-47000000.0,,,,-47000000.0,46700000.0,-5900000.0,7200000.0,-3600000.0,-2300000.0,,0.0,-16000000.0,-16000000.0,30000000,2010-10-29,35.310001373291016,36.290000915527344,35.310001373291016,36.20000076293945,36.20000076293945,1888800.0
2011-01-31,456100000.0,-44400000.0,411700000.0,-355300000.0,-238400000.0,-116900000.0,,56400000.0,2700000.0,2700000.0,59100000,-400000.0,58700000,-8600000.0,50100000,,50100000,50100000,1000600000.0,277400000.0,,1379600000.0,101600000.0,125600000.0,840400000.0,1067600000.0,2447200000,259400000.0,,704000000.0,,269700000.0,973700000,1204300000.0,,272700000.0,1473500000.0,2447200000,50100000.0,27100000.0,8100000.0,40300000.0,37300000.0,,-80300000.0,83300000.0,125600000.0,-1500000.0,61500000.0,-22500000.0,36100000.0,,0.0,-21300000.0,-21300000.0,140200000,2011-01-31,39.9900016784668,40.75,39.88000106811523,40.68000030517578,40.68000030517578,2263800.0
2011-04-30,474600000.0,-51300000.0,423300000.0,-365400000.0,-238200000.0,-127200000.0,,57900000.0,-3400000.0,-3400000.0,54500000,-7100000.0,47400000,-10500000.0,36900000,,36900000,36900000,1059800000.0,218100000.0,,1394000000.0,95500000.0,179500000.0,832700000.0,1107700000.0,2501700000,240400000.0,,711000000.0,,276600000.0,987600000,1237600000.0,,277600000.0,1514100000.0,2501700000,36900000.0,26700000.0,31400000.0,44100000.0,,,,44100000.0,139100000.0,-5800000.0,-10700000.0,,-16500000.0,,,-22600000.0,-22600000.0,99400000,2011-04-29,44.95000076293945,45.31000137329102,44.810001373291016,44.97999954223633,44.97999954223633,2960600.0
2011-07-31,472800000.0,-48400000.0,424400000.0,-342700000.0,-223400000.0,-119300000.0,,81700000.0,100000.0,100000.0,81800000,-1900000.0,79900000,-20000000.0,59900000,,59900000,59900000,1086600000.0,231000000.0,,1417400000.0,88500000.0,184100000.0,835000000.0,1107600000.0,2525000000,268900000.0,,723100000.0,,276100000.0,999200000,1225100000.0,,303600000.0,1525800000.0,2525000000,59900000.0,26300000.0,22900000.0,2400000.0,,,,2400000.0,111500000.0,-5300000.0,-119400000.0,-8500000.0,-133700000.0,,,-66500000.0,-66500000.0,-88100000,2011-07-29,34.029998779296875,34.790000915527344,33.669998168945305,34.400001525878906,34.400001525878906,2910500.0
2011-10-31,476700000.0,-48500000.0,428200000.0,-359000000.0,-236200000.0,-122800000.0,,69200000.0,2500000.0,2500000.0,71700000,,71700000,-18100000.0,53600000,,53600000,53600000,1136800000.0,240100000.0,,1470800000.0,84800000.0,199800000.0,825700000.0,1110300000.0,2581100000,304700000.0,,734700000.0,,290300000.0,1025000000,1242100000.0,,318000000.0,1556100000.0,2581100000,53600000.0,26600000.0,17000000.0,17100000.0,,,,17100000.0,114300000.0,-7000000.0,-8500000.0,0.0,-19000000.0,,,-38600000.0,-38600000.0,54300000,2011-10-31,35.25,35.310001373291016,34.459999084472656,34.59999847412109,34.59999847412109,3459900.0
2012-01-31,527700000.0,-48400000.0,479300000.0,-405900000.0,-279000000.0,-126900000.0,,73400000.0,1400000.0,1400000.0,74800000,-1800000.0,73000000,-11400000.0,61600000,,61600000,61600000,1274300000.0,318400000.0,,1714300000.0,84500000.0,192600000.0,796200000.0,1073300000.0,2787600000,373600000.0,,869800000.0,,308500000.0,1178300000,1267200000.0,,342700000.0,1609300000.0,2787600000,61600000.0,25800000.0,16100000.0,72400000.0,-40700000.0,,85700000.0,27400000.0,175900000.0,-10200000.0,42100000.0,-5000000.0,26900000.0,,0.0,-31700000.0,-31700000.0,170800000,2012-01-31,36.18999862670898,36.22999954223633,35.68000030517578,36.0,36.0,1906100.0
2012-04-30,528300000.0,-54600000.0,473700000.0,-395100000.0,-258500000.0,-136600000.0,,78600000.0,5900000.0,5900000.0,84500000,,84500000,-15200000.0,69300000,,69300000,69300000,1349800000.0,271000000.0,,1732400000.0,99800000.0,175900000.0,894100000.0,1169800000.0,2902200000,300600000.0,,819500000.0,,331500000.0,1151000000,1363500000.0,,382900000.0,1751200000.0,2902200000,69300000.0,24500000.0,25900000.0,8700000.0,,,,8700000.0,128400000.0,-23200000.0,-38600000.0,-76400000.0,-152700000.0,,,42700000.0,42700000.0,16300000,2012-04-30,39.5,39.61000061035156,39.16999816894531,39.36999893188477,39.36999893188477,1405800.0
2012-07-31,546300000.0,-57400000.0,488900000.0,-395200000.0,-256000000.0,-139200000.0,,93700000.0,-800000.0,-800000.0,92900000,1300000.0,94200000,-23000000.0,71200000,,71200000,71200000,1373300000.0,297000000.0,,1778800000.0,105200000.0,179200000.0,910500000.0,1194900000.0,2973700000,301800000.0,,827100000.0,,357500000.0,1184600000,1356500000.0,,418300000.0,1789100000.0,2973700000,71200000.0,29700000.0,12500000.0,18800000.0,,,,18800000.0,132200000.0,-16600000.0,13100000.0,-18000000.0,-22100000.0,,,-82500000.0,-69000000.0,40100000,2012-07-31,34.110000610351555,34.34999847412109,33.810001373291016,33.919998168945305,33.919998168945305,1800000.0
2012-10-31,548600000.0,-59600000.0,489000000.0,-398800000.0,-257600000.0,-141200000.0,,90200000.0,1100000.0,1100000.0,91300000,0.0,91300000,-18500000.0,72800000,,72800000,72800000,1343600000.0,259200000.0,,1698600000.0,102100000.0,190600000.0,1013700000.0,1306400000.0,3005000000,313700000.0,,813600000.0,,363900000.0,1177500000,1359900000.0,,464200000.0,1827500000.0,3005000000,72800000.0,31000000.0,6100000.0,27800000.0,,,,27800000.0,137700000.0,-8900000.0,-12700000.0,-88300000.0,-118300000.0,,0.0,-67600000.0,-48100000.0,-28200000,2012-10-31,32.279998779296875,32.509998321533196,31.65999984741211,31.85000038146973,31.85000038146973,4332600.0
2013-01-31,592400000.0,-57500000.0,534900000.0,-443100000.0,-293600000.0,-149500000.0,,91800000.0,1100000.0,1100000.0,92900000,0.0,92900000,-20900000.0,72000000,,72000000,72000000,1411300000.0,395100000.0,,1895900000.0,104500000.0,192800000.0,1034600000.0,1331900000.0,3227800000,371800000.0,,954100000.0,0.0,390800000.0,1344900000,1365400000.0,,511600000.0,1882900000.0,3227800000,72000000.0,30300000.0,-2600000.0,75500000.0,-71800000.0,,2900000.0,144400000.0,175200000.0,-14300000.0,-16900000.0,-39000000.0,-77200000.0,,0.0,-43900000.0,-45400000.0,53600000,2013-01-31,38.77000045776367,39.29999923706055,38.61999893188477,38.88000106811523,38.88000106811523,2723400.0
2013-04-30,588600000.0,-58800000.0,529800000.0,-435800000.0,-283100000.0,-152700000.0,,94000000.0,3500000.0,3500000.0,97500000,0.0,97500000,-18600000.0,78900000,,78900000,78900000,1512000000.0,300600000.0,,1912100000.0,104000000.0,284100000.0,1016800000.0,1404900000.0,3317000000,290800000.0,,875500000.0,,396200000.0,1271700000,1496200000.0,,545400000.0,2045300000.0,3317000000,78900000.0,29200000.0,22400000.0,8800000.0,,,,8800000.0,139300000.0,-11500000.0,-270500000.0,0.0,-287000000.0,,,53800000.0,63700000.0,-82400000,2013-04-30,38.2400016784668,39.38000106811523,38.13999938964844,39.38000106811523,39.38000106811523,5426200.0
2013-07-31,568700000.0,-59800000.0,508900000.0,-416000000.0,-271100000.0,-144900000.0,,92900000.0,-800000.0,-800000.0,92100000,0.0,92100000,-27500000.0,64600000,,64600000,64600000,1430700000.0,361400000.0,,1902700000.0,109000000.0,286100000.0,1078100000.0,1473200000.0,3375900000,310500000.0,,901400000.0,,423200000.0,1324600000,1457300000.0,,593400000.0,2051300000.0,3375900000,64600000.0,28900000.0,20300000.0,-6700000.0,,,,-6700000.0,107100000.0,-16700000.0,-65400000.0,-69200000.0,-164300000.0,,,-105300000.0,-87100000.0,-144300000,2013-07-31,36.5099983215332,36.68000030517578,34.72999954223633,35.38999938964844,35.38999938964844,4517500.0
2013-10-31,548000000.0,-57900000.0,490100000.0,-419000000.0,-266000000.0,-153000000.0,,71100000.0,-100000.0,-100000.0,71000000,-36700000.0,34300000,-4900000.0,29400000,,29400000,29400000,1329100000.0,293300000.0,,1724600000.0,114600000.0,408300000.0,1181700000.0,1704600000.0,3429200000,317200000.0,,985300000.0,,426000000.0,1411300000,1438900000.0,,585400000.0,2017900000.0,3429200000,29400000.0,35000000.0,89800000.0,2900000.0,,,,2900000.0,157100000.0,-16500000.0,-123600000.0,-135000000.0,-279200000.0,,110000000.0,-89400000.0,19900000.0,-103200000,2013-10-31,40.099998474121094,40.34000015258789,39.849998474121094,39.900001525878906,39.900001525878906,2224700.0
2014-01-31,606900000.0,-62000000.0,544900000.0,-453100000.0,-261600000.0,-149400000.0,-42100000.0,91800000.0,1500000.0,1500000.0,93300000,-7200000.0,86100000,-11600000.0,74500000,,74500000,74500000,1954300000.0,495100000.0,,2552400000.0,114900000.0,411100000.0,1230000000.0,1756000000.0,4308400000,396700000.0,,1043700000.0,745600000.0,1221500000.0,2265200000,1449800000.0,,599100000.0,2043200000.0,4308400000,74500000.0,34700000.0,33200000.0,13200000.0,-98100000.0,,-28300000.0,139600000.0,155600000.0,-11700000.0,159500000.0,-59500000.0,83300000.0,,635600000.0,-70100000.0,544900000.0,785200000,2014-01-31,50.77000045776367,51.63000106811523,50.70000076293945,51.25,51.25,2155300.0
2014-04-30,570400000.0,-67500000.0,502900000.0,-421100000.0,-270300000.0,-150800000.0,,81800000.0,-8800000.0,-8800000.0,73000000,-400000.0,72600000,-17000000.0,55600000,,55600000,55600000,2087900000.0,285800000.0,,2511100000.0,129000000.0,392000000.0,1257600000.0,1778600000.0,4289700000,316100000.0,,979800000.0,745800000.0,1225400000.0,2205200000,1499500000.0,,587000000.0,2084500000.0,4289700000,55600000.0,33100000.0,31600000.0,103800000.0,,,,103800000.0,224100000.0,-25800000.0,-67600000.0,-34700000.0,-131700000.0,,,-59200000.0,-50200000.0,43600000,2014-04-30,47.4000015258789,48.02000045776367,47.11000061035156,48.02000045776367,48.02000045776367,1624600.0
2014-07-31,561700000.0,-67800000.0,493900000.0,-408600000.0,-250400000.0,-148900000.0,-9300000.0,85300000.0,-1800000.0,-1800000.0,83500000,-1700000.0,81800000,-20100000.0,61700000,,61700000,61700000,1997900000.0,303900000.0,,2436500000.0,133400000.0,410100000.0,1243300000.0,1786800000.0,4223300000,319000000.0,,955900000.0,746000000.0,1216300000.0,2172200000,1455800000.0,,602800000.0,2051100000.0,4223300000,61700000.0,32000000.0,33900000.0,-62300000.0,,,,-62300000.0,65300000.0,-16800000.0,-182700000.0,-12500000.0,-213800000.0,,,-100800000.0,-106600000.0,-254800000,2014-07-31,54.97999954223633,55.18999862670898,53.16999816894531,53.349998474121094,53.349998474121094,2805800.0
2014-10-31,555200000.0,-67100000.0,488100000.0,-415600000.0,-259200000.0,-149000000.0,-7400000.0,72500000.0,1100000.0,1100000.0,73600000,-4400000.0,69200000,-11600000.0,57600000,,57600000,57600000,2060500000.0,304100000.0,,2517900000.0,134100000.0,418500000.0,1251000000.0,1803600000.0,4321500000,337300000.0,,948100000.0,746200000.0,1211500000.0,2159600000,1535100000.0,,630900000.0,2161900000.0,4321500000,57600000.0,30600000.0,34800000.0,-32400000.0,,,,-32400000.0,90600000.0,-12400000.0,5500000.0,-20800000.0,-38000000.0,,,24700000.0,20700000.0,72400000,2014-10-31,58.5099983215332,58.7400016784668,57.47000122070313,57.540000915527344,57.540000915527344,2370300.0
2015-01-31,824900000.0,-139700000.0,685200000.0,-801000000.0,-501400000.0,-276500000.0,-23100000.0,-115800000.0,-28200000.0,-28200000.0,-144000000,3400000.0,-140600000,47500000.0,-93100000,,-93100000,-93100000,2267100000.0,423700000.0,,2835000000.0,130300000.0,277300000.0,1352400000.0,1760000000.0,4595000000,375300000.0,,1071500000.0,746400000.0,1262000000.0,2333500000,1637300000.0,,624800000.0,2261500000.0,4595000000,-93100000.0,50200000.0,65800000.0,305700000.0,-17300000.0,,130800000.0,192200000.0,328600000.0,-20500000.0,48700000.0,-562000000.0,-522100000.0,,0.0,-61700000.0,-104300000.0,-303600000,2015-01-30,54.77999877929688,55.31999969482422,53.88999938964844,54.0099983215332,54.0099983215332,1478000.0
2015-04-30,592500000.0,-78700000.0,513800000.0,-469300000.0,-287900000.0,-170500000.0,-10900000.0,44500000.0,-6600000.0,-6600000.0,37900000,-2300000.0,35600000,-7300000.0,28300000,,28300000,28300000,2119700000.0,323300000.0,,2590300000.0,142100000.0,268200000.0,1648000000.0,2058300000.0,4648600000,369000000.0,,1118700000.0,746600000.0,1241200000.0,2359900000,1683100000.0,,600000000.0,2288700000.0,4648600000,28300000.0,36100000.0,65300000.0,89000000.0,117200000.0,,-44800000.0,16600000.0,218700000.0,-14500000.0,-84100000.0,-322300000.0,-421700000.0,,,-40300000.0,-40300000.0,-243400000,2015-04-30,58.9000015258789,58.91999816894531,56.38000106811523,56.83000183105469,56.83000183105469,5330000.0
2015-07-31,637100000.0,-87900000.0,549200000.0,-498500000.0,-309100000.0,-179300000.0,-10100000.0,50700000.0,-7000000.0,-7000000.0,43700000,-800000.0,42900000,-11600000.0,31300000,,31300000,31300000,1906400000.0,365300000.0,,2450000000.0,146900000.0,262100000.0,1844400000.0,2253400000.0,4703400000,394300000.0,,1157300000.0,746800000.0,1262700000.0,2420000000,1697100000.0,,584000000.0,2283400000.0,4703400000,31300000.0,37200000.0,17800000.0,9900000.0,-40900000.0,,23300000.0,27500000.0,96200000.0,-17100000.0,-65700000.0,-226000000.0,-308700000.0,,0.0,-72700000.0,-74400000.0,-286500000,2015-07-31,50.91999816894531,51.099998474121094,50.38000106811523,50.58000183105469,50.58000183105469,1672000.0
2015-10-31,618000000.0,-86000000.0,532000000.0,-517400000.0,-324000000.0,-183900000.0,-9500000.0,14600000.0,-3000000.0,-3000000.0,11600000,0.0,11600000,-900000.0,10700000,,10700000,10700000,1901400000.0,375700000.0,,2458700000.0,160400000.0,255500000.0,1862200000.0,2278100000.0,4736800000,418200000.0,,1193300000.0,747000000.0,1275000000.0,2468300000,1731200000.0,,538600000.0,2268500000.0,4736800000,10700000.0,36600000.0,32300000.0,56400000.0,-10400000.0,,29100000.0,37700000.0,136000000.0,-28400000.0,34700000.0,-55500000.0,-47300000.0,,0.0,-65000000.0,-65000000.0,21900000,2015-10-30,53.06999969482422,55.599998474121094,53.0,55.18999862670898,55.18999862670898,3082000.0
2016-01-31,656500000.0,-118100000.0,538400000.0,-646900000.0,-387900000.0,-256300000.0,-2700000.0,-108500000.0,-5000000.0,-5000000.0,-113500000,3100000.0,-110400000,-290400000.0,-400800000,,-400800000,-400800000,2250900000.0,653600000.0,,2993100000.0,169300000.0,532300000.0,1820600000.0,2522200000.0,5515300000,522100000.0,0.0,1591000000.0,1487700000.0,2304700000.0,3895700000,1821500000.0,,-80800000.0,1619600000.0,5515300000,-400800000.0,35900000.0,292700000.0,35300000.0,-261400000.0,,17300000.0,279400000.0,-36900000.0,-12400000.0,-429000000.0,455300000.0,-31800000.0,,748300000.0,-169200000.0,522900000.0,450400000,2016-01-29,45.72000122070313,46.83000183105469,45.34000015258789,46.81999969482422,46.81999969482422,2273700.0
2016-04-30,511900000.0,-92400000.0,419500000.0,-516900000.0,-315500000.0,-193500000.0,-7900000.0,-97400000.0,-3600000.0,-3600000.0,-101000000,-52300000.0,-153300000,-14400000.0,-167700000,,-167700000,-167700000,1830900000.0,316000000.0,,2341000000.0,156900000.0,440300000.0,1837700000.0,2434900000.0,4775900000,376900000.0,,1270300000.0,747400000.0,1281200000.0,2551500000,1816200000.0,,464200000.0,2224400000.0,4775900000,-167700000.0,37400000.0,118400000.0,176300000.0,397400000.0,,-80700000.0,-140400000.0,164400000.0,-22300000.0,-147300000.0,-59600000.0,-230200000.0,,,-48900000.0,-67200000.0,-129600000,2016-04-29,60.93000030517578,61.2400016784668,59.13999938964844,59.81999969482422,59.81999969482422,1742800.0
2016-07-31,550700000.0,-85100000.0,465600000.0,-512500000.0,-311700000.0,-193000000.0,-7800000.0,-46900000.0,-10100000.0,-10100000.0,-57000000,-16000000.0,-73000000,-25200000.0,-98200000,,-98200000,-98200000,2389900000.0,394100000.0,,2899800000.0,158200000.0,562500000.0,1721300000.0,2442000000.0,5341800000,432200000.0,,1313800000.0,1486200000.0,2125900000.0,3439700000,1808000000.0,,164400000.0,1902100000.0,5341800000,-98200000.0,33000000.0,40400000.0,6800000.0,-50500000.0,,36100000.0,21200000.0,-18000000.0,-20300000.0,482400000.0,-25600000.0,430800000.0,,0.0,-166900000.0,-168500000.0,243900000,2016-07-29,59.5,59.66999816894531,58.63999938964844,59.45000076293945,59.45000076293945,1194300.0
2016-10-31,489600000.0,-81500000.0,408100000.0,-524800000.0,-325400000.0,-192600000.0,-6800000.0,-116700000.0,-9400000.0,-9400000.0,-126100000,-3200000.0,-129300000,-13500000.0,-142800000,,-142800000,-142800000,2284300000.0,362300000.0,,2747500000.0,155300000.0,540100000.0,1777100000.0,2472500000.0,5220000000,434200000.0,,1311200000.0,1486900000.0,2175700000.0,3486900000,1809900000.0,,9700000.0,1733100000.0,5220000000,-142800000.0,34100000.0,39000000.0,77400000.0,46900000.0,,-27300000.0,57800000.0,7700000.0,-22500000.0,115800000.0,0.0,85200000.0,,0.0,-79600000.0,-118600000.0,-30800000,2016-10-31,72.29000091552734,72.66000366210938,71.4800033569336,72.27999877929688,72.27999877929688,1397400.0
2017-01-31,478800000.0,-82900000.0,395900000.0,-554000000.0,-357700000.0,-187000000.0,-9300000.0,-158100000.0,-1100000.0,-1100000.0,-159200000,-9000000.0,-168200000,-5200000.0,-173400000,,-173400000,-173400000,1899900000.0,452300000.0,,2460600000.0,158600000.0,306200000.0,1872700000.0,2337500000.0,4798100000,516600000.0,398700000.0,2185400000.0,1092000000.0,1879100000.0,4064500000,1876300000.0,,-964200000.0,733600000.0,4798100000,-173400000.0,34700000.0,58000000.0,96300000.0,-192300000.0,,74600000.0,214000000.0,15600000.0,-10900000.0,-3900000.0,0.0,-13800000.0,,0.0,-206700000.0,-224000000.0,-223400000,2017-01-31,80.87999725341797,81.3499984741211,79.80000305175781,81.33999633789062,81.33999633789062,1249500.0
2017-04-30,485700000.0,-78200000.0,407500000.0,-527400000.0,-334000000.0,-187700000.0,-5700000.0,-119900000.0,-1800000.0,-1800000.0,-121700000,300000.0,-121400000,-8200000.0,-129600000,,-129600000,-129600000,1811300000.0,231500000.0,,2139700000.0,150400000.0,264400000.0,1876900000.0,2291700000.0,4431400000,359000000.0,399100000.0,2049600000.0,1092400000.0,1873700000.0,3923300000,1899000000.0,,-1224600000.0,508100000.0,4431400000,-129600000.0,28400000.0,73400000.0,73000000.0,220900000.0,,-133100000.0,-14800000.0,45200000.0,-8600000.0,263200000.0,0.0,258500000.0,,,-145800000.0,-178800000.0,127100000,2017-04-28,90.7699966430664,90.7699966430664,89.19999694824219,90.06999969482422,90.06999969482422,1628900.0
2017-07-31,501800000.0,-74600000.0,427200000.0,-534300000.0,-335600000.0,-193800000.0,-4900000.0,-107100000.0,-18800000.0,-18800000.0,-125900000,-500000.0,-126400000,-17600000.0,-144000000,,-144000000,-144000000,1707700000.0,265600000.0,,2083300000.0,153000000.0,236000000.0,1881700000.0,2270700000.0,4354000000,393200000.0,0.0,1701700000.0,1584900000.0,2336800000.0,4038500000,1934800000.0,,-1466400000.0,315500000.0,4354000000,-144000000.0,28400000.0,74700000.0,-31600000.0,-35400000.0,,37300000.0,-33500000.0,-72500000.0,-17800000.0,-31800000.0,0.0,-57800000.0,,96900000.0,-113500000.0,-39200000.0,-166100000,2017-07-31,111.6500015258789,112.31999969482422,109.77999877929688,110.79000091552734,110.79000091552734,1393800.0
2017-10-31,515300000.0,-77500000.0,437800000.0,-537800000.0,-341300000.0,-191800000.0,-4700000.0,-100000000.0,-11200000.0,-11200000.0,-111200000,0.0,-111200000,-8600000.0,-119800000,,-119800000,-119800000,1453900000.0,307800000.0,,1871900000.0,148100000.0,264300000.0,1867700000.0,2280100000.0,4152000000,416900000.0,0.0,1750000000.0,1585400000.0,2294700000.0,4044700000,1930800000.0,,-1668000000.0,107300000.0,4152000000,-119800000.0,24700000.0,77000000.0,-33000000.0,-42200000.0,,26500000.0,-17300000.0,-51100000.0,-12900000.0,78300000.0,0.0,58200000.0,,0.0,-85400000.0,-156200000.0,-148900000,2017-10-31,124.27999877929688,125.01000213623048,123.41999816894531,124.95999908447266,124.95999908447266,1839900.0
2018-01-31,553800000.0,-73100000.0,480700000.0,-568700000.0,-381600000.0,-182200000.0,-4900000.0,-88000000.0,-16400000.0,-16400000.0,-104400000,-93900000.0,-198300000,24800000.0,-173500000,,-173500000,-173500000,1323200000.0,438200000.0,,1877900000.0,145000000.0,190800000.0,1899900000.0,2235700000.0,4113600000,571600000.0,,2123200000.0,1586000000.0,2246400000.0,4369600000,1952700000.0,,-2084900000.0,-256000000.0,4113600000,-173500000.0,26900000.0,98600000.0,127300000.0,-130000000.0,,55400000.0,201900000.0,79300000.0,-11400000.0,259600000.0,0.0,247500000.0,,0.0,-259900000.0,-282400000.0,52800000,2018-01-31,115.6500015258789,116.63999938964844,114.9000015258789,115.62000274658205,115.62000274658205,1119800.0
2018-04-30,559900000.0,-66800000.0,493100000.0,-525900000.0,-349300000.0,-172800000.0,-3800000.0,-32800000.0,-8500000.0,-8500000.0,-41300000,-22500000.0,-63800000,-18600000.0,-82400000,,-82400000,-82400000,1292900000.0,206700000.0,,1698000000.0,158200000.0,171500000.0,1883700000.0,2213400000.0,3911400000,383400000.0,,1852600000.0,1586600000.0,2187400000.0,4040000000,2001000000.0,,-1995800000.0,-128600000.0,3911400000,-82400000.0,24100000.0,100700000.0,-59300000.0,231400000.0,,-227700000.0,-63000000.0,-16900000.0,-16700000.0,64900000.0,,47600000.0,,,27100000.0,-11700000.0,15000000,2018-04-30,127.31999969482422,128.08999633789062,125.80999755859376,125.9000015258789,125.9000015258789,1448500.0
2018-07-31,611700000.0,-69800000.0,541900000.0,-552800000.0,-368200000.0,-180800000.0,-3800000.0,-10900000.0,1300000.0,1300000.0,-9600000,-13800000.0,-23400000,-16000000.0,-39400000,,-39400000,-39400000,1169800000.0,234400000.0,,1598800000.0,146800000.0,128100000.0,1959300000.0,2234200000.0,3833000000,423600000.0,,1915100000.0,1587200000.0,2159500000.0,4074600000,2012500000.0,,-2103200000.0,-241600000.0,3833000000,-39400000.0,22200000.0,45600000.0,14900000.0,-27200000.0,,26400000.0,15700000.0,43300000.0,-20000000.0,-28400000.0,-34100000.0,-87900000.0,,0.0,-131400000.0,-145600000.0,-197600000,2018-07-31,127.41000366210938,130.44999694824222,126.58000183105469,128.44000244140622,128.44000244140622,1913200.0
2018-10-31,660900000.0,-72300000.0,588600000.0,-570200000.0,-385000000.0,-181000000.0,-4200000.0,18400000.0,-3200000.0,-3200000.0,15200000,-3700000.0,11500000,-35200000.0,-23700000,,-23700000,-23700000,1078200000.0,309000000.0,,1590000000.0,144700000.0,114800000.0,1924900000.0,2184400000.0,3774400000,467900000.0,,1985500000.0,1587800000.0,2127200000.0,4112700000,2009100000.0,,-2189900000.0,-338300000.0,3774400000,-23700000.0,23500000.0,95000000.0,-55600000.0,-74800000.0,,20300000.0,-1100000.0,39200000.0,-12700000.0,84400000.0,0.0,80000000.0,,0.0,-66900000.0,-134600000.0,-19700000,2018-10-31,128.27999877929688,132.5,127.66999816894531,129.25,129.25,2260500.0
2019-01-31,737300000.0,-77000000.0,660300000.0,-618100000.0,-421500000.0,-190400000.0,-6200000.0,42200000.0,-7300000.0,-7300000.0,34900000,-1900000.0,33000000,31700000.0,64700000,,64700000,64700000,953600000.0,474300000.0,,1620000000.0,149700000.0,,2959500000.0,3109200000.0,4729200000,537900000.0,0.0,2301200000.0,2087700000.0,2638900000.0,4940100000,2071500000.0,,-2147400000.0,-210900000.0,4729200000,64700000.0,25400000.0,35300000.0,186100000.0,-154800000.0,,122500000.0,218400000.0,311500000.0,-17600000.0,271900000.0,-1006100000.0,-750100000.0,,500000000.0,-31400000.0,443800000.0,10300000,2019-01-31,146.1999969482422,148.57000732421875,145.86000061035156,147.1999969482422,147.1999969482422,1416300.0
2019-04-30,735500000.0,-82700000.0,652800000.0,-627800000.0,-412400000.0,-205600000.0,-9800000.0,25000000.0,-16200000.0,-16200000.0,8800000,-200000.0,8600000,-32800000.0,-24200000,,-24200000,-24200000,972100000.0,268100000.0,,1422300000.0,152600000.0,,3233600000.0,3386200000.0,4808500000,384000000.0,,2220700000.0,1963300000.0,2833100000.0,5053800000,2123100000.0,,-2226800000.0,-245300000.0,4808500000,-24200000.0,32700000.0,115100000.0,97600000.0,206200000.0,,-172600000.0,64000000.0,221200000.0,-14700000.0,-15200000.0,,-29200000.0,,-125000000.0,-41600000.0,-192400000.0,-2800000,2019-04-30,176.6699981689453,178.4199981689453,175.3800048828125,178.2100067138672,178.2100067138672,1072200.0
2019-07-31,796800000.0,-79500000.0,717300000.0,-643300000.0,-418200000.0,-215400000.0,-9700000.0,74000000.0,-7300000.0,-7300000.0,66700000,-200000.0,66500000,-26300000.0,40200000,,40200000,40200000,991300000.0,347400000.0,,1515500000.0,151400000.0,,3205800000.0,3357200000.0,4872700000,427100000.0,449200000.0,2707300000.0,1389800000.0,2359700000.0,5067000000,2200700000.0,,-2224300000.0,-194300000.0,4872700000,40200000.0,32100000.0,80300000.0,66700000.0,-80400000.0,,34500000.0,112600000.0,219300000.0,-14800000.0,22700000.0,0.0,-3300000.0,,-125000000.0,-43300000.0,-173700000.0,40700000,2019-07-31,160.27999877929688,160.60000610351562,154.2899932861328,156.1699981689453,156.1699981689453,1676100.0
2019-10-31,842700000.0,-79500000.0,763200000.0,-652500000.0,-429800000.0,-213000000.0,-9700000.0,110700000.0,-14200000.0,-14200000.0,96500000,-100000.0,96400000,-29700000.0,66700000,,66700000,66700000,1024500000.0,520300000.0,,1706800000.0,151500000.0,,3178300000.0,3329800000.0,5036600000,504800000.0,449400000.0,2840200000.0,1290300000.0,2367900000.0,5208100000,2225100000.0,,-2240300000.0,-171500000.0,5036600000,66700000.0,31600000.0,121200000.0,56900000.0,-173000000.0,,43900000.0,186000000.0,276400000.0,-9700000.0,0.0,0.0,-10200000.0,,-100000000.0,-85200000.0,-233900000.0,32300000,2019-10-31,148.75999450683594,149.0399932861328,145.33999633789062,147.36000061035156,147.36000061035156,1048000.0
2020-01-31,899300000.0,-83200000.0,816100000.0,-682300000.0,-455500000.0,-217100000.0,-9700000.0,133800000.0,-10500000.0,-10500000.0,123300000,0.0,123300000,8500000.0,131800000,,131800000,131800000,1843700000.0,652300000.0,,2659300000.0,161700000.0,,3358300000.0,3520000000.0,6179300000,545300000.0,449700000.0,3219200000.0,1635100000.0,3099200000.0,6318400000,2317000000.0,,-2295800000.0,-139100000.0,6179300000,131800000.0,30900000.0,44700000.0,490800000.0,-131300000.0,,3400000.0,618700000.0,698200000.0,-14000000.0,0.0,0.0,-14600000.0,,348900000.0,-178700000.0,133200000.0,818500000,2020-01-31,198.7700042724609,199.32000732421875,193.30999755859372,196.8500061035156,196.8500061035156,1616600.0
2020-04-30,885700000.0,-81900000.0,803800000.0,-673200000.0,-446100000.0,-217400000.0,-9700000.0,130600000.0,-40100000.0,-40100000.0,90500000,,90500000,-24000000.0,66500000,,66500000,66500000,1466900000.0,356500000.0,,2024300000.0,164200000.0,,3355400000.0,3519600000.0,5543900000,368400000.0,0.0,2578300000.0,1635600000.0,3104700000.0,5683000000,2401300000.0,,-2361300000.0,-139100000.0,5543900000,66500000.0,30000000.0,134400000.0,96399999.0,295500000.0,,-154600000.0,-44500001.0,327299999.0,-19900000.0,-11000000.0,,-78000000.0,,-450000000.0,-145200000.0,-630200000.0,-385000000,2020-04-30,187.0,189.5500030517578,185.13999938964844,187.1300048828125,187.1300048828125,1941400.0
2020-07-31,913100000.0,-80900000.0,832200000.0,-686100000.0,-444100000.0,-232500000.0,-9500000.0,146100000.0,-17100000.0,-17100000.0,129000000,0.0,129000000,-30800000.0,98200000,,98200000,98200000,1519500000.0,490100000.0,,2203900000.0,177800000.0,,3365600000.0,3543400000.0,5747300000,463700000.0,0.0,2619600000.0,1636100000.0,3060400000.0,5680000000,2492700000.0,,-2270900000.0,67300000.0,5747300000,98200000.0,30000000.0,110200000.0,-147199999.0,-132800000.0,,111800000.0,-126199999.0,91200001.0,-26800000.0,5000000.0,,-33800000.0,,0.0,-5300000.0,-12400000.0,50100000,2020-07-31,238.3600006103516,238.3600006103516,231.5,236.42999267578125,236.42999267578125,1144200.0
