Report Date,Revenue,Cost of Revenue,Gross Profit,Operating Expenses,"Selling, General & Administrative",Research & Development,Depreciation & Amortization,Operating Income (Loss),Non-Operating Income (Loss),"Interest Expense, Net","Pretax Income (Loss), Adj.",Abnormal Gains (Losses),Pretax Income (Loss),"Income Tax (Expense) Benefit, Net",Income (Loss) from Continuing Operations,Net Extraordinary Gains (Losses),Net Income,Net Income (Common),"Cash, Cash Equivalents & Short Term Investments",Accounts & Notes Receivable,Inventories,Total Current Assets,"Property, Plant & Equipment, Net",Long Term Investments & Receivables,Other Long Term Assets,Total Noncurrent Assets,Total Assets,Payables & Accruals,Short Term Debt,Total Current Liabilities,Long Term Debt,Total Noncurrent Liabilities,Total Liabilities,Share Capital & Additional Paid-In Capital,Treasury Stock,Retained Earnings,Total Equity,Total Liabilities & Equity,Net Income/Starting Line,Depreciation & Amortization,Non-Cash Items,Change in Working Capital,Change in Accounts Receivable,Change in Inventories,Change in Accounts Payable,Change in Other,Net Cash from Operating Activities,Change in Fixed Assets & Intangibles,Net Change in Long Term Investment,Net Cash from Acquisitions & Divestitures,Net Cash from Investing Activities,Dividends Paid,Cash from (Repayment of) Debt,Cash from (Repurchase of) Equity,Net Cash from Financing Activities,Net Change in Cash,Price Date,Open,High,Low,Close,Adj Close,Volume
2010-06-30,1653000000.0,-915000000.0,738000000.0,-617000000.0,-229000000.0,-371000000.0,-17000000.0,121000000.0,-53000000.0,-52000000.0,68000000,4000000.0,72000000,5000000.0,-43000000,,-43000000,-43000000,1896000000.0,725000000.0,581000000.0,3313000000.0,755000000.0,148000000.0,739000000.0,1642000000.0,4955000000,1285000000.0,162000000.0,1630000000.0,2418000000.0,2573000000.0,4203000000,6569000000.0,-99000000.0,-5725000000.0,752000000.0,4955000000,-43000000.0,100000000.0,133000000.0,-288000000.0,,,,,-98000000.0,-31000000.0,530000000.0,0.0,516000000.0,,9000000.0,4000000.0,24000000.0,442000000,2010-06-30,7.579999923706055,7.6500000953674325,7.300000190734862,7.320000171661378,7.320000171661378,26406200.0
2010-09-30,1618000000.0,-879000000.0,739000000.0,-611000000.0,-236000000.0,-359000000.0,-16000000.0,128000000.0,-59000000.0,-53000000.0,69000000,,69000000,-1000000.0,-118000000,,-118000000,-118000000,1726000000.0,765000000.0,622000000.0,3212000000.0,723000000.0,,660000000.0,1383000000.0,4595000000,1281000000.0,212000000.0,1665000000.0,2185000000.0,2316000000.0,3981000000,6547000000.0,-102000000.0,-5843000000.0,614000000.0,4595000000,-118000000.0,94000000.0,233000000.0,-333000000.0,,,,,-124000000.0,-30000000.0,-296000000.0,0.0,-321000000.0,,-18000000.0,2000000.0,-19000000.0,-464000000,2010-09-30,7.389999866485597,7.440000057220459,6.989999771118164,7.110000133514403,7.110000133514403,38514800.0
2010-12-31,1649000000.0,-906000000.0,743000000.0,-613000000.0,-250000000.0,-352000000.0,-11000000.0,130000000.0,-23000000.0,-37000000.0,107000000,283000000.0,390000000,-42000000.0,375000000,0.0,375000000,375000000,1789000000.0,968000000.0,632000000.0,3594000000.0,700000000.0,,670000000.0,1370000000.0,4964000000,1279000000.0,233000000.0,1674000000.0,2188000000.0,2277000000.0,3951000000,6582000000.0,-102000000.0,-5468000000.0,1013000000.0,4964000000,375000000.0,89000000.0,-27000000.0,-650000000.0,,,,,-213000000.0,-38000000.0,-61000000.0,0.0,-103000000.0,,281000000.0,6000000.0,302000000.0,-14000000,2010-12-31,8.140000343322754,8.189999580383299,8.050000190734862,8.180000305175781,8.180000305175781,7971200.0
2011-03-31,1613000000.0,-922000000.0,691000000.0,-637000000.0,-261000000.0,-367000000.0,-9000000.0,54000000.0,-34000000.0,-45000000.0,20000000,,20000000,-2000000.0,510000000,,510000000,510000000,1745000000.0,797000000.0,648000000.0,3411000000.0,676000000.0,486000000.0,636000000.0,1798000000.0,5209000000,1143000000.0,38000000.0,1375000000.0,2192000000.0,2276000000.0,3651000000,6618000000.0,-104000000.0,-4958000000.0,1558000000.0,5209000000,510000000.0,88000000.0,-450000000.0,-316000000.0,,,,,-168000000.0,-38000000.0,41000000.0,,-14000000.0,,164000000.0,9000000.0,178000000.0,-4000000,2011-03-31,8.770000457763674,8.850000381469727,8.569999694824219,8.600000381469728,8.600000381469728,18376500.0
2011-06-30,1574000000.0,-854000000.0,720000000.0,-615000000.0,-239000000.0,-367000000.0,-9000000.0,105000000.0,-41000000.0,-45000000.0,64000000,0.0,64000000,-3000000.0,61000000,,61000000,61000000,1861000000.0,759000000.0,642000000.0,3438000000.0,686000000.0,486000000.0,614000000.0,1786000000.0,5224000000,1147000000.0,4000000.0,1312000000.0,2195000000.0,2271000000.0,3583000000,6644000000.0,-106000000.0,-4897000000.0,1641000000.0,5224000000,61000000.0,80000000.0,7000000.0,8000000.0,,,,,156000000.0,-67000000.0,-163000000.0,0.0,-230000000.0,,11000000.0,6000000.0,26000000.0,-48000000,2011-06-30,6.929999828338622,7.119999885559082,6.9000000953674325,6.989999771118164,6.989999771118164,25379100.0
2011-09-30,1690000000.0,-934000000.0,756000000.0,-618000000.0,-249000000.0,-361000000.0,-8000000.0,138000000.0,-46000000.0,-39000000.0,92000000,0.0,92000000,5000000.0,97000000,,97000000,97000000,1807000000.0,908000000.0,540000000.0,3412000000.0,697000000.0,536000000.0,591000000.0,1824000000.0,5236000000,1208000000.0,489000000.0,1855000000.0,1571000000.0,1637000000.0,3492000000,6659000000.0,-107000000.0,-4800000000.0,1744000000.0,5236000000,97000000.0,79000000.0,32000000.0,-9000000.0,,,,,199000000.0,-42000000.0,76000000.0,0.0,34000000.0,,-163000000.0,2000000.0,-160000000.0,73000000,2011-09-30,5.230000019073486,5.300000190734863,5.070000171661377,5.079999923706055,5.079999923706055,29671100.0
2011-12-31,1691000000.0,-918000000.0,773000000.0,-604000000.0,-243000000.0,-358000000.0,-3000000.0,169000000.0,-248000000.0,-41000000.0,-79000000,-98000000.0,-177000000,4000000.0,-173000000,-4000000.0,-177000000,-177000000,1765000000.0,919000000.0,476000000.0,3229000000.0,726000000.0,427000000.0,572000000.0,1725000000.0,4954000000,1090000000.0,489000000.0,1774000000.0,1527000000.0,1590000000.0,3364000000,6679000000.0,-107000000.0,-4977000000.0,1590000000.0,4954000000,-177000000.0,70000000.0,237000000.0,65000000.0,,,,,195000000.0,-87000000.0,186000000.0,0.0,97000000.0,,-51000000.0,1000000.0,-50000000.0,242000000,2011-12-30,5.3400001525878915,5.449999809265137,5.28000020980835,5.400000095367432,5.400000095367432,6906000.0
2012-03-31,1585000000.0,-1558000000.0,27000000.0,-599000000.0,-230000000.0,-368000000.0,-1000000.0,-572000000.0,-42000000.0,-41000000.0,-614000000,-8000000.0,-622000000,32000000.0,-590000000,,-590000000,-590000000,1544000000.0,962000000.0,585000000.0,3195000000.0,715000000.0,169000000.0,909000000.0,1793000000.0,4988000000,1643000000.0,490000000.0,2347000000.0,1529000000.0,1589000000.0,3936000000,6729000000.0,-107000000.0,-5567000000.0,1052000000.0,4988000000,-590000000.0,63000000.0,266000000.0,368000000.0,,,,,107000000.0,-40000000.0,525000000.0,-281000000.0,200000000.0,,-1000000.0,9000000.0,17000000.0,324000000,2012-03-30,8.180000305175781,8.199999809265138,7.949999809265138,8.020000457763674,8.020000457763674,14586100.0
2012-06-30,1413000000.0,-775000000.0,638000000.0,-561000000.0,-212000000.0,-345000000.0,-4000000.0,77000000.0,-46000000.0,-41000000.0,31000000,0.0,31000000,6000000.0,37000000,,37000000,37000000,1579000000.0,744000000.0,833000000.0,3233000000.0,707000000.0,180000000.0,921000000.0,1808000000.0,5041000000,1680000000.0,489000000.0,2352000000.0,1532000000.0,1572000000.0,3924000000,6759000000.0,-108000000.0,-5530000000.0,1117000000.0,5041000000,37000000.0,65000000.0,30000000.0,-51000000.0,,,,,81000000.0,-39000000.0,-223000000.0,0.0,-263000000.0,,-1000000.0,3000000.0,6000000.0,-176000000,2012-06-29,5.5900001525878915,5.730000019073486,5.579999923706055,5.730000019073486,5.730000019073486,20948600.0
2012-09-30,1269000000.0,-877000000.0,392000000.0,-520000000.0,-188000000.0,-328000000.0,-4000000.0,-128000000.0,-26000000.0,-42000000.0,-154000000,-3000000.0,-157000000,0.0,-157000000,,-157000000,-157000000,1300000000.0,683000000.0,744000000.0,2815000000.0,685000000.0,180000000.0,932000000.0,1797000000.0,4612000000,1394000000.0,5000000.0,1555000000.0,2035000000.0,2068000000.0,3623000000,6787000000.0,-109000000.0,-5687000000.0,989000000.0,4612000000,-157000000.0,66000000.0,31000000.0,-180000000.0,,,,,-240000000.0,-32000000.0,40000000.0,0.0,-10000000.0,,5000000.0,0.0,11000000.0,-239000000,2012-09-28,3.4300000667572017,3.440000057220459,3.3499999046325684,3.369999885559082,3.369999885559082,15558100.0
2012-12-31,1155000000.0,-977000000.0,178000000.0,-511000000.0,-193000000.0,-313000000.0,-5000000.0,-333000000.0,-47000000.0,-43000000.0,-380000000,-89000000.0,-469000000,-4000000.0,-473000000,,-473000000,-473000000,1002000000.0,630000000.0,562000000.0,2265000000.0,658000000.0,181000000.0,896000000.0,1735000000.0,4000000000,1284000000.0,5000000.0,1397000000.0,2037000000.0,2065000000.0,3462000000,6810000000.0,-109000000.0,-6160000000.0,538000000.0,4000000000,-473000000.0,66000000.0,38000000.0,83000000.0,,,,,-286000000.0,-22000000.0,62000000.0,0.0,54000000.0,,-1000000.0,2000000.0,3000000.0,-229000000,2012-12-31,2.289999961853028,2.4200000762939453,2.2799999713897705,2.400000095367432,2.400000095367432,20698200.0
2013-03-31,1088000000.0,-643000000.0,445000000.0,-496000000.0,-179000000.0,-312000000.0,-5000000.0,-51000000.0,-46000000.0,-43000000.0,-97000000,-47000000.0,-144000000,-2000000.0,-146000000,,-146000000,-146000000,1003000000.0,645000000.0,613000000.0,2338000000.0,411000000.0,180000000.0,868000000.0,1459000000.0,3797000000,1141000000.0,5000000.0,1321000000.0,2039000000.0,2061000000.0,3382000000,6834000000.0,-109000000.0,-6306000000.0,415000000.0,3797000000,-146000000.0,66000000.0,78000000.0,-153000000.0,,,,,-155000000.0,158000000.0,-111000000.0,,47000000.0,,-1000000.0,1000000.0,0.0,-108000000,2013-03-28,2.549999952316284,2.5699999332427983,2.5199999809265137,2.549999952316284,2.549999952316284,4866900.0
2013-06-30,1161000000.0,-702000000.0,459000000.0,-483000000.0,-171000000.0,-308000000.0,-4000000.0,-24000000.0,-42000000.0,-40000000.0,-66000000,-5000000.0,-71000000,-3000000.0,-74000000,,-74000000,-74000000,968000000.0,670000000.0,711000000.0,2458000000.0,402000000.0,149000000.0,888000000.0,1439000000.0,3897000000,877000000.0,5000000.0,1451000000.0,2042000000.0,2087000000.0,3538000000,6855000000.0,-110000000.0,-6380000000.0,359000000.0,3897000000,-74000000.0,59000000.0,27000000.0,-47000000.0,,,,,-35000000.0,-25000000.0,-49000000.0,,-74000000.0,,-1000000.0,1000000.0,2000000.0,-107000000,2013-06-28,4.079999923706056,4.119999885559082,4.019999980926514,4.079999923706056,4.079999923706056,13329600.0
2013-09-30,1461000000.0,-940000000.0,521000000.0,-448000000.0,-155000000.0,-288000000.0,-5000000.0,73000000.0,-44000000.0,-46000000.0,29000000,22000000.0,51000000,-3000000.0,48000000,,48000000,48000000,1060000000.0,873000000.0,922000000.0,2939000000.0,358000000.0,121000000.0,899000000.0,1378000000.0,4317000000,1102000000.0,5000000.0,1762000000.0,2044000000.0,2121000000.0,3883000000,6879000000.0,-111000000.0,-6332000000.0,434000000.0,4317000000,48000000.0,57000000.0,11000000.0,-95000000.0,,,,,21000000.0,42000000.0,144000000.0,,186000000.0,,-2000000.0,1000000.0,2000000.0,209000000,2013-09-30,3.7899999618530273,3.859999895095825,3.75,3.809999942779541,3.809999942779541,16556900.0
2013-12-31,1589000000.0,-1036000000.0,553000000.0,-466000000.0,-169000000.0,-293000000.0,-4000000.0,87000000.0,-45000000.0,-48000000.0,42000000,48000000.0,90000000,-1000000.0,89000000,,89000000,89000000,1097000000.0,832000000.0,884000000.0,2884000000.0,346000000.0,90000000.0,1017000000.0,1453000000.0,4337000000,1413000000.0,60000000.0,1618000000.0,1998000000.0,2175000000.0,3793000000,6901000000.0,-112000000.0,-6243000000.0,544000000.0,4337000000,89000000.0,54000000.0,31000000.0,-153000000.0,,,,,21000000.0,-21000000.0,317000000.0,,296000000.0,,4000000.0,0.0,9000000.0,326000000,2013-12-31,3.869999885559082,3.880000114440918,3.829999923706055,3.869999885559082,3.869999885559082,12347800.0
2014-03-31,1397000000.0,-910000000.0,487000000.0,-438000000.0,-156000000.0,-279000000.0,-3000000.0,49000000.0,-67000000.0,-46000000.0,-18000000,0.0,-18000000,-2000000.0,-20000000,,-20000000,-20000000,902000000.0,840000000.0,869000000.0,2690000000.0,337000000.0,80000000.0,1001000000.0,1418000000.0,4108000000,965000000.0,60000000.0,1384000000.0,2078000000.0,2213000000.0,3597000000,6891000000.0,-114000000.0,-6263000000.0,511000000.0,4108000000,-20000000.0,53000000.0,40000000.0,-277000000.0,,,,,-204000000.0,-21000000.0,-110000000.0,,-131000000.0,,20000000.0,1000000.0,20000000.0,-315000000,2014-03-31,3.9300000667572017,4.019999980926514,3.900000095367432,4.010000228881837,4.010000228881837,15386000.0
2014-06-30,1441000000.0,-943000000.0,498000000.0,-435000000.0,-154000000.0,-277000000.0,-4000000.0,63000000.0,-95000000.0,-46000000.0,-32000000,0.0,-32000000,-4000000.0,-36000000,,-36000000,-36000000,948000000.0,872000000.0,960000000.0,2932000000.0,329000000.0,0.0,985000000.0,1314000000.0,4246000000,991000000.0,101000000.0,1505000000.0,2109000000.0,2240000000.0,3745000000,6913000000.0,-114000000.0,-6299000000.0,501000000.0,4246000000,-36000000.0,53000000.0,73000000.0,-118000000.0,,,,,-28000000.0,-23000000.0,-20000000.0,,-43000000.0,,18000000.0,1000000.0,20000000.0,-51000000,2014-06-30,4.119999885559082,4.25,4.079999923706056,4.190000057220459,4.190000057220459,25850200.0
2014-09-30,1429000000.0,-935000000.0,494000000.0,-431000000.0,-150000000.0,-278000000.0,-3000000.0,63000000.0,-44000000.0,-43000000.0,19000000,0.0,19000000,-2000000.0,17000000,,17000000,17000000,938000000.0,973000000.0,897000000.0,3020000000.0,328000000.0,0.0,977000000.0,1305000000.0,4325000000,1053000000.0,102000000.0,1566000000.0,2106000000.0,2224000000.0,3790000000,6936000000.0,-118000000.0,-6282000000.0,535000000.0,4325000000,17000000.0,49000000.0,18000000.0,-66000000.0,,,,,18000000.0,-29000000.0,148000000.0,,119000000.0,,-1000000.0,2000000.0,0.0,137000000,2014-09-30,3.559999942779541,3.5799999237060547,3.400000095367432,3.4100000858306885,3.4100000858306885,55952200.0
2014-12-31,1239000000.0,-879000000.0,360000000.0,-386000000.0,-144000000.0,-238000000.0,-4000000.0,-26000000.0,-37000000.0,-42000000.0,-63000000,-304000000.0,-367000000,3000000.0,-364000000,,-364000000,-364000000,1040000000.0,818000000.0,685000000.0,2736000000.0,302000000.0,,729000000.0,1031000000.0,3767000000,933000000.0,177000000.0,1440000000.0,2035000000.0,2140000000.0,3580000000,6957000000.0,-119000000.0,-6646000000.0,187000000.0,3767000000,-364000000.0,48000000.0,262000000.0,170000000.0,,,,,116000000.0,-22000000.0,65000000.0,0.0,43000000.0,,3000000.0,0.0,6000000.0,165000000,2014-12-31,2.640000104904175,2.700000047683716,2.640000104904175,2.6700000762939453,2.6700000762939453,11177900.0
2015-03-31,1030000000.0,-704000000.0,326000000.0,-376000000.0,-131000000.0,-242000000.0,-3000000.0,-50000000.0,-40000000.0,-40000000.0,-90000000,-87000000.0,-177000000,-3000000.0,-180000000,,-180000000,-180000000,906000000.0,771000000.0,688000000.0,2497000000.0,297000000.0,,634000000.0,931000000.0,3428000000,875000000.0,235000000.0,1292000000.0,2033000000.0,2119000000.0,3411000000,6975000000.0,-120000000.0,-6826000000.0,17000000.0,3428000000,-180000000.0,46000000.0,91000000.0,-129000000.0,,,,,-172000000.0,-22000000.0,7000000.0,,-15000000.0,,57000000.0,,59000000.0,-128000000,2015-03-31,2.6600000858306885,2.700000047683716,2.650000095367432,2.6800000667572017,2.6800000667572017,7025000.0
2015-06-30,942000000.0,-710000000.0,232000000.0,-369000000.0,-134000000.0,-235000000.0,0.0,-137000000.0,-43000000.0,-40000000.0,-180000000,0.0,-180000000,-1000000.0,-181000000,,-181000000,-181000000,829000000.0,687000000.0,799000000.0,2451000000.0,289000000.0,,641000000.0,930000000.0,3381000000,916000000.0,235000000.0,1399000000.0,2034000000.0,2123000000.0,3522000000,6992000000.0,-121000000.0,-7007000000.0,-141000000.0,3381000000,-181000000.0,45000000.0,24000000.0,55000000.0,,,,,-57000000.0,-17000000.0,228000000.0,0.0,211000000.0,,-1000000.0,1000000.0,-2000000.0,152000000,2015-06-30,2.4300000667572017,2.4300000667572017,2.3499999046325684,2.400000095367432,2.400000095367432,19381300.0
2015-09-30,1061000000.0,-822000000.0,239000000.0,-349000000.0,-108000000.0,-241000000.0,0.0,-110000000.0,-39000000.0,-39000000.0,-149000000,-48000000.0,-197000000,0.0,-197000000,,-197000000,-197000000,755000000.0,648000000.0,761000000.0,2466000000.0,194000000.0,,569000000.0,763000000.0,3229000000,796000000.0,230000000.0,1449000000.0,2030000000.0,2116000000.0,3565000000,7005000000.0,-122000000.0,-7204000000.0,-336000000.0,3229000000,-197000000.0,42000000.0,35000000.0,64000000.0,,,,,-56000000.0,-17000000.0,0.0,0.0,-17000000.0,,0.0,0.0,-1000000.0,-74000000,2015-09-30,1.7000000476837158,1.7200000286102295,1.6799999475479126,1.7200000286102295,1.7200000286102295,5739500.0
2015-12-31,958000000.0,-675000000.0,283000000.0,-338000000.0,-109000000.0,-229000000.0,0.0,-55000000.0,-43000000.0,-41000000.0,-98000000,6000000.0,-92000000,-10000000.0,-102000000,,-102000000,-102000000,785000000.0,533000000.0,678000000.0,2320000000.0,188000000.0,0.0,576000000.0,764000000.0,3084000000,751000000.0,230000000.0,1403000000.0,2007000000.0,2093000000.0,3496000000,7025000000.0,-123000000.0,-7306000000.0,-412000000.0,3084000000,-102000000.0,34000000.0,4000000.0,123000000.0,,,,,59000000.0,-32000000.0,0.0,0.0,-32000000.0,,0.0,4000000.0,3000000.0,30000000,2015-12-31,2.970000028610229,3.009999990463257,2.869999885559082,2.869999885559082,2.869999885559082,11086100.0
2016-03-31,832000000.0,-563000000.0,269000000.0,-347000000.0,-105000000.0,-242000000.0,,-78000000.0,-40000000.0,-40000000.0,-118000000,10000000.0,-108000000,-1000000.0,-109000000,,-109000000,-109000000,716000000.0,508000000.0,675000000.0,2226000000.0,176000000.0,,579000000.0,755000000.0,2981000000,671000000.0,230000000.0,1328000000.0,2006000000.0,2156000000.0,3484000000,7041000000.0,-123000000.0,-7415000000.0,-503000000.0,2981000000,-109000000.0,33000000.0,15000000.0,19000000.0,,,,,-42000000.0,-26000000.0,0.0,,-26000000.0,,,0.0,-1000000.0,-69000000,2016-03-31,2.8399999141693115,2.880000114440918,2.799999952316284,2.8499999046325684,2.8499999046325684,9071500.0
2016-06-30,1027000000.0,-708000000.0,319000000.0,-360000000.0,-117000000.0,-243000000.0,,-41000000.0,109000000.0,-41000000.0,68000000,33000000.0,101000000,-29000000.0,69000000,,69000000,69000000,957000000.0,671000000.0,743000000.0,2506000000.0,169000000.0,62000000.0,579000000.0,810000000.0,3316000000,1158000000.0,226000000.0,1581000000.0,2012000000.0,2148000000.0,3729000000,7061000000.0,-125000000.0,-7346000000.0,-413000000.0,3316000000,69000000.0,33000000.0,-120000000.0,-67000000.0,,,,,-85000000.0,-21000000.0,0.0,351000000.0,329000000.0,,-4000000.0,2000000.0,-3000000.0,241000000,2016-06-30,5.130000114440918,5.190000057220459,4.949999809265137,5.139999866485597,5.139999866485597,26124800.0
2016-09-30,1307000000.0,-1248000000.0,59000000.0,-376000000.0,-117000000.0,-259000000.0,,-317000000.0,-104000000.0,-41000000.0,-421000000,24000000.0,-397000000,-4000000.0,-406000000,,-406000000,-406000000,1258000000.0,640000000.0,772000000.0,2824000000.0,161000000.0,60000000.0,571000000.0,792000000.0,3616000000,1110000000.0,0.0,1473000000.0,1632000000.0,1758000000.0,3231000000,8267000000.0,-127000000.0,-7752000000.0,385000000.0,3616000000,-406000000.0,33000000.0,335000000.0,67000000.0,,,,,29000000.0,-9000000.0,0.0,-5000000.0,-10000000.0,,-393000000.0,678000000.0,282000000.0,301000000,2016-09-30,6.699999809265138,7.039999961853027,6.699999809265138,6.9099998474121085,6.9099998474121085,47453100.0
2016-12-31,1153000000.0,-797000000.0,356000000.0,-391000000.0,-127000000.0,-264000000.0,,-35000000.0,-41000000.0,-34000000.0,-76000000,31000000.0,-45000000,-5000000.0,-52000000,,-52000000,-52000000,1264000000.0,311000000.0,751000000.0,2530000000.0,164000000.0,59000000.0,568000000.0,791000000.0,3321000000,1214000000.0,0.0,1346000000.0,1435000000.0,1559000000.0,2905000000,8343000000.0,-119000000.0,-7803000000.0,416000000.0,3321000000,-52000000.0,34000000.0,43000000.0,153000000.0,,,,,178000000.0,-22000000.0,0.0,-4000000.0,-17000000.0,,-164000000.0,7000000.0,-156000000.0,5000000,2016-12-30,11.699999809265135,11.779999732971193,11.25,11.34000015258789,11.34000015258789,44095400.0
2017-03-31,1178000000.0,-800000000.0,378000000.0,-394000000.0,-123000000.0,-271000000.0,,-16000000.0,-37000000.0,-32000000.0,-53000000,27000000.0,-26000000,-5000000.0,-33000000,,-33000000,-33000000,943000000.0,494000000.0,839000000.0,2498000000.0,180000000.0,58000000.0,563000000.0,801000000.0,3299000000,914000000.0,,1372000000.0,1408000000.0,1518000000.0,2890000000,8388000000.0,-99000000.0,-7876000000.0,409000000.0,3299000000,-33000000.0,34000000.0,41000000.0,-341000000.0,,,,,-299000000.0,-23000000.0,-221000000.0,,-246000000.0,,0.0,8000000.0,3000000.0,-542000000,2017-03-31,14.100000381469727,14.75,14.010000228881836,14.550000190734865,14.550000190734865,84566200.0
2017-06-30,1151000000.0,-765000000.0,386000000.0,-412000000.0,-127000000.0,-285000000.0,,-26000000.0,-35000000.0,-32000000.0,-61000000,25000000.0,-36000000,-3000000.0,-42000000,,-42000000,-42000000,844000000.0,614000000.0,833000000.0,2511000000.0,200000000.0,58000000.0,601000000.0,859000000.0,3370000000,913000000.0,42000000.0,1449000000.0,1375000000.0,1504000000.0,2953000000,8414000000.0,-105000000.0,-7892000000.0,417000000.0,3370000000,-42000000.0,35000000.0,32000000.0,-107000000.0,,,,,-82000000.0,-12000000.0,137000000.0,,124000000.0,,0.0,2000000.0,-4000000.0,38000000,2017-06-30,12.56999969482422,12.829999923706055,12.359999656677244,12.479999542236328,12.479999542236328,59267400.0
2017-09-30,1584000000.0,-1013000000.0,571000000.0,-452000000.0,-132000000.0,-320000000.0,,119000000.0,-34000000.0,-31000000.0,85000000,0.0,85000000,-22000000.0,61000000,,61000000,61000000,879000000.0,771000000.0,794000000.0,2699000000.0,236000000.0,57000000.0,594000000.0,887000000.0,3586000000,932000000.0,70000000.0,1591000000.0,1356000000.0,1475000000.0,3066000000,8447000000.0,-108000000.0,-7821000000.0,520000000.0,3586000000,61000000.0,36000000.0,46000000.0,-74000000.0,,,,,69000000.0,-34000000.0,84000000.0,,51000000.0,,0.0,5000000.0,2000000.0,122000000,2017-09-29,12.770000457763672,12.81999969482422,12.600000381469727,12.75,12.75,33926900.0
2017-12-31,1340000000.0,-888000000.0,452000000.0,-454000000.0,-134000000.0,-320000000.0,,-2000000.0,-29000000.0,-31000000.0,-31000000,0.0,-31000000,12000000.0,-19000000,,-19000000,-19000000,1185000000.0,454000000.0,694000000.0,2634000000.0,261000000.0,58000000.0,599000000.0,918000000.0,3552000000,1351000000.0,70000000.0,1513000000.0,1325000000.0,1443000000.0,2956000000,8473000000.0,-108000000.0,-7775000000.0,596000000.0,3552000000,-19000000.0,39000000.0,26000000.0,278000000.0,,,,,324000000.0,-44000000.0,0.0,1000000.0,17000000.0,,-40000000.0,5000000.0,-34000000.0,307000000,2017-12-29,10.56999969482422,10.579999923706056,10.270000457763672,10.279999732971193,10.279999732971193,26678900.0
2018-03-31,1647000000.0,-1050000000.0,597000000.0,-477000000.0,-134000000.0,-343000000.0,,120000000.0,-30000000.0,-31000000.0,90000000,0.0,90000000,-8000000.0,81000000,,81000000,81000000,1045000000.0,738000000.0,715000000.0,2751000000.0,290000000.0,57000000.0,665000000.0,1012000000.0,3763000000,941000000.0,223000000.0,1697000000.0,1165000000.0,1351000000.0,3048000000,8512000000.0,-108000000.0,-7692000000.0,715000000.0,3763000000,81000000.0,44000000.0,44000000.0,-276000000.0,,,,,-107000000.0,-46000000.0,0.0,,-25000000.0,,-14000000.0,6000000.0,-8000000.0,-140000000,2018-03-29,9.9399995803833,10.079999923706056,9.8100004196167,10.050000190734863,10.050000190734863,48681400.0
2018-06-30,1756000000.0,-1104000000.0,652000000.0,-499000000.0,-142000000.0,-357000000.0,,153000000.0,-30000000.0,-31000000.0,123000000,0.0,123000000,-6000000.0,116000000,,116000000,116000000,983000000.0,1118000000.0,750000000.0,3099000000.0,295000000.0,57000000.0,652000000.0,1004000000.0,4103000000,1097000000.0,223000000.0,1868000000.0,1170000000.0,1356000000.0,3224000000,8574000000.0,-109000000.0,-7576000000.0,879000000.0,4103000000,116000000.0,42000000.0,41000000.0,-223000000.0,,,,,-24000000.0,-43000000.0,-35000000.0,,-99000000.0,,-1000000.0,29000000.0,28000000.0,-95000000,2018-06-29,15.40999984741211,15.489999771118164,14.979999542236328,14.989999771118164,14.989999771118164,41527800.0
2018-09-30,1653000000.0,-992000000.0,661000000.0,-511000000.0,-148000000.0,-363000000.0,,150000000.0,-36000000.0,-30000000.0,114000000,0.0,114000000,-12000000.0,102000000,,102000000,102000000,1056000000.0,1207000000.0,738000000.0,3314000000.0,318000000.0,58000000.0,657000000.0,1033000000.0,4347000000,1196000000.0,136000000.0,1878000000.0,1167000000.0,1344000000.0,3222000000,8676000000.0,-67000000.0,-7474000000.0,1125000000.0,4347000000,102000000.0,41000000.0,54000000.0,-102000000.0,,,,,95000000.0,-33000000.0,25000000.0,,-8000000.0,,0.0,9000000.0,8000000.0,95000000,2018-09-28,32.240001678466804,32.779998779296875,29.979999542236328,30.88999938964844,30.88999938964844,165453500.0
2018-12-31,1419000000.0,-882000000.0,537000000.0,-509000000.0,-138000000.0,-371000000.0,,28000000.0,-25000000.0,-29000000.0,3000000,0.0,3000000,35000000.0,38000000,,38000000,38000000,1156000000.0,1235000000.0,845000000.0,3540000000.0,348000000.0,58000000.0,610000000.0,1016000000.0,4556000000,1291000000.0,136000000.0,1984000000.0,1114000000.0,1306000000.0,3290000000,8760000000.0,-50000000.0,-7436000000.0,1266000000.0,4556000000,38000000.0,43000000.0,115000000.0,-126000000.0,,,,,70000000.0,-41000000.0,10000000.0,,-38000000.0,,-26000000.0,20000000.0,0.0,32000000,2018-12-31,18.149999618530273,18.51000022888184,17.850000381469727,18.459999084472656,18.459999084472656,84732200.0
2019-03-31,1272000000.0,-751000000.0,521000000.0,-543000000.0,-170000000.0,-373000000.0,,-22000000.0,-34000000.0,-27000000.0,-56000000,60000000.0,4000000,13000000.0,16000000,,16000000,16000000,1194000000.0,1241000000.0,955000000.0,3677000000.0,377000000.0,57000000.0,820000000.0,1254000000.0,4931000000,1203000000.0,70000000.0,1764000000.0,1024000000.0,1379000000.0,3143000000,9257000000.0,-48000000.0,-7420000000.0,1788000000.0,4931000000,16000000.0,46000000.0,63000000.0,-338000000.0,,,,,-213000000.0,-62000000.0,-138000000.0,,-173000000.0,,285000000.0,1000000.0,286000000.0,-100000000,2019-03-29,25.57999992370605,25.729999542236328,25.25,25.520000457763672,25.520000457763672,53502800.0
2019-06-30,1531000000.0,-910000000.0,621000000.0,-562000000.0,-189000000.0,-373000000.0,,59000000.0,-22000000.0,-25000000.0,37000000,0.0,37000000,-2000000.0,35000000,,35000000,35000000,1128000000.0,1333000000.0,1015000000.0,3754000000.0,458000000.0,,890000000.0,1348000000.0,5102000000,1555000000.0,0.0,1804000000.0,1031000000.0,1397000000.0,3201000000,9336000000.0,-50000000.0,-7385000000.0,1901000000.0,5102000000,35000000.0,52000000.0,71000000.0,-128000000.0,,,,,30000000.0,-58000000.0,51000000.0,,-7000000.0,,-70000000.0,34000000.0,-38000000.0,-15000000,2019-06-28,31.07999992370605,31.11000061035156,30.32999992370605,30.3700008392334,30.3700008392334,50090900.0
2019-09-30,1801000000.0,-1024000000.0,777000000.0,-591000000.0,-185000000.0,-406000000.0,,186000000.0,-60000000.0,-24000000.0,126000000,,126000000,-7000000.0,120000000,,120000000,120000000,1209000000.0,1393000000.0,1040000000.0,3912000000.0,453000000.0,,888000000.0,1341000000.0,5253000000,1600000000.0,0.0,1864000000.0,872000000.0,1213000000.0,3077000000,9501000000.0,-53000000.0,-7265000000.0,2176000000.0,5253000000,120000000.0,60000000.0,127000000.0,-73000000.0,,,,,234000000.0,-55000000.0,396000000.0,,57000000.0,,-97000000.0,-3000000.0,-98000000.0,193000000,2019-09-30,28.88999938964844,29.04999923706055,28.36000061035156,28.989999771118164,28.989999771118164,37295600.0
2019-12-31,2127000000.0,-1178000000.0,949000000.0,-601000000.0,-206000000.0,-395000000.0,,348000000.0,-143000000.0,-18000000.0,205000000,0.0,205000000,-35000000.0,170000000,,170000000,170000000,1503000000.0,1859000000.0,982000000.0,4597000000.0,500000000.0,58000000.0,873000000.0,1431000000.0,6028000000,2285000000.0,,2359000000.0,486000000.0,842000000.0,3201000000,9975000000.0,-53000000.0,-7095000000.0,2827000000.0,6028000000,170000000.0,64000000.0,211000000.0,-3000000.0,,,,,442000000.0,-42000000.0,-309000000.0,,-26000000.0,,-142000000.0,36000000.0,-107000000.0,309000000,2019-12-31,45.06999969482422,46.09000015258789,44.91999816894531,45.86000061035156,45.86000061035156,31673200.0
2020-03-31,1786000000.0,-968000000.0,818000000.0,-641000000.0,-199000000.0,-442000000.0,,177000000.0,-9000000.0,-13000000.0,168000000,,168000000,-6000000.0,162000000,,162000000,162000000,1385000000.0,1691000000.0,1056000000.0,4390000000.0,540000000.0,,934000000.0,1474000000.0,5864000000,1910000000.0,,1985000000.0,488000000.0,842000000.0,2827000000,10038000000.0,-54000000.0,-6933000000.0,3037000000.0,5864000000,162000000.0,68000000.0,94000000.0,-389000000.0,,,,,-65000000.0,-55000000.0,,,-73000000.0,,,2000000.0,2000000.0,-136000000,2020-03-31,47.93000030517578,48.52999877929688,45.15999984741211,45.47999954223633,45.47999954223633,83483700.0
2020-06-30,1932000000.0,-1084000000.0,848000000.0,-675000000.0,-215000000.0,-460000000.0,,173000000.0,-13000000.0,-14000000.0,160000000,,160000000,-4000000.0,157000000,,157000000,157000000,1775000000.0,1789000000.0,1324000000.0,5109000000.0,585000000.0,,889000000.0,1474000000.0,6583000000,2166000000.0,200000000.0,2434000000.0,490000000.0,844000000.0,3278000000,10139000000.0,-54000000.0,-6776000000.0,3305000000.0,6583000000,157000000.0,72000000.0,87000000.0,-73000000.0,,,,,243000000.0,-91000000.0,,,-36000000.0,,200000000.0,39000000.0,238000000.0,445000000,2020-06-30,51.15999984741211,52.77000045776367,50.81999969482422,52.61000061035156,52.61000061035156,42275700.0
