Report Date,Revenue,Cost of Revenue,Gross Profit,Operating Expenses,"Selling, General & Administrative",Research & Development,Depreciation & Amortization,Operating Income (Loss),Non-Operating Income (Loss),"Interest Expense, Net","Pretax Income (Loss), Adj.",Abnormal Gains (Losses),Pretax Income (Loss),"Income Tax (Expense) Benefit, Net",Income (Loss) from Continuing Operations,Net Extraordinary Gains (Losses),Net Income,Net Income (Common),"Cash, Cash Equivalents & Short Term Investments",Accounts & Notes Receivable,Inventories,Total Current Assets,"Property, Plant & Equipment, Net",Long Term Investments & Receivables,Other Long Term Assets,Total Noncurrent Assets,Total Assets,Payables & Accruals,Short Term Debt,Total Current Liabilities,Long Term Debt,Total Noncurrent Liabilities,Total Liabilities,Share Capital & Additional Paid-In Capital,Treasury Stock,Retained Earnings,Total Equity,Total Liabilities & Equity,Net Income/Starting Line,Depreciation & Amortization,Non-Cash Items,Change in Working Capital,Change in Accounts Receivable,Change in Inventories,Change in Accounts Payable,Change in Other,Net Cash from Operating Activities,Change in Fixed Assets & Intangibles,Net Change in Long Term Investment,Net Cash from Acquisitions & Divestitures,Net Cash from Investing Activities,Dividends Paid,Cash from (Repayment of) Debt,Cash from (Repurchase of) Equity,Net Cash from Financing Activities,Net Change in Cash,Price Date,Open,High,Low,Close,Adj Close,Volume
2009-06-30,524929000.0,-361578000.0,163351000.0,-70171000.0,-61017000.0,,-9154000.0,93180000.0,-18142000.0,-17141000.0,75038000,,75038000,-23225000.0,51813000,,51813000,51813000,142944000.0,356830000.0,325472000.0,912305000.0,309263000.0,112327000.0,1779027000.0,2200617000.0,3112922000,384752000.0,5110000.0,389862000.0,1053886000.0,1299029000.0,1688891000,218150000.0,-92278000.0,1418484000.0,1424031000.0,3112922000,51813000.0,15036000.0,6458000.0,551000.0,,,,,73858000.0,-9081000.0,,-196000.0,-10571000.0,-6358000.0,-66687000.0,4265000.0,-67297000.0,1650000,2009-06-30,15.475556373596193,15.613332748413086,15.311111450195312,15.368888854980467,14.223355293273926,2344050.0
2009-09-30,497060000.0,-344658000.0,152402000.0,-74927000.0,-63858000.0,,-11069000.0,77475000.0,-18082000.0,-17380000.0,59393000,,59393000,-16375000.0,43018000,,43018000,43018000,207127000.0,349184000.0,312536000.0,960588000.0,308331000.0,115869000.0,1784227000.0,2208427000.0,3169015000,363610000.0,85426000.0,449036000.0,974287000.0,1235842000.0,1684878000,228274000.0,-92355000.0,1455050000.0,1484137000.0,3169015000,43018000.0,16639000.0,3566000.0,8476000.0,,,,,71699000.0,-6282000.0,,-2785000.0,-9323000.0,-6398000.0,113000.0,3839000.0,-423000.0,63561000,2009-09-30,15.760000228881836,15.88888931274414,15.453332901000975,15.51555633544922,14.383834838867188,1512000.0
2009-12-31,523500000.0,-359074000.0,164426000.0,-75233000.0,-64738000.0,,-10495000.0,89193000.0,-17615000.0,-16674000.0,71578000,,71578000,-19694000.0,51884000,,51884000,51884000,251350000.0,331383000.0,311542000.0,969430000.0,310053000.0,167370000.0,1799179000.0,2276602000.0,3246032000,338481000.0,85801000.0,424282000.0,955880000.0,1254726000.0,1679008000,225167000.0,-83333000.0,1500471000.0,1567024000.0,3246032000,51884000.0,17184000.0,21762000.0,17894000.0,,,,,108724000.0,-11593000.0,-638000.0,-31725000.0,-42131000.0,-6417000.0,-16510000.0,1834000.0,-20747000.0,45393000,2009-12-31,17.18666648864746,17.20888900756836,16.995555877685547,16.995555877685547,15.781432151794435,606150.0
2010-03-31,556662000.0,-375724000.0,180938000.0,-78492000.0,-67543000.0,,-10949000.0,102446000.0,-17269000.0,-16754000.0,85177000,,85177000,-27232000.0,57945000,,57945000,57945000,260928000.0,356187000.0,305960000.0,996281000.0,298207000.0,165092000.0,1765437000.0,2228736000.0,3225017000,369107000.0,80221000.0,449328000.0,946448000.0,1249809000.0,1699137000,233362000.0,-150953000.0,1552019000.0,1525880000.0,3225017000,57945000.0,16787000.0,7463000.0,9668000.0,,,,,91863000.0,-5811000.0,,-3225000.0,-9036000.0,-6348000.0,-797000.0,-64859000.0,-70420000.0,9276000,2010-03-31,18.440000534057614,18.595556259155273,18.30666732788086,18.426666259765625,17.135917663574222,1576350.0
2010-06-30,591941000.0,-395499000.0,196442000.0,-80847000.0,-69849000.0,,-10998000.0,115595000.0,-18351000.0,-16730000.0,97244000,,97244000,-29853000.0,67391000,,67391000,67391000,235385000.0,367127000.0,315747000.0,984945000.0,290437000.0,163256000.0,1828410000.0,2282103000.0,3267048000,385597000.0,76795000.0,462392000.0,937292000.0,1251280000.0,1713672000,232586000.0,-153483000.0,1613171000.0,1553376000.0,3267048000,67391000.0,16873000.0,3755000.0,500000.0,,,,,88519000.0,-6877000.0,,-89428000.0,-92285000.0,-6324000.0,-2152000.0,-8817000.0,-16290000.0,-24839000,2010-06-30,17.982221603393555,18.12444305419922,17.79111099243164,17.844444274902344,16.618572235107422,1562175.0
2010-09-30,644374000.0,-429075000.0,215299000.0,-86706000.0,-75869000.0,,-10837000.0,128593000.0,-19778000.0,-17057000.0,108815000,,108815000,-31458000.0,77357000,,77357000,77357000,140193000.0,390113000.0,332431000.0,930937000.0,304181000.0,164253000.0,2179934000.0,2648368000.0,3579305000,430988000.0,32351000.0,463339000.0,1074671000.0,1447862000.0,1911201000,241584000.0,-153562000.0,1684140000.0,1668104000.0,3579305000,77357000.0,18453000.0,5565000.0,12917000.0,,,,,114292000.0,-9758000.0,,-281000000.0,-291012000.0,-6331000.0,76928000.0,3354000.0,74913000.0,-95776000,2010-09-30,21.195556640625,21.60444450378418,21.195556640625,21.231111526489254,19.798587799072266,2423025.0
2010-12-31,677975000.0,-446594000.0,231381000.0,-95857000.0,-83221000.0,,-12636000.0,135524000.0,-20510000.0,-16981000.0,115014000,,115014000,-33775000.0,81239000,,81239000,81239000,168853000.0,399913000.0,335253000.0,974492000.0,318126000.0,191096000.0,2335201000.0,2844423000.0,3818915000,453707000.0,97152000.0,550859000.0,1071360000.0,1492852000.0,2043711000,264971000.0,-153551000.0,1755742000.0,1775204000.0,3818915000,81239000.0,20783000.0,4647000.0,21670000.0,,,,,128339000.0,-16737000.0,,-164932000.0,-174490000.0,-9551000.0,65305000.0,13231000.0,74426000.0,28191000,2010-12-31,26.20666694641113,26.34666633605957,26.126667022705078,26.166667938232425,24.43785095214844,498450.0
2011-03-31,717783000.0,-472804000.0,244979000.0,-92959000.0,-81492000.0,,-11467000.0,152020000.0,-18635000.0,-17150000.0,133385000,,133385000,-42950000.0,90435000,,90435000,90435000,161674000.0,434517000.0,351424000.0,1022826000.0,317635000.0,200092000.0,2352745000.0,2870472000.0,3893298000,488371000.0,2652000.0,491023000.0,1080696000.0,1520056000.0,2011079000,272903000.0,-153552000.0,1836529000.0,1882219000.0,3893298000,90435000.0,19854000.0,7201000.0,-13850000.0,,,,,103640000.0,-10371000.0,,494000.0,-13537000.0,-9559000.0,-95126000.0,2316000.0,-101399000.0,-8199000,2011-03-31,28.84000015258789,29.24666786193848,28.63333320617676,29.24666786193848,27.354440689086914,898500.0
2011-06-30,758834000.0,-499956000.0,258878000.0,-101923000.0,-89685000.0,,-12238000.0,156955000.0,-19720000.0,-17339000.0,137235000,,137235000,-43091000.0,94144000,,94144000,94144000,203110000.0,439865000.0,364317000.0,1083132000.0,331614000.0,200527000.0,2539501000.0,3071642000.0,4154774000,474182000.0,127713000.0,601895000.0,1083284000.0,1567236000.0,2169131000,297217000.0,-166039000.0,1921008000.0,1985643000.0,4154774000,94144000.0,21406000.0,12069000.0,-12464000.0,,,,,115155000.0,-10188000.0,,-183000000.0,-192487000.0,-9606000.0,125060000.0,-6279000.0,117054000.0,41584000,2011-06-30,29.733333587646484,30.1200008392334,29.546667098999023,29.933332443237305,28.03754997253418,1648650.0
2011-09-30,750546000.0,-493266000.0,257280000.0,-97694000.0,-86019000.0,,-11675000.0,159586000.0,-20543000.0,-17256000.0,139043000,,139043000,-41065000.0,97978000,,97978000,97978000,223764000.0,425011000.0,363838000.0,1080537000.0,318636000.0,203237000.0,2513891000.0,3035764000.0,4116301000,477572000.0,40635000.0,518207000.0,1070540000.0,1550234000.0,2068441000,312031000.0,-171581000.0,2009321000.0,2047860000.0,4116301000,97978000.0,21267000.0,-1048000.0,18847000.0,,,,,137044000.0,-11851000.0,,0.0,-11042000.0,-9635000.0,-87232000.0,194000.0,-93868000.0,21681000,2011-09-30,22.52666664123535,22.67333221435547,21.97333335876465,21.979999542236328,20.621171951293945,3436650.0
2011-12-31,762751000.0,-489753000.0,272998000.0,-105618000.0,-92125000.0,,-13493000.0,167380000.0,-20401000.0,-17984000.0,146979000,,146979000,-45072000.0,101907000,,101907000,101907000,170392000.0,438245000.0,380471000.0,1059119000.0,325329000.0,145848000.0,2789194000.0,3260371000.0,4319490000,488367000.0,140508000.0,628875000.0,1123416000.0,1637810000.0,2266685000,318226000.0,-209773000.0,2101615000.0,2052805000.0,4319490000,101907000.0,24005000.0,20503000.0,6311000.0,,,,,152726000.0,-18406000.0,,-291935000.0,-309387000.0,-9566000.0,156366000.0,-38131000.0,110071000.0,-47882000,2011-12-30,27.906667709350586,28.18666648864746,27.80666732788086,28.06666755676269,26.368318557739254,1035300.0
2012-03-31,827152000.0,-536283000.0,290869000.0,-108093000.0,-95036000.0,,-13057000.0,182776000.0,-21077000.0,-18837000.0,161699000,,161699000,-51549000.0,110150000,,110150000,110150000,224459000.0,468321000.0,393259000.0,1152861000.0,334369000.0,141962000.0,2979400000.0,3455731000.0,4608592000,522966000.0,227176000.0,750142000.0,1133165000.0,1669017000.0,2419159000,333432000.0,-210275000.0,2202122000.0,2189433000.0,4608592000,110150000.0,24989000.0,1758000.0,3988000.0,,,,,140885000.0,-8398000.0,,-179356000.0,-183463000.0,-9588000.0,86415000.0,7230000.0,87193000.0,48912000,2012-03-30,32.37333297729492,32.57333374023437,32.220001220703125,32.34000015258789,30.420379638671875,1330200.0
2012-06-30,825898000.0,-531753000.0,294145000.0,-109167000.0,-95646000.0,,-13521000.0,184978000.0,-20691000.0,-18843000.0,164287000,,164287000,-50600000.0,113687000,,113687000,113687000,168472000.0,482799000.0,415610000.0,1132010000.0,361485000.0,142165000.0,3249544000.0,3753194000.0,4885204000,507672000.0,388708000.0,896380000.0,1122893000.0,1698270000.0,2594650000,364557000.0,-214312000.0,2301259000.0,2290554000.0,4885204000,113687000.0,25746000.0,9673000.0,-33357000.0,,,,,115749000.0,-12117000.0,,-318429000.0,-334189000.0,-14467000.0,161916000.0,13742000.0,168076000.0,-55709000,2012-06-29,32.700000762939446,33.27333450317383,32.653331756591804,33.27333450317383,31.35259056091309,2235450.0
2012-09-30,839373000.0,-541454000.0,297919000.0,-109755000.0,-96021000.0,,-13734000.0,188164000.0,-22476000.0,-18958000.0,165688000,,165688000,-50291000.0,115397000,,115397000,115397000,168104000.0,492864000.0,407898000.0,1135832000.0,361680000.0,142074000.0,3253925000.0,3757679000.0,4893511000,519612000.0,242781000.0,762393000.0,1129383000.0,1707250000.0,2469643000,378913000.0,-215852000.0,2402092000.0,2423868000.0,4893511000,115397000.0,27110000.0,1730000.0,18303000.0,,,,,162540000.0,-12741000.0,,0.0,-12740000.0,-14501000.0,-147491000.0,5868000.0,-153826000.0,-744000,2012-09-28,35.560001373291016,35.70000076293945,35.40999984741211,35.45000076293945,33.46060562133789,2191800.0
2012-12-31,841790000.0,-544642000.0,297148000.0,-107194000.0,-93829000.0,,-13365000.0,189954000.0,-19153000.0,-18834000.0,170801000,,170801000,-50903000.0,119898000,,119898000,119898000,157984000.0,507850000.0,428935000.0,1164743000.0,383483000.0,123864000.0,3517966000.0,4025313000.0,5190056000,559315000.0,320654000.0,879969000.0,1133121000.0,1774936000.0,2654905000,390436000.0,-211374000.0,2507419000.0,2535151000.0,5190056000,119898000.0,27626000.0,14431000.0,31335000.0,,,,,193290000.0,-24171000.0,,-249890000.0,-273339000.0,-14527000.0,77047000.0,7925000.0,73096000.0,-4867000,2012-12-31,36.97999954223633,37.61999893188477,36.86000061035156,37.56999969482422,35.51879119873047,885600.0
2013-03-31,882853000.0,-574074000.0,308779000.0,-111544000.0,-97608000.0,,-13936000.0,197235000.0,-20847000.0,-18323000.0,176388000,,176388000,-51242000.0,125146000,,125146000,125146000,177335000.0,529182000.0,434044000.0,1214164000.0,375660000.0,124134000.0,3460517000.0,3960311000.0,5174475000,591045000.0,208092000.0,799137000.0,1115603000.0,1753227000.0,2552364000,406286000.0,-218954000.0,2617998000.0,2622111000.0,5174475000,125146000.0,28838000.0,8086000.0,-5252000.0,,,,,156818000.0,-10921000.0,,,-6999000.0,-14567000.0,-112954000.0,-3587000.0,-126247000.0,19351000,2013-03-28,42.68999862670898,43.459999084472656,42.63000106811523,43.36000061035156,41.05071640014648,799500.0
2013-06-30,878809000.0,-567598000.0,311211000.0,-108598000.0,-94912000.0,,-13686000.0,202613000.0,-20821000.0,-18154000.0,181792000,,181792000,-53471000.0,128321000,,128321000,128321000,207614000.0,521547000.0,438912000.0,1243801000.0,372715000.0,120910000.0,3455108000.0,3948733000.0,5192534000,553798000.0,125658000.0,679456000.0,1118086000.0,1755935000.0,2435391000,415198000.0,-214967000.0,2731732000.0,2757143000.0,5192534000,128321000.0,28558000.0,4527000.0,-33248000.0,,,,,128158000.0,-10692000.0,,,-10182000.0,-14588000.0,-81179000.0,5383000.0,-87830000.0,30279000,2013-06-28,42.0,42.4900016784668,41.70000076293945,42.29999923706055,40.10372924804688,1932700.0
2013-09-30,890006000.0,-572125000.0,317881000.0,-113195000.0,-98969000.0,,-14226000.0,204686000.0,-24534000.0,-18243000.0,180152000,,180152000,-52288000.0,127864000,,127864000,127864000,254878000.0,532092000.0,449133000.0,1308557000.0,383594000.0,125670000.0,3643401000.0,4152665000.0,5461222000,567295000.0,164926000.0,732221000.0,1135164000.0,1794773000.0,2526994000,436189000.0,-216029000.0,2844992000.0,2934228000.0,5461222000,127864000.0,29545000.0,-9333000.0,18055000.0,,,,,166131000.0,-2735000.0,,-163978000.0,-166308000.0,-14604000.0,39311000.0,9241000.0,39394000.0,47264000,2013-09-30,45.1500015258789,46.099998474121094,45.1500015258789,46.02000045776367,43.68949890136719,1671500.0
2013-12-31,942468000.0,-609845000.0,332623000.0,-122078000.0,-106688000.0,,-15390000.0,210545000.0,-24082000.0,-18852000.0,186463000,,186463000,-50795000.0,135668000,,135668000,135668000,295203000.0,536701000.0,452848000.0,1369129000.0,402790000.0,223694000.0,3882289000.0,4508773000.0,5877902000,601230000.0,273315000.0,874545000.0,1141750000.0,1867236000.0,2741781000,451281000.0,-215936000.0,2966015000.0,3136121000.0,5877902000,135668000.0,31716000.0,6469000.0,35699000.0,,,,,209552000.0,-26167000.0,,-250337000.0,-276844000.0,-14646000.0,109891000.0,5830000.0,104399000.0,40325000,2013-12-31,52.63999938964844,52.81999969482422,52.47000122070313,52.66999816894531,50.06439208984375,474900.0
2014-03-31,975292000.0,-625170000.0,350122000.0,-128491000.0,-112625000.0,,-15866000.0,221631000.0,-22715000.0,-18838000.0,198916000,,198916000,-58330000.0,140586000,,140586000,140586000,265335000.0,592407000.0,483448000.0,1434171000.0,405913000.0,225592000.0,4023167000.0,4654672000.0,6088843000,666736000.0,265069000.0,931805000.0,1142818000.0,1884406000.0,2816211000,462160000.0,-215940000.0,3091938000.0,3272632000.0,6088843000,140586000.0,33250000.0,1762000.0,-14637000.0,,,,,160961000.0,-14460000.0,,-161489000.0,-173585000.0,-14662000.0,-6737000.0,3927000.0,-14914000.0,-29868000,2014-03-31,51.7599983215332,51.88999938964844,51.209999084472656,51.4900016784668,48.99799346923828,1419800.0
2014-06-30,990718000.0,-630645000.0,360073000.0,-128345000.0,-113316000.0,,-15029000.0,231728000.0,-23307000.0,-18981000.0,208421000,,208421000,-58358000.0,150063000,,150063000,150063000,282771000.0,594151000.0,538287000.0,1530670000.0,459187000.0,226557000.0,4268589000.0,4954333000.0,6485003000,667407000.0,454418000.0,1121825000.0,1148248000.0,1941260000.0,3063085000,473721000.0,-213721000.0,3219978000.0,3421918000.0,6485003000,150063000.0,32929000.0,6148000.0,-34062000.0,,,,,155078000.0,-14828000.0,,-297194000.0,-312140000.0,-22024000.0,187658000.0,4670000.0,173045000.0,17436000,2014-06-30,52.77999877929688,52.97000122070313,52.2400016784668,52.27999877929688,49.8331184387207,2007800.0
2014-09-30,1031811000.0,-677739000.0,354072000.0,-135929000.0,-119205000.0,,-16724000.0,218143000.0,-28182000.0,-19543000.0,189961000,,189961000,-48150000.0,141811000,,141811000,141811000,369613000.0,593452000.0,526674000.0,1590130000.0,451551000.0,231159000.0,4298221000.0,4980931000.0,6571061000,668507000.0,163202000.0,831709000.0,1473482000.0,2271545000.0,3103254000,483729000.0,-214200000.0,3339749000.0,3467807000.0,6571061000,141811000.0,36621000.0,4787000.0,13396000.0,,,,,196615000.0,-17041000.0,,-114964000.0,-131859000.0,-22040000.0,55603000.0,1261000.0,35804000.0,86842000,2014-09-30,50.86999893188477,51.06999969482422,50.18000030517578,50.209999084472656,47.94190979003906,1213700.0
2014-12-31,1024143000.0,-663463000.0,360680000.0,-133596000.0,-117491000.0,,-16105000.0,227084000.0,-19550000.0,-22566000.0,207534000,,207534000,-55534000.0,152000000,,152000000,152000000,377615000.0,585462000.0,495896000.0,1578604000.0,448446000.0,154322000.0,4239591000.0,4842359000.0,6420963000,649943000.0,286201000.0,936144000.0,1427825000.0,2245258000.0,3181402000,494339000.0,-457807000.0,3469923000.0,3239561000.0,6420963000,152000000.0,35784000.0,29368000.0,-3844000.0,,,,,213308000.0,-24048000.0,,0.0,-24049000.0,-21825000.0,90067000.0,-239648000.0,-169796000.0,8002000,2014-12-31,53.540000915527344,53.77000045776367,52.58000183105469,52.63000106811523,50.34130477905274,744100.0
2015-03-31,984059000.0,-635965000.0,348094000.0,-127142000.0,-110884000.0,,-16258000.0,220952000.0,-24166000.0,-22686000.0,196786000,,196786000,-54679000.0,142107000,,142107000,142107000,406587000.0,592301000.0,506086000.0,1608754000.0,434401000.0,146071000.0,4146014000.0,4726486000.0,6335240000,644464000.0,254038000.0,898502000.0,1418638000.0,2172876000.0,3071378000,518670000.0,-483499000.0,3590387000.0,3263862000.0,6335240000,142107000.0,35260000.0,3820000.0,-59261000.0,,,,,121926000.0,-14372000.0,,,-14372000.0,-21642000.0,-25154000.0,-12531000.0,-53245000.0,28972000,2015-03-31,52.72000122070313,52.790000915527344,52.40999984741211,52.540000915527344,50.34207534790039,1136800.0
2015-06-30,1003726000.0,-633925000.0,369801000.0,-129482000.0,-112702000.0,,-16780000.0,240319000.0,-25171000.0,-22678000.0,215148000,,215148000,-59635000.0,155513000,,155513000,155513000,326588000.0,619080000.0,541919000.0,1599342000.0,484932000.0,147644000.0,4325893000.0,4958469000.0,6557811000,646228000.0,183903000.0,830131000.0,1481906000.0,2274346000.0,3104477000,549092000.0,-507553000.0,3724314000.0,3453334000.0,6557811000,155513000.0,37057000.0,11724000.0,-40832000.0,,,,,163462000.0,-11194000.0,,-198806000.0,-210426000.0,-21701000.0,-22186000.0,-13707000.0,-44960000.0,-79999000,2015-06-30,54.77000045776367,54.959999084472656,54.27999877929688,54.77999877929688,52.57467651367188,1605300.0
2015-09-30,998527000.0,-631790000.0,366737000.0,-129122000.0,-112116000.0,,-17006000.0,237615000.0,-26009000.0,-23684000.0,211606000,,211606000,-55208000.0,156398000,,156398000,156398000,328034000.0,610019000.0,541994000.0,1590740000.0,483029000.0,148132000.0,4422123000.0,5053284000.0,6644024000,630218000.0,295259000.0,925477000.0,1621812000.0,2403278000.0,3328755000,561667000.0,-756579000.0,3859394000.0,3315269000.0,6644024000,156398000.0,37714000.0,-2528000.0,-3830000.0,,,,,187754000.0,-19306000.0,,-157660000.0,-177098000.0,-21318000.0,260681000.0,-243378000.0,-2914000.0,1446000,2015-09-30,51.72000122070313,52.38999938964844,51.63000106811523,52.31999969482422,50.29877090454102,2361600.0
2015-12-31,987983000.0,-647600000.0,340383000.0,-131553000.0,-112890000.0,,-18663000.0,208830000.0,-25990000.0,-22747000.0,182840000,,182840000,-45999000.0,136841000,,136841000,136841000,381005000.0,603295000.0,514451000.0,1618827000.0,484548000.0,177481000.0,4379594000.0,5041623000.0,6660450000,639097000.0,384924000.0,1024021000.0,1553116000.0,2381803000.0,3405824000,570894000.0,-885430000.0,3974793000.0,3254626000.0,6660450000,136841000.0,39429000.0,13216000.0,9912000.0,,,,,199398000.0,-23790000.0,,0.0,-23661000.0,-21327000.0,31413000.0,-126592000.0,-115845000.0,52971000,2015-12-31,53.90999984741211,54.25,53.58000183105469,53.59000015258789,51.60166549682617,708700.0
2016-03-31,944398000.0,-605356000.0,339042000.0,-130519000.0,-112194000.0,,-18325000.0,208523000.0,-25481000.0,-23401000.0,183042000,,183042000,-48872000.0,134170000,,134170000,134170000,386940000.0,606888000.0,548777000.0,1662590000.0,488331000.0,179172000.0,4664609000.0,5332112000.0,6994702000,624868000.0,665686000.0,1290554000.0,1552674000.0,2407462000.0,3698016000,581300000.0,-1002045000.0,4087956000.0,3296686000.0,6994702000,134170000.0,40086000.0,10367000.0,-33004000.0,,,,,151619000.0,-11115000.0,,-294611000.0,-305726000.0,-21006000.0,283333000.0,-114655000.0,149638000.0,5935000,2016-03-31,50.15999984741211,50.290000915527344,49.599998474121094,49.97999954223633,48.21504211425781,1240400.0
2016-06-30,977706000.0,-639711000.0,337995000.0,-118959000.0,-118959000.0,,,219036000.0,-28475000.0,-23706000.0,190561000,,190561000,-52368000.0,138193000,,138193000,138193000,456195000.0,596589000.0,536971000.0,1707622000.0,475471000.0,177762000.0,4594925000.0,5248158000.0,6955780000,608133000.0,599329000.0,1207462000.0,1542823000.0,2391741000.0,3599203000,584640000.0,-1009953000.0,4205199000.0,3356577000.0,6955780000,138193000.0,40851000.0,5000000.0,4896000.0,,,,,188940000.0,-14136000.0,,1143000.0,-12493000.0,-20950000.0,-61432000.0,-12979000.0,-93131000.0,69255000,2016-06-30,45.540000915527344,46.22999954223633,45.540000915527344,46.22999954223633,44.68256378173828,2628700.0
2016-09-30,945030000.0,-630744000.0,314286000.0,-113170000.0,-113170000.0,,,201116000.0,-26868000.0,-23609000.0,174248000,,174248000,-43561000.0,130687000,,130687000,130687000,445469000.0,595143000.0,537227000.0,1696890000.0,478647000.0,175134000.0,4626391000.0,5280172000.0,6977062000,603054000.0,613684000.0,1216738000.0,1540742000.0,2387125000.0,3603863000,599184000.0,-1111261000.0,4315137000.0,3373199000.0,6977062000,130687000.0,42031000.0,-1437000.0,-2323000.0,,,,,168958000.0,-15246000.0,,-66508000.0,-81754000.0,-20749000.0,15199000.0,-93210000.0,-97895000.0,-10726000,2016-09-30,47.47000122070313,47.91999816894531,47.38999938964844,47.77999877929688,46.26758193969727,2225000.0
2016-12-31,972953000.0,-699409000.0,273544000.0,-100322000.0,-118647000.0,,18325000.0,173222000.0,-27970000.0,-23588000.0,145252000,,145252000,-36144000.0,109108000,,109108000,109108000,717259000.0,592326000.0,492104000.0,1928190000.0,473230000.0,146283000.0,4552971000.0,5172484000.0,7100674000,645520000.0,278921000.0,924441000.0,2062644000.0,2919720000.0,3844161000,606758000.0,-1211539000.0,4403683000.0,3256513000.0,7100674000,109108000.0,56748000.0,6008000.0,75454000.0,,,,,247318000.0,-20951000.0,,-31443000.0,-52394000.0,-20562000.0,219402000.0,-100680000.0,98442000.0,271790000,2016-12-30,48.709999084472656,48.83000183105469,48.209999084472656,48.599998474121094,47.15002059936523,1045600.0
2017-03-31,1007682000.0,-667402000.0,340280000.0,-122833000.0,-122833000.0,,,217447000.0,-26025000.0,-24516000.0,191422000,,191422000,-52496000.0,138926000,,138926000,138926000,570233000.0,603900000.0,529927000.0,1787443000.0,482908000.0,152416000.0,4876043000.0,5511367000.0,7298810000,678847000.0,337951000.0,1016798000.0,2076577000.0,2877777000.0,3894575000,626142000.0,-1211757000.0,4521986000.0,3404235000.0,7298810000,138926000.0,42541000.0,10320000.0,-49343000.0,,,,,142444000.0,-13385000.0,,-334543000.0,-348252000.0,-20623000.0,58894000.0,13613000.0,51884000.0,-147026000,2017-03-31,53.91999816894531,54.2599983215332,53.77999877929688,54.08000183105469,52.554931640625,1214700.0
2017-06-30,1064604000.0,-702191000.0,362413000.0,-132864000.0,-132864000.0,,,229549000.0,-26194000.0,-24552000.0,203355000,,203355000,-52874000.0,150481000,,150481000,150481000,516483000.0,642263000.0,541213000.0,1789273000.0,492507000.0,155042000.0,5098191000.0,5745740000.0,7535013000,722596000.0,272550000.0,995146000.0,2128838000.0,2947671000.0,3942817000,640113000.0,-1205409000.0,4651790000.0,3592196000.0,7535013000,150481000.0,43843000.0,3609000.0,1031000.0,,,,,198964000.0,-14279000.0,,-184091000.0,-198445000.0,-20677000.0,-65710000.0,11309000.0,-75078000.0,-53750000,2017-06-30,60.34000015258789,60.93999862670898,60.34000015258789,60.56999969482422,58.9474105834961,2045300.0
2017-09-30,1084799000.0,-722127000.0,362672000.0,-132634000.0,-132634000.0,,,230038000.0,-25611000.0,-24709000.0,204427000,,204427000,-50896000.0,153531000,,153531000,153531000,736415000.0,640815000.0,546876000.0,2024483000.0,494973000.0,159130000.0,5104715000.0,5758818000.0,7783301000,760774000.0,509567000.0,1270341000.0,1920879000.0,2746805000.0,4017146000,652437000.0,-1208238000.0,4784618000.0,3766155000.0,7783301000,153531000.0,44621000.0,25794000.0,15040000.0,,,,,238986000.0,-15727000.0,,0.0,-15728000.0,-20703000.0,-2785000.0,3693000.0,-19795000.0,219932000,2017-09-29,65.47000122070311,66.18000030517578,65.44999694824219,66.04000091552734,64.35985565185547,794500.0
2017-12-31,1143085000.0,-769650000.0,373435000.0,-146849000.0,-146849000.0,,,226586000.0,-29061000.0,-24252000.0,197525000,,197525000,41007000.0,238532000,,238532000,238532000,646300000.0,668176000.0,540504000.0,1934655000.0,493296000.0,239129000.0,5128984000.0,5861409000.0,7796064000,830540000.0,308123000.0,1138663000.0,1866166000.0,2629768000.0,3768431000,663525000.0,-1209135000.0,5002419000.0,4027633000.0,7796064000,238532000.0,52222000.0,-112883000.0,74994000.0,,,,,252865000.0,-25393000.0,,-38000000.0,-63392000.0,-20732000.0,-270015000.0,4565000.0,-286182000.0,-90115000,2017-12-29,73.0,73.05999755859375,72.37000274658203,72.47000122070312,70.71492004394531,886600.0
2018-03-31,1172647000.0,-776800000.0,395847000.0,-137679000.0,-137679000.0,,,258168000.0,-22344000.0,-21686000.0,235824000,,235824000,-54484000.0,181340000,,181340000,181340000,556776000.0,684617000.0,596312000.0,1960205000.0,492350000.0,240541000.0,5365265000.0,6098156000.0,8058361000,716393000.0,308069000.0,1159923000.0,1897633000.0,2694041000.0,3853964000,676150000.0,-1210717000.0,5153722000.0,4204397000.0,8058361000,181340000.0,48834000.0,10115000.0,-62887000.0,,,,,177402000.0,-12270000.0,,-242081000.0,-253574000.0,-32302000.0,,9476000.0,-27055000.0,-89524000,2018-03-29,75.48999786376953,76.55999755859375,75.31999969482422,75.97000122070312,74.26310729980469,852000.0
2018-06-30,1208935000.0,-791248000.0,417687000.0,-147601000.0,-147601000.0,,,270086000.0,-21865000.0,-20784000.0,248221000,,248221000,-54361000.0,193860000,,193860000,193860000,557693000.0,710956000.0,614390000.0,2018126000.0,490126000.0,244846000.0,5399354000.0,6134326000.0,8152452000,737911000.0,307661000.0,1182517000.0,1838224000.0,2631839000.0,3814356000,683500000.0,-1206556000.0,5315232000.0,4338096000.0,8152452000,193860000.0,48943000.0,-1620000.0,-38043000.0,,,,,203140000.0,-16295000.0,,-132563000.0,-148154000.0,-32351000.0,-44000.0,4781000.0,-28493000.0,917000,2018-06-29,72.16000366210938,73.0,72.0,72.16000366210938,70.67005157470703,1282500.0
2018-09-30,1192962000.0,-782994000.0,409968000.0,-144702000.0,-144702000.0,,,265266000.0,-20336000.0,-19391000.0,244930000,,244930000,-53717000.0,191213000,,191213000,191213000,518721000.0,714929000.0,620149000.0,1998615000.0,487425000.0,256786000.0,5365217000.0,6109428000.0,8108043000,764085000.0,68722000.0,969901000.0,1832547000.0,2626233000.0,3596134000,700534000.0,-1206491000.0,5474070000.0,4511909000.0,8108043000,191213000.0,48130000.0,611000.0,8859000.0,,,,,248813000.0,-18206000.0,,-1604000.0,-22525000.0,-32374000.0,-239035000.0,10370000.0,-261680000.0,-38972000,2018-09-28,78.81999969482422,79.62000274658203,78.72000122070312,79.12000274658203,77.62264251708984,959200.0
2018-12-31,1271328000.0,-835268000.0,436060000.0,-154040000.0,-154040000.0,,,282020000.0,-23250000.0,-20319000.0,258770000,,258770000,-47250000.0,211520000,,211520000,211520000,353975000.0,732839000.0,624744000.0,1836144000.0,554130000.0,256210000.0,6015804000.0,6826144000.0,8662288000,762599000.0,358876000.0,1258704000.0,2273837000.0,3161662000.0,4420366000,709383000.0,-1570184000.0,5653811000.0,4241922000.0,8662288000,211520000.0,53583000.0,-67517000.0,98577000.0,,,,,296163000.0,-32735000.0,,-753057000.0,-785791000.0,-31884000.0,752478000.0,-362284000.0,330268000.0,-164746000,2018-12-31,67.05999755859375,67.73999786376953,66.90000152587889,67.69999694824219,66.54800415039061,819500.0
2019-03-31,1287691000.0,-851307000.0,436384000.0,-153125000.0,-153125000.0,,,283259000.0,-26321000.0,-22653000.0,256938000,,256938000,-52670000.0,204268000,,204268000,204268000,368065000.0,763156000.0,640580000.0,1924644000.0,542679000.0,262162000.0,6161998000.0,6966839000.0,8891483000,766710000.0,104157000.0,1007228000.0,2368197000.0,3427634000.0,4434862000,740820000.0,-1570437000.0,5826313000.0,4456621000.0,8891483000,204268000.0,57500000.0,18656000.0,-84167000.0,,,,,196257000.0,-21417000.0,,,-17750000.0,-31766000.0,-156286000.0,24792000.0,-165865000.0,14090000,2019-03-29,82.75,83.12000274658203,82.5999984741211,82.97000122070312,81.69922637939453,1286500.0
2019-06-30,1289412000.0,-838153000.0,451259000.0,-155849000.0,-155849000.0,,,295410000.0,-24811000.0,-21475000.0,270599000,,270599000,-55096000.0,215503000,,215503000,215503000,567912000.0,757522000.0,634138000.0,2127153000.0,538256000.0,269598000.0,6134595000.0,6942449000.0,9069602000,739567000.0,98356000.0,978558000.0,2368690000.0,3424263000.0,4402821000,762429000.0,-1569790000.0,6009968000.0,4666781000.0,9069602000,215503000.0,57173000.0,168000.0,-26523000.0,,,,,246321000.0,-21861000.0,,,-21861000.0,-31849000.0,-4516000.0,14716000.0,-25657000.0,199847000,2019-06-28,88.79000091552734,90.87000274658205,88.4000015258789,90.83999633789062,89.59534454345703,4909400.0
2019-09-30,1276633000.0,-823262000.0,453371000.0,-152315000.0,-152315000.0,,,301056000.0,-26825000.0,-21308000.0,274231000,,274231000,-53482000.0,220749000,,220749000,220749000,735376000.0,761961000.0,623675000.0,2272184000.0,537157000.0,257333000.0,6153035000.0,6947525000.0,9219709000,766805000.0,199533000.0,1110519000.0,2229252000.0,3243225000.0,4353744000,795337000.0,-1569735000.0,6198836000.0,4865965000.0,9219709000,220749000.0,55262000.0,25539000.0,28086000.0,,,,,329636000.0,-9984000.0,,-122149000.0,-133741000.0,-31883000.0,2591000.0,13524000.0,-16404000.0,167464000,2019-09-30,91.19000244140624,91.98999786376952,90.81999969482422,91.81999969482422,90.70330810546876,1128400.0
2019-12-31,1304821000.0,-858175000.0,446646000.0,-148991000.0,-148991000.0,,,297655000.0,-29675000.0,-23045000.0,267980000,,267980000,-47203000.0,220777000,,220777000,220777000,393030000.0,744760000.0,624567000.0,2025771000.0,548908000.0,279790000.0,6990090000.0,7818788000.0,9844559000,771591000.0,497449000.0,1425858000.0,2271292000.0,3303209000.0,4729067000,835483000.0,-1574464000.0,6387612000.0,5115492000.0,9844559000,220777000.0,64107000.0,19689000.0,37635000.0,,,,,342208000.0,-37778000.0,,-939796000.0,-977573000.0,-31998000.0,288916000.0,25432000.0,280839000.0,-342346000,2019-12-31,99.87999725341795,100.43000030517578,99.55999755859376,99.73999786376952,98.66983032226562,641100.0
2020-03-31,1202218000.0,-824647000.0,377571000.0,-145531000.0,-145531000.0,,,232040000.0,119035000.0,-22741000.0,351075000,,351075000,-70459000.0,280616000,,280616000,280616000,1253382000.0,712195000.0,654298000.0,2774491000.0,534786000.0,280289000.0,7012380000.0,7827455000.0,10601946000,791989000.0,510792000.0,1477671000.0,2741798000.0,3798272000.0,5275943000,840419000.0,-1565381000.0,6626703000.0,5326003000.0,10601946000,280616000.0,66067000.0,-147130000.0,71199000.0,,,,,270752000.0,-11468000.0,,128706000.0,115557000.0,-41165000.0,522251000.0,6876000.0,486649000.0,860352000,2020-03-31,73.0199966430664,73.70999908447266,70.56999969482422,72.0199966430664,71.41365814208984,2453600.0
2020-06-30,1011922000.0,-669195000.0,342727000.0,-115737000.0,-115737000.0,,,226990000.0,-20538000.0,-22669000.0,206452000,,206452000,-40235000.0,166217000,,166217000,166217000,1130975000.0,620160000.0,621518000.0,2517135000.0,516575000.0,289794000.0,6987668000.0,7794037000.0,10311172000,720960000.0,115880000.0,1017453000.0,2753254000.0,3807279000.0,4824732000,863439000.0,-1569908000.0,6751686000.0,5486440000.0,10311172000,166217000.0,61337000.0,12788000.0,74274000.0,,,,,314616000.0,-10086000.0,,96000.0,-10766000.0,-41234000.0,-397022000.0,9304000.0,-430253000.0,-122407000,2020-06-30,88.02999877929688,89.69999694824219,87.70999908447266,89.37000274658203,88.78916931152344,1029400.0
