Report Date,Revenue,Cost of Revenue,Gross Profit,Operating Expenses,"Selling, General & Administrative",Research & Development,Depreciation & Amortization,Operating Income (Loss),Non-Operating Income (Loss),"Interest Expense, Net","Pretax Income (Loss), Adj.",Abnormal Gains (Losses),Pretax Income (Loss),"Income Tax (Expense) Benefit, Net",Income (Loss) from Continuing Operations,Net Extraordinary Gains (Losses),Net Income,Net Income (Common),"Cash, Cash Equivalents & Short Term Investments",Accounts & Notes Receivable,Inventories,Total Current Assets,"Property, Plant & Equipment, Net",Long Term Investments & Receivables,Other Long Term Assets,Total Noncurrent Assets,Total Assets,Payables & Accruals,Short Term Debt,Total Current Liabilities,Long Term Debt,Total Noncurrent Liabilities,Total Liabilities,Share Capital & Additional Paid-In Capital,Treasury Stock,Retained Earnings,Total Equity,Total Liabilities & Equity,Net Income/Starting Line,Depreciation & Amortization,Non-Cash Items,Change in Working Capital,Change in Accounts Receivable,Change in Inventories,Change in Accounts Payable,Change in Other,Net Cash from Operating Activities,Change in Fixed Assets & Intangibles,Net Change in Long Term Investment,Net Cash from Acquisitions & Divestitures,Net Cash from Investing Activities,Dividends Paid,Cash from (Repayment of) Debt,Cash from (Repurchase of) Equity,Net Cash from Financing Activities,Net Change in Cash,Price Date,Open,High,Low,Close,Adj Close,Volume
2009-06-30,3713000000.0,-531000000.0,3182000000.0,-1725000000.0,-959000000.0,-693000000.0,-73000000.0,1457000000.0,-100000000.0,-150000000.0,1357000000,,1357000000,-88000000.0,1269000000,,1269000000,1269000000,11965000000.0,2182000000.0,2061000000.0,17696000000.0,5800000000.0,,15344000000.0,21144000000.0,38840000000,3548000000.0,1000000000.0,4548000000.0,10471000000.0,12932000000.0,17480000000,26720000000.0,,-5423000000.0,21360000000.0,38840000000,1269000000.0,253000000.0,175000000.0,-18000000.0,,,,,1679000000.0,-139000000.0,-1425000000.0,,-1581000000.0,,0.0,76000000.0,93000000.0,191000000,2009-06-30,52.90999984741211,53.38999938964844,52.25,52.93999862670898,41.28121948242188,10805100.0
2009-09-30,3812000000.0,-545000000.0,3267000000.0,-1662000000.0,-941000000.0,-647000000.0,-74000000.0,1605000000.0,-65000000.0,-139000000.0,1540000000,,1540000000,-154000000.0,1386000000,,1386000000,1386000000,14013000000.0,2331000000.0,2155000000.0,19974000000.0,5743000000.0,,15223000000.0,20966000000.0,40940000000,3903000000.0,1000000000.0,4903000000.0,10536000000.0,13179000000.0,18082000000,26853000000.0,,-4042000000.0,22858000000.0,40940000000,1386000000.0,272000000.0,121000000.0,196000000.0,,,,,1975000000.0,-130000000.0,-1369000000.0,,-1421000000.0,,0.0,49000000.0,55000000.0,609000000,2009-09-30,60.5,60.66999816894531,59.599998474121094,60.22999954223633,46.96575164794922,5991800.0
2009-12-31,3809000000.0,-538000000.0,3271000000.0,-2148000000.0,-1184000000.0,-891000000.0,-73000000.0,1123000000.0,-48000000.0,-142000000.0,1075000000,,1075000000,-144000000.0,931000000,,931000000,931000000,13442000000.0,2109000000.0,2220000000.0,18932000000.0,5738000000.0,,14959000000.0,20697000000.0,39629000000,3873000000.0,0.0,3873000000.0,10601000000.0,13089000000.0,16962000000,26944000000.0,,-4322000000.0,22667000000.0,39629000000,931000000.0,257000000.0,218000000.0,417000000.0,,,,,1823000000.0,-144000000.0,-200000000.0,0.0,-339000000.0,0.0,-1000000000.0,-1357000000.0,-2177000000.0,-693000000,2009-12-31,57.47000122070313,57.5,56.56999969482422,56.56999969482422,44.111778259277344,4027900.0
2010-03-31,3592000000.0,-508000000.0,3084000000.0,-1603000000.0,-883000000.0,-646000000.0,-74000000.0,1481000000.0,-61000000.0,-145000000.0,1420000000,,1420000000,-253000000.0,1167000000,,1167000000,1167000000,14117000000.0,2271000000.0,2202000000.0,19809000000.0,5619000000.0,,14938000000.0,20557000000.0,40366000000,4184000000.0,2378000000.0,6562000000.0,9286000000.0,11465000000.0,18027000000,27031000000.0,,-4852000000.0,22339000000.0,40366000000,1167000000.0,252000000.0,78000000.0,-584000000.0,,,,,913000000.0,-94000000.0,-849000000.0,0.0,-955000000.0,,989000000.0,-1561000000.0,-576000000.0,-618000000,2010-03-31,60.0,60.22000122070313,59.68999862670898,59.84000015258789,46.66165161132813,4975100.0
2010-06-30,3804000000.0,-553000000.0,3251000000.0,-1734000000.0,-986000000.0,-675000000.0,-73000000.0,1517000000.0,-53000000.0,-147000000.0,1464000000,,1464000000,-262000000.0,1202000000,,1202000000,1202000000,14523000000.0,2208000000.0,2112000000.0,20164000000.0,5630000000.0,,15006000000.0,20636000000.0,40800000000,3578000000.0,2414000000.0,5992000000.0,9318000000.0,11638000000.0,17630000000,27119000000.0,,-4266000000.0,23170000000.0,40800000000,1202000000.0,251000000.0,160000000.0,-49000000.0,,,,,1564000000.0,-177000000.0,-1222000000.0,0.0,-1435000000.0,,0.0,-739000000.0,-683000000.0,-554000000,2010-06-30,53.86999893188477,54.4900016784668,52.599998474121094,52.599998474121094,41.01609802246094,8538100.0
2010-09-30,3816000000.0,-587000000.0,3229000000.0,-1750000000.0,-957000000.0,-719000000.0,-74000000.0,1479000000.0,-45000000.0,-150000000.0,1434000000,,1434000000,-198000000.0,1236000000,,1236000000,1236000000,17049000000.0,2443000000.0,2044000000.0,22930000000.0,5643000000.0,,14961000000.0,20604000000.0,43534000000,3809000000.0,2451000000.0,6260000000.0,10841000000.0,13203000000.0,19463000000,27210000000.0,,-3394000000.0,24071000000.0,43534000000,1236000000.0,253000000.0,129000000.0,-316000000.0,,,,,1302000000.0,-127000000.0,-1118000000.0,0.0,-1271000000.0,0.0,1482000000.0,-294000000.0,1208000000.0,1239000000,2010-09-30,55.02000045776367,55.56999969482422,54.6500015258789,55.11000061035156,42.97332382202149,6269000.0
2010-12-31,3841000000.0,-572000000.0,3269000000.0,-2201000000.0,-1274000000.0,-854000000.0,-73000000.0,1068000000.0,-69000000.0,-162000000.0,999000000,,999000000,23000000.0,1022000000,,1022000000,1022000000,17422000000.0,2335000000.0,2022000000.0,23129000000.0,5522000000.0,,14835000000.0,20357000000.0,43486000000,4082000000.0,2488000000.0,6570000000.0,10874000000.0,12972000000.0,19542000000,27299000000.0,,-3508000000.0,23944000000.0,43486000000,1022000000.0,261000000.0,93000000.0,632000000.0,,,,,2008000000.0,-182000000.0,-286000000.0,0.0,-491000000.0,0.0,0.0,-1112000000.0,-1181000000.0,336000000,2010-12-31,55.47000122070313,55.61000061035156,54.77000045776367,54.9000015258789,42.8095817565918,3997500.0
2011-03-31,3706000000.0,-564000000.0,3142000000.0,-1849000000.0,-1039000000.0,-736000000.0,-74000000.0,1293000000.0,13000000.0,-135000000.0,1306000000,,1306000000,-181000000.0,1125000000,,1125000000,1125000000,15358000000.0,2517000000.0,2098000000.0,21689000000.0,5455000000.0,,15570000000.0,21025000000.0,42714000000,4166000000.0,83000000.0,4249000000.0,10824000000.0,13481000000.0,17730000000,27376000000.0,,-2383000000.0,24984000000.0,42714000000,1125000000.0,273000000.0,91000000.0,-459000000.0,,,,,1030000000.0,-100000000.0,-46000000.0,-403000000.0,-555000000.0,0.0,-2500000000.0,2000000.0,-2496000000.0,-2021000000,2011-03-31,53.72999954223633,54.04999923706055,53.45000076293945,53.45000076293945,41.678897857666016,4501100.0
2011-06-30,3959000000.0,-602000000.0,3357000000.0,-2025000000.0,-1133000000.0,-819000000.0,-73000000.0,1332000000.0,7000000.0,-122000000.0,1339000000,,1339000000,-169000000.0,1170000000,,1170000000,1170000000,19172000000.0,2713000000.0,2230000000.0,25481000000.0,5516000000.0,,15939000000.0,21455000000.0,46936000000,4499000000.0,83000000.0,4582000000.0,13847000000.0,16740000000.0,21322000000,27514000000.0,,-1945000000.0,25614000000.0,46936000000,1170000000.0,261000000.0,47000000.0,58000000.0,,,,,1536000000.0,-123000000.0,1266000000.0,-298000000.0,846000000.0,0.0,2973000000.0,-634000000.0,2350000000.0,4732000000,2011-06-30,58.099998474121094,58.4000015258789,57.9900016784668,58.349998474121094,45.49978256225586,5069900.0
2011-09-30,3944000000.0,-605000000.0,3339000000.0,-2814000000.0,-1979000000.0,-761000000.0,-74000000.0,525000000.0,-71000000.0,-158000000.0,454000000,,454000000,0.0,454000000,,454000000,454000000,17676000000.0,2725000000.0,2357000000.0,24430000000.0,5391000000.0,,15944000000.0,21335000000.0,45765000000,4931000000.0,384000000.0,5315000000.0,13881000000.0,16897000000.0,22212000000,27602000000.0,,-4167000000.0,23553000000.0,45765000000,454000000.0,265000000.0,138000000.0,112000000.0,,,,,969000000.0,-120000000.0,-753000000.0,0.0,-857000000.0,-255000000.0,300000000.0,-2259000000.0,-2219000000.0,-2107000000,2011-09-30,55.18000030517578,56.06000137329102,54.93000030517578,54.959999084472656,43.09017562866211,6430000.0
2011-12-31,3973000000.0,-937000000.0,3036000000.0,-1874000000.0,-1244000000.0,-851000000.0,221000000.0,1162000000.0,-111000000.0,-195000000.0,1051000000,,1051000000,-117000000.0,934000000,,934000000,934000000,20641000000.0,2896000000.0,2484000000.0,27593000000.0,5420000000.0,,15858000000.0,21278000000.0,48871000000,5670000000.0,84000000.0,5754000000.0,21344000000.0,24088000000.0,29842000000,27777000000.0,,-8919000000.0,19029000000.0,48871000000,934000000.0,261000000.0,-194000000.0,583000000.0,,,,,1584000000.0,-224000000.0,-30000000.0,0.0,-220000000.0,-245000000.0,7114000000.0,-5182000000.0,1691000000.0,3055000000,2011-12-30,64.34999847412111,65.0,64.20999908447266,64.20999908447266,50.58952713012695,5112100.0
2012-03-31,4048000000.0,-750000000.0,3298000000.0,-1821000000.0,-1085000000.0,-736000000.0,,1477000000.0,-111000000.0,-235000000.0,1366000000,,1366000000,-182000000.0,1184000000,,1184000000,1184000000,19374000000.0,2988000000.0,2499000000.0,26855000000.0,5392000000.0,,17003000000.0,22395000000.0,49250000000,5917000000.0,2381000000.0,8298000000.0,19028000000.0,22078000000.0,30376000000,28212000000.0,,-9444000000.0,18874000000.0,49250000000,1184000000.0,259000000.0,142000000.0,-613000000.0,,,,,972000000.0,-144000000.0,-1233000000.0,-969000000.0,-2346000000.0,-285000000.0,-84000000.0,-1001000000.0,-1365000000.0,-2739000000,2012-03-30,67.66000366210939,68.0,67.25,67.97000122070311,53.83968353271485,3857300.0
2012-06-30,4477000000.0,-752000000.0,3725000000.0,-2136000000.0,-1310000000.0,-826000000.0,,1589000000.0,-132000000.0,-256000000.0,1457000000,,1457000000,-191000000.0,1266000000,,1266000000,1266000000,22475000000.0,2708000000.0,2592000000.0,29562000000.0,5437000000.0,,17227000000.0,22664000000.0,52226000000,5616000000.0,2416000000.0,8032000000.0,21962000000.0,24955000000.0,32987000000,28468000000.0,,-9380000000.0,19239000000.0,52226000000,1266000000.0,269000000.0,-101000000.0,941000000.0,,,,,2375000000.0,-172000000.0,-1467000000.0,-702000000.0,-2440000000.0,-280000000.0,2961000000.0,-995000000.0,1707000000.0,1642000000,2012-06-29,72.7300033569336,73.04000091552734,72.11000061035156,72.91000366210938,58.04794692993164,4918700.0
2012-09-30,4319000000.0,-775000000.0,3544000000.0,-2121000000.0,-1241000000.0,-880000000.0,,1423000000.0,-160000000.0,-271000000.0,1263000000,,1263000000,-156000000.0,1107000000,,1107000000,1107000000,25374000000.0,2696000000.0,2769000000.0,32605000000.0,5381000000.0,,17462000000.0,22843000000.0,55448000000,5909000000.0,2458000000.0,8367000000.0,24020000000.0,27179000000.0,35546000000,29103000000.0,,-9348000000.0,19902000000.0,55448000000,1107000000.0,287000000.0,158000000.0,171000000.0,,,,,1723000000.0,-173000000.0,-2742000000.0,-319000000.0,-3173000000.0,-279000000.0,1954000000.0,-265000000.0,1424000000.0,-26000000,2012-09-28,83.98999786376953,84.52999877929688,83.61000061035156,84.29000091552734,67.40332794189453,3629800.0
2012-12-31,4421000000.0,-922000000.0,3499000000.0,-2411000000.0,-1473000000.0,-938000000.0,,1088000000.0,-165000000.0,-291000000.0,923000000,,923000000,-135000000.0,788000000,,788000000,788000000,24061000000.0,2518000000.0,2744000000.0,31209000000.0,5326000000.0,,17763000000.0,23089000000.0,54298000000,5696000000.0,2495000000.0,8191000000.0,24034000000.0,27047000000.0,35238000000,29337000000.0,,-10423000000.0,19060000000.0,54298000000,788000000.0,273000000.0,295000000.0,-544000000.0,,,,,812000000.0,-225000000.0,-1433000000.0,-400000000.0,-2031000000.0,-274000000.0,-21000000.0,-1058000000.0,-1347000000.0,-2566000000,2012-12-31,85.0,86.80000305175781,84.55999755859375,86.19999694824219,69.2220458984375,3896700.0
2013-03-31,4238000000.0,-744000000.0,3494000000.0,-2052000000.0,-1174000000.0,-878000000.0,,1442000000.0,-99000000.0,-263000000.0,1343000000,,1343000000,91000000.0,1434000000,,1434000000,1434000000,21271000000.0,2528000000.0,2737000000.0,28695000000.0,5296000000.0,,17649000000.0,22945000000.0,51640000000,5135000000.0,7000000.0,5142000000.0,23885000000.0,27007000000.0,32149000000,29465000000.0,,-10111000000.0,19491000000.0,51640000000,1434000000.0,277000000.0,54000000.0,-716000000.0,,,,,1049000000.0,-158000000.0,1973000000.0,0.0,1809000000.0,-353000000.0,-2500000000.0,-739000000.0,-3585000000.0,-727000000,2013-03-28,99.83999633789062,102.62000274658205,99.79000091552734,102.51000213623048,82.76797485351562,5506800.0
2013-06-30,4679000000.0,-785000000.0,3894000000.0,-2344000000.0,-1377000000.0,-967000000.0,,1550000000.0,-145000000.0,-241000000.0,1405000000,,1405000000,-147000000.0,1258000000,,1258000000,1258000000,22018000000.0,2674000000.0,2773000000.0,29673000000.0,5293000000.0,,17644000000.0,22937000000.0,52610000000,4777000000.0,7000000.0,4784000000.0,23908000000.0,27232000000.0,32016000000,29519000000.0,,-8854000000.0,20594000000.0,52610000000,1258000000.0,277000000.0,285000000.0,-220000000.0,,,,,1600000000.0,-159000000.0,2162000000.0,0.0,1959000000.0,-354000000.0,0.0,119000000.0,-283000000.0,3276000000,2013-06-28,98.73999786376952,99.87999725341795,97.77999877929688,98.66000366210938,80.01123046875,5269700.0
2013-09-30,4748000000.0,-788000000.0,3960000000.0,-2272000000.0,-1283000000.0,-989000000.0,,1688000000.0,-185000000.0,-257000000.0,1503000000,,1503000000,-135000000.0,1368000000,,1368000000,1368000000,22558000000.0,2670000000.0,2838000000.0,30675000000.0,5283000000.0,,21115000000.0,26398000000.0,57073000000,4832000000.0,11000000.0,4843000000.0,27178000000.0,30502000000.0,35345000000,29665000000.0,,-7840000000.0,21728000000.0,57073000000,1368000000.0,288000000.0,84000000.0,67000000.0,,,,,1807000000.0,-175000000.0,-1424000000.0,0.0,-2119000000.0,-354000000.0,3074000000.0,56000000.0,2787000000.0,2475000000,2013-09-30,112.08000183105469,113.2699966430664,111.5,111.91999816894531,91.16205596923828,3041300.0
2013-12-31,5011000000.0,-1029000000.0,3982000000.0,-2795000000.0,-1546000000.0,-1249000000.0,,1187000000.0,-173000000.0,-261000000.0,1014000000,,1014000000,7000000.0,1021000000,,1021000000,1021000000,19401000000.0,2697000000.0,3019000000.0,27367000000.0,5349000000.0,,33409000000.0,38758000000.0,66125000000,5442000000.0,2505000000.0,7947000000.0,29623000000.0,36082000000.0,44029000000,29891000000.0,,-7634000000.0,22096000000.0,66125000000,1021000000.0,444000000.0,-106000000.0,476000000.0,,,,,1835000000.0,-181000000.0,-463000000.0,-9434000000.0,-10118000000.0,-354000000.0,4109000000.0,28000000.0,3807000000.0,-4476000000,2013-12-31,115.91000366210938,115.9499969482422,113.66999816894531,114.08000183105469,93.3089599609375,2362700.0
2014-03-31,4521000000.0,-1090000000.0,3431000000.0,-2067000000.0,-1040000000.0,-1027000000.0,,1364000000.0,-160000000.0,-259000000.0,1204000000,,1204000000,-131000000.0,1073000000,,1073000000,1073000000,19802000000.0,2514000000.0,2966000000.0,28302000000.0,5365000000.0,,33337000000.0,38702000000.0,67004000000,5698000000.0,2505000000.0,8203000000.0,29519000000.0,36060000000.0,44263000000,29890000000.0,,-7023000000.0,22741000000.0,67004000000,1073000000.0,518000000.0,79000000.0,-528000000.0,,,,,1142000000.0,-172000000.0,-116000000.0,-104000000.0,-765000000.0,-460000000.0,-125000000.0,38000000.0,-495000000.0,-118000000,2014-03-31,122.5,124.52999877929688,122.19000244140624,123.33999633789062,101.3970947265625,4761200.0
2014-06-30,5180000000.0,-1081000000.0,4099000000.0,-2197000000.0,-1179000000.0,-1018000000.0,,1902000000.0,-144000000.0,-282000000.0,1758000000,,1758000000,-211000000.0,1547000000,,1547000000,1547000000,26188000000.0,2697000000.0,2954000000.0,34328000000.0,5371000000.0,,29835000000.0,35206000000.0,69534000000,5366000000.0,2500000000.0,7866000000.0,30828000000.0,37286000000.0,45152000000,29981000000.0,,-5476000000.0,24382000000.0,69534000000,1547000000.0,506000000.0,121000000.0,53000000.0,,,,,2227000000.0,-173000000.0,-3045000000.0,-11000000.0,-2458000000.0,-463000000.0,1246000000.0,61000000.0,896000000.0,665000000,2014-06-30,118.95999908447266,119.16999816894531,118.1999969482422,118.37000274658205,97.8455047607422,2422700.0
2014-09-30,5031000000.0,-1068000000.0,3963000000.0,-2497000000.0,-1479000000.0,-1018000000.0,,1466000000.0,-129000000.0,-269000000.0,1337000000,,1337000000,-93000000.0,1244000000,,1244000000,1244000000,28075000000.0,2355000000.0,2885000000.0,36048000000.0,5267000000.0,,29460000000.0,34727000000.0,70775000000,6051000000.0,2500000000.0,8551000000.0,30480000000.0,36899000000.0,45450000000,30127000000.0,,-4698000000.0,25325000000.0,70775000000,1244000000.0,543000000.0,138000000.0,816000000.0,,,,,2741000000.0,-320000000.0,-2648000000.0,0.0,-2903000000.0,-464000000.0,-125000000.0,54000000.0,-513000000.0,-675000000,2014-09-30,140.30999755859378,141.5800018310547,139.02000427246094,140.46000671386722,116.6642074584961,2646800.0
2014-12-31,5331000000.0,-1183000000.0,4148000000.0,-2689000000.0,-1455000000.0,-1234000000.0,,1459000000.0,-173000000.0,-261000000.0,1286000000,,1286000000,8000000.0,1294000000,,1294000000,1294000000,27026000000.0,2546000000.0,2647000000.0,34713000000.0,5223000000.0,,29073000000.0,34296000000.0,69009000000,6508000000.0,500000000.0,7008000000.0,30215000000.0,36223000000.0,43231000000,30410000000.0,,-4624000000.0,25778000000.0,69009000000,1294000000.0,525000000.0,18000000.0,1005000000.0,,,,,2842000000.0,-335000000.0,827000000.0,-50000000.0,374000000.0,-464000000.0,-2125000000.0,-105000000.0,-3162000000.0,54000000,2014-12-31,161.6699981689453,163.27999877929688,159.25999450683594,159.2899932861328,132.80970764160156,2691900.0
2015-03-31,5033000000.0,-1033000000.0,4000000000.0,-1978000000.0,-1084000000.0,-894000000.0,,2022000000.0,-146000000.0,-252000000.0,1876000000,,1876000000,-253000000.0,1623000000,,1623000000,1623000000,27118000000.0,2548000000.0,2686000000.0,35064000000.0,5123000000.0,,28765000000.0,33888000000.0,68952000000,5836000000.0,500000000.0,6336000000.0,29841000000.0,36110000000.0,42446000000,30420000000.0,,-4051000000.0,26506000000.0,68952000000,1623000000.0,524000000.0,-18000000.0,-647000000.0,,,,,1482000000.0,-118000000.0,-731000000.0,,-952000000.0,-599000000.0,-125000000.0,-464000000.0,-1397000000.0,-867000000,2015-03-31,163.32000732421875,164.08999633789062,159.72000122070312,159.85000610351562,133.98220825195312,3111000.0
2015-06-30,5370000000.0,-1089000000.0,4281000000.0,-2205000000.0,-1241000000.0,-964000000.0,,2076000000.0,-79000000.0,-277000000.0,1997000000,,1997000000,-344000000.0,1653000000,,1653000000,1653000000,29993000000.0,2779000000.0,2567000000.0,37736000000.0,5050000000.0,,28423000000.0,33473000000.0,71209000000,5641000000.0,1250000000.0,6891000000.0,30702000000.0,36834000000.0,43725000000,30464000000.0,,-2912000000.0,27484000000.0,71209000000,1653000000.0,519000000.0,57000000.0,1055000000.0,,,,,3284000000.0,43000000.0,-2278000000.0,,-2359000000.0,-602000000.0,1439000000.0,-476000000.0,6000000.0,931000000,2015-06-30,153.24000549316406,154.22000122070312,151.50999450683594,153.52000427246094,129.31082153320312,3893300.0
2015-09-30,5723000000.0,-1034000000.0,4689000000.0,-2350000000.0,-1231000000.0,-1119000000.0,,2339000000.0,-147000000.0,-282000000.0,2192000000,,2192000000,-329000000.0,1863000000,,1863000000,1863000000,31120000000.0,2901000000.0,2531000000.0,38844000000.0,4988000000.0,,28037000000.0,33025000000.0,71869000000,5915000000.0,1250000000.0,7165000000.0,30511000000.0,36737000000.0,43902000000,30556000000.0,,-2352000000.0,27967000000.0,71869000000,1863000000.0,523000000.0,-22000000.0,528000000.0,,,,,2892000000.0,-43000000.0,-1820000000.0,,-2003000000.0,-599000000.0,-125000000.0,-744000000.0,-1458000000.0,-569000000,2015-09-30,136.66000366210938,139.25,135.86000061035156,138.32000732421878,117.04977416992188,6209500.0
2015-12-31,5536000000.0,-1071000000.0,4465000000.0,-2432000000.0,-1339000000.0,-1093000000.0,,2033000000.0,-120000000.0,-284000000.0,1913000000,,1913000000,-113000000.0,1800000000,,1800000000,1800000000,31382000000.0,2995000000.0,2435000000.0,38515000000.0,4907000000.0,,28027000000.0,32934000000.0,71449000000,6417000000.0,2247000000.0,8664000000.0,29182000000.0,34702000000.0,43366000000,30649000000.0,,-2086000000.0,28083000000.0,71449000000,1800000000.0,542000000.0,-448000000.0,179000000.0,,,,,2073000000.0,-202000000.0,408000000.0,-359000000.0,-233000000.0,-596000000.0,-124000000.0,-183000000.0,-922000000.0,918000000,2015-12-31,162.14999389648438,164.11000061035156,162.0500030517578,162.3300018310547,138.06289672851562,1775900.0
2016-03-31,5527000000.0,-1018000000.0,4509000000.0,-2107000000.0,-1235000000.0,-872000000.0,,2402000000.0,-144000000.0,-294000000.0,2258000000,,2258000000,-358000000.0,1900000000,,1900000000,1900000000,34740000000.0,3078000000.0,2572000000.0,42206000000.0,4885000000.0,,28025000000.0,32910000000.0,75116000000,6276000000.0,2247000000.0,8523000000.0,32060000000.0,37911000000.0,46434000000,30588000000.0,,-1638000000.0,28682000000.0,75116000000,1900000000.0,521000000.0,119000000.0,-625000000.0,,,,,1915000000.0,-156000000.0,-4239000000.0,,-4390000000.0,-752000000.0,2784000000.0,-676000000.0,1227000000.0,-1248000000,2016-03-31,149.3300018310547,150.9600067138672,149.1300048828125,149.92999267578125,128.40333557128906,2799600.0
2016-06-30,5688000000.0,-1050000000.0,4638000000.0,-2258000000.0,-1358000000.0,-900000000.0,,2380000000.0,-176000000.0,-313000000.0,2204000000,,2204000000,-334000000.0,1870000000,,1870000000,1870000000,35034000000.0,3078000000.0,2671000000.0,42947000000.0,4884000000.0,,27640000000.0,32524000000.0,75471000000,5536000000.0,5294000000.0,10830000000.0,27928000000.0,34508000000.0,45338000000,30595000000.0,,-356000000.0,30133000000.0,75471000000,1870000000.0,522000000.0,307000000.0,-22000000.0,,,,,2677000000.0,-287000000.0,-328000000.0,,-657000000.0,-752000000.0,-876000000.0,-542000000.0,-2286000000.0,-266000000,2016-06-30,150.8300018310547,152.42999267578125,149.8300018310547,152.14999389648438,131.16242980957028,3480700.0
2016-09-30,5811000000.0,-1027000000.0,4784000000.0,-2257000000.0,-1267000000.0,-990000000.0,,2527000000.0,-109000000.0,-325000000.0,2418000000,,2418000000,-401000000.0,2017000000,,2017000000,2017000000,37980000000.0,3186000000.0,2681000000.0,45844000000.0,4912000000.0,,27394000000.0,32306000000.0,78150000000,5745000000.0,4797000000.0,10542000000.0,30526000000.0,36835000000.0,47377000000,30691000000.0,,221000000.0,30773000000.0,78150000000,2017000000.0,503000000.0,-31000000.0,173000000.0,,,,,2662000000.0,-68000000.0,-2111000000.0,,-2389000000.0,-747000000.0,2080000000.0,-764000000.0,582000000.0,855000000,2016-09-30,166.3800048828125,167.72000122070312,165.27000427246094,166.80999755859375,144.63621520996094,3999600.0
2016-12-31,5965000000.0,-1067000000.0,4898000000.0,-2413000000.0,-1335000000.0,-1078000000.0,,2485000000.0,-202000000.0,-328000000.0,2283000000,,2283000000,-348000000.0,1935000000,,1935000000,1935000000,38085000000.0,3165000000.0,2745000000.0,46010000000.0,4961000000.0,,26655000000.0,31616000000.0,77626000000,6801000000.0,4403000000.0,11204000000.0,30193000000.0,36547000000.0,47751000000,30784000000.0,,-438000000.0,29875000000.0,77626000000,1935000000.0,559000000.0,131000000.0,475000000.0,,,,,3100000000.0,-227000000.0,-999000000.0,0.0,-1222000000.0,-747000000.0,-395000000.0,-983000000.0,-2122000000.0,-244000000,2016-12-30,147.6300048828125,148.75,145.6199951171875,146.2100067138672,127.63087463378906,3193100.0
2017-03-31,5464000000.0,-996000000.0,4468000000.0,-1877000000.0,-1108000000.0,-769000000.0,,2591000000.0,-131000000.0,-326000000.0,2460000000,,2460000000,-389000000.0,2071000000,,2071000000,2071000000,38398000000.0,3248000000.0,2871000000.0,46456000000.0,4960000000.0,,26446000000.0,31406000000.0,77862000000,6724000000.0,3799000000.0,10523000000.0,30293000000.0,36702000000.0,47225000000,30766000000.0,,233000000.0,30637000000.0,77862000000,2071000000.0,524000000.0,-2000000.0,-208000000.0,,,,,2385000000.0,-168000000.0,63000000.0,0.0,-157000000.0,-847000000.0,-605000000.0,-586000000.0,-2111000000.0,117000000,2017-03-31,164.32000732421875,165.47999572753906,163.85000610351562,164.07000732421875,144.2091522216797,2811800.0
2017-06-30,5810000000.0,-1024000000.0,4786000000.0,-2088000000.0,-1215000000.0,-873000000.0,,2698000000.0,-156000000.0,-321000000.0,2542000000,,2542000000,-391000000.0,2151000000,,2151000000,2151000000,39227000000.0,3560000000.0,2961000000.0,48442000000.0,4980000000.0,,26165000000.0,31145000000.0,79587000000,6356000000.0,1459000000.0,7815000000.0,33603000000.0,40050000000.0,47865000000,30793000000.0,,1378000000.0,31722000000.0,79587000000,2151000000.0,518000000.0,87000000.0,-430000000.0,,,,,2326000000.0,-185000000.0,-1598000000.0,0.0,-1813000000.0,-846000000.0,644000000.0,-976000000.0,-1242000000.0,-729000000,2017-06-30,173.61000061035156,174.25,172.00999450683594,172.22999572753906,152.47576904296875,2695500.0
2017-09-30,5773000000.0,-990000000.0,4783000000.0,-2344000000.0,-1467000000.0,-877000000.0,,2439000000.0,-58000000.0,-325000000.0,2381000000,,2381000000,-360000000.0,2021000000,,2021000000,2021000000,41351000000.0,3404000000.0,2927000000.0,49752000000.0,4914000000.0,,25665000000.0,30579000000.0,80331000000,6194000000.0,1999000000.0,8193000000.0,33777000000.0,39909000000.0,48102000000,30898000000.0,,1774000000.0,32229000000.0,80331000000,2021000000.0,464000000.0,161000000.0,808000000.0,,,,,3454000000.0,-158000000.0,-1781000000.0,0.0,-1976000000.0,-838000000.0,540000000.0,-809000000.0,-1107000000.0,371000000,2017-09-29,185.6999969482422,186.5399932861328,183.1699981689453,186.4499969482422,166.1780242919922,3017300.0
2017-12-31,5802000000.0,-1059000000.0,4743000000.0,-2498000000.0,-1455000000.0,-1043000000.0,,2245000000.0,-31000000.0,-332000000.0,2214000000,,2214000000,-6478000000.0,-4264000000,,-4264000000,-4264000000,41678000000.0,3237000000.0,2834000000.0,49476000000.0,4989000000.0,,25489000000.0,30478000000.0,79954000000,7868000000.0,1152000000.0,9020000000.0,34190000000.0,45693000000.0,54713000000,30992000000.0,,-5072000000.0,25241000000.0,79954000000,-4264000000.0,449000000.0,-913000000.0,7740000000.0,,,,,3012000000.0,-153000000.0,123000000.0,-19000000.0,-78000000.0,-834000000.0,-508000000.0,-789000000.0,-2134000000.0,800000000,2017-12-29,175.25,176.05999755859375,173.75999450683594,173.89999389648438,156.05201721191406,1948600.0
2018-03-31,5554000000.0,-944000000.0,4610000000.0,-1884000000.0,-1124000000.0,-760000000.0,,2726000000.0,-107000000.0,-338000000.0,2619000000,,2619000000,-308000000.0,2311000000,,2311000000,2311000000,32172000000.0,3633000000.0,2952000000.0,40689000000.0,4943000000.0,,25532000000.0,30475000000.0,71164000000,8296000000.0,2183000000.0,10479000000.0,33358000000.0,45065000000.0,55544000000,31001000000.0,,-14387000000.0,15620000000.0,71164000000,2311000000.0,471000000.0,26000000.0,-81000000.0,,,,,2727000000.0,-155000000.0,14862000000.0,197000000.0,14906000000.0,-951000000.0,0.0,-10697000000.0,-11692000000.0,5941000000,2018-03-29,170.99000549316406,172.24000549316406,169.63999938964844,170.47999572753906,154.1394805908203,3769800.0
2018-06-30,6059000000.0,-1024000000.0,5035000000.0,-2203000000.0,-1334000000.0,-869000000.0,,2832000000.0,-185000000.0,-347000000.0,2647000000,,2647000000,-351000000.0,2296000000,,2296000000,2296000000,29395000000.0,3504000000.0,3063000000.0,37970000000.0,4922000000.0,,24792000000.0,29714000000.0,67684000000,6917000000.0,4288000000.0,11205000000.0,30209000000.0,41570000000.0,52775000000,31048000000.0,,-15266000000.0,14909000000.0,67684000000,2296000000.0,484000000.0,41000000.0,-719000000.0,,,,,2102000000.0,-187000000.0,3121000000.0,0.0,2938000000.0,-865000000.0,-500000000.0,-3244000000.0,-4650000000.0,390000000,2018-06-29,183.58999633789062,186.0500030517578,183.58999633789062,184.58999633789062,168.18521118164062,2606200.0
2018-09-30,5904000000.0,-1037000000.0,4867000000.0,-2544000000.0,-1618000000.0,-926000000.0,,2323000000.0,-229000000.0,-355000000.0,2094000000,,2094000000,-235000000.0,1859000000,,1859000000,1859000000,29921000000.0,3441000000.0,3017000000.0,38320000000.0,4899000000.0,,24114000000.0,29013000000.0,67333000000,7355000000.0,5077000000.0,12432000000.0,29350000000.0,40552000000.0,52984000000,31145000000.0,,-15987000000.0,14349000000.0,67333000000,1859000000.0,501000000.0,275000000.0,638000000.0,,,,,3273000000.0,-171000000.0,1340000000.0,0.0,1132000000.0,-851000000.0,0.0,-1729000000.0,-2580000000.0,1825000000,2018-09-28,208.5399932861328,208.8000030517578,206.7700042724609,207.2899932861328,190.15328979492188,3238200.0
2018-12-31,6230000000.0,-1096000000.0,5134000000.0,-2752000000.0,-1570000000.0,-1182000000.0,,2382000000.0,-197000000.0,-352000000.0,2185000000,,2185000000,-257000000.0,1928000000,,1928000000,1928000000,29304000000.0,3580000000.0,2940000000.0,37618000000.0,4958000000.0,,23840000000.0,28798000000.0,66416000000,9069000000.0,4419000000.0,13488000000.0,29510000000.0,40428000000.0,53916000000,31246000000.0,,-17977000000.0,12500000000.0,66416000000,1928000000.0,490000000.0,-8000000.0,784000000.0,,,,,3194000000.0,-225000000.0,-4296000000.0,-2000000.0,-4637000000.0,-840000000.0,-621000000.0,-2124000000.0,-3568000000.0,-5011000000,2018-12-31,191.92999267578125,195.8000030517578,191.6100006103516,194.6699981689453,179.82354736328125,2764800.0
2019-03-31,5557000000.0,-1055000000.0,4502000000.0,-2030000000.0,-1151000000.0,-879000000.0,,2472000000.0,-158000000.0,-343000000.0,2314000000,,2314000000,-322000000.0,1992000000,,1992000000,1992000000,26301000000.0,3771000000.0,3016000000.0,35151000000.0,4892000000.0,,23954000000.0,28846000000.0,63997000000,9001000000.0,3705000000.0,12706000000.0,29319000000.0,40459000000.0,53165000000,31243000000.0,,-19895000000.0,10832000000.0,63997000000,1992000000.0,495000000.0,-26000000.0,-616000000.0,,,,,1845000000.0,-116000000.0,3682000000.0,0.0,3555000000.0,-901000000.0,-1000000000.0,-3032000000.0,-4987000000.0,413000000,2019-03-29,189.3699951171875,191.0,188.5,189.97999572753903,176.84814453125,3189700.0
2019-06-30,5871000000.0,-1012000000.0,4859000000.0,-2181000000.0,-1257000000.0,-924000000.0,,2678000000.0,-114000000.0,-332000000.0,2564000000,,2564000000,-385000000.0,2179000000,,2179000000,2179000000,21758000000.0,3801000000.0,3176000000.0,30746000000.0,4882000000.0,,23745000000.0,28627000000.0,59373000000,7806000000.0,2816000000.0,10622000000.0,27798000000.0,37957000000.0,48579000000,31313000000.0,,-20054000000.0,10794000000.0,59373000000,2179000000.0,501000000.0,-12000000.0,-1254000000.0,,,,,1414000000.0,-144000000.0,2902000000.0,0.0,2745000000.0,-880000000.0,-2650000000.0,-2415000000.0,-5992000000.0,-1833000000,2019-06-28,184.1699981689453,186.1000061035156,183.66000366210938,184.27999877929688,173.01901245117188,3753200.0
2019-09-30,5737000000.0,-1036000000.0,4701000000.0,-2225000000.0,-1224000000.0,-1001000000.0,,2476000000.0,-199000000.0,-313000000.0,2277000000,,2277000000,-309000000.0,1968000000,,1968000000,1968000000,20853000000.0,3606000000.0,3243000000.0,31051000000.0,4901000000.0,,23583000000.0,28484000000.0,59535000000,8688000000.0,2049000000.0,10737000000.0,27742000000.0,37871000000.0,48608000000,31451000000.0,,-20136000000.0,10927000000.0,59535000000,1968000000.0,508000000.0,35000000.0,866000000.0,,,,,3377000000.0,-170000000.0,5814000000.0,0.0,5372000000.0,-868000000.0,-864000000.0,-1161000000.0,-2859000000.0,5890000000,2019-09-30,192.8000030517578,196.67999267578125,191.69000244140625,193.50999450683597,182.97216796875,2492300.0
2019-12-31,6197000000.0,-1253000000.0,4944000000.0,-2896000000.0,-1584000000.0,-1312000000.0,,2048000000.0,-65000000.0,-301000000.0,1983000000,,1983000000,-280000000.0,1703000000,,1703000000,1703000000,8911000000.0,4057000000.0,3584000000.0,18440000000.0,4928000000.0,,36339000000.0,41267000000.0,59707000000,9882000000.0,2953000000.0,12835000000.0,26950000000.0,37199000000.0,50034000000,31531000000.0,,-21330000000.0,9673000000.0,59707000000,1703000000.0,702000000.0,-164000000.0,273000000.0,,,,,2514000000.0,-188000000.0,7598000000.0,-13617000000.0,-5963000000.0,-860000000.0,0.0,-1094000000.0,-1929000000.0,-5378000000,2019-12-31,240.27999877929688,241.4600067138672,238.5,241.07000732421875,229.4568328857422,1748300.0
2020-03-31,6161000000.0,-1513000000.0,4648000000.0,-2293000000.0,-1341000000.0,-952000000.0,,2355000000.0,-335000000.0,-346000000.0,2020000000,,2020000000,-195000000.0,1825000000,,1825000000,1825000000,8012000000.0,5009000000.0,3682000000.0,18813000000.0,4879000000.0,,37977000000.0,42856000000.0,61669000000,9987000000.0,1840000000.0,11827000000.0,30008000000.0,40357000000.0,52184000000,31525000000.0,,-21378000000.0,9485000000.0,61669000000,1825000000.0,897000000.0,23000000.0,-611000000.0,,,,,2134000000.0,-142000000.0,2558000000.0,,-230000000.0,-945000000.0,1713000000.0,-961000000.0,-254000000.0,1650000000,2020-03-31,203.4900054931641,207.25,200.6999969482422,202.72999572753903,194.3335418701172,2929000.0
2020-06-30,6206000000.0,-1488000000.0,4718000000.0,-2395000000.0,-1431000000.0,-964000000.0,,2323000000.0,-293000000.0,-296000000.0,2030000000,,2030000000,-227000000.0,1803000000,,1803000000,1803000000,11421000000.0,5366000000.0,3840000000.0,22895000000.0,4843000000.0,,37273000000.0,42116000000.0,65011000000,10432000000.0,91000000.0,10523000000.0,34133000000.0,43829000000.0,54352000000,31610000000.0,,-20168000000.0,10659000000.0,65011000000,1803000000.0,930000000.0,-39000000.0,148000000.0,,,,,2842000000.0,-158000000.0,-1951000000.0,,-2159000000.0,-942000000.0,2289000000.0,-555000000.0,775000000.0,1458000000,2020-06-30,233.30999755859372,237.32000732421875,231.8000030517578,235.8600006103516,227.62173461914062,2589000.0
