Report Date,Revenue,Cost of Revenue,Gross Profit,Operating Expenses,"Selling, General & Administrative",Research & Development,Depreciation & Amortization,Operating Income (Loss),Non-Operating Income (Loss),"Interest Expense, Net","Pretax Income (Loss), Adj.",Abnormal Gains (Losses),Pretax Income (Loss),"Income Tax (Expense) Benefit, Net",Income (Loss) from Continuing Operations,Net Extraordinary Gains (Losses),Net Income,Net Income (Common),"Cash, Cash Equivalents & Short Term Investments",Accounts & Notes Receivable,Inventories,Total Current Assets,"Property, Plant & Equipment, Net",Long Term Investments & Receivables,Other Long Term Assets,Total Noncurrent Assets,Total Assets,Payables & Accruals,Short Term Debt,Total Current Liabilities,Long Term Debt,Total Noncurrent Liabilities,Total Liabilities,Share Capital & Additional Paid-In Capital,Treasury Stock,Retained Earnings,Total Equity,Total Liabilities & Equity,Net Income/Starting Line,Depreciation & Amortization,Non-Cash Items,Change in Working Capital,Change in Accounts Receivable,Change in Inventories,Change in Accounts Payable,Change in Other,Net Cash from Operating Activities,Change in Fixed Assets & Intangibles,Net Change in Long Term Investment,Net Cash from Acquisitions & Divestitures,Net Cash from Investing Activities,Dividends Paid,Cash from (Repayment of) Debt,Cash from (Repurchase of) Equity,Net Cash from Financing Activities,Net Change in Cash,Price Date,Open,High,Low,Close,Adj Close,Volume
2009-06-30,1874000000.0,,1874000000.0,-1494000000.0,-1032000000.0,,,380000000.0,-265000000.0,-28000000.0,115000000,,115000000,-28000000.0,87000000,,95000000,95000000,39262000000.0,4067000000.0,,52823000000.0,,,50391000000.0,50391000000.0,103214000000,92405000000.0,,92405000000.0,2435000000.0,2435000000.0,94840000000,5644000000.0,-2021000000.0,4875000000.0,8374000000.0,103214000000,95000000.0,25000000.0,-1142000000.0,48000000.0,,,,,-974000000.0,-20000000.0,-3160000000.0,,-3212000000.0,-37000000.0,1335000000.0,869000000.0,2835000000.0,-1327000000,2009-06-30,24.18000030517578,24.40999984741211,23.78000068664551,24.270000457763672,18.2631893157959,5417800.0
2009-09-30,1946000000.0,,1946000000.0,-1329000000.0,-1087000000.0,,,617000000.0,-277000000.0,-45000000.0,340000000,,340000000,-80000000.0,260000000,,260000000,260000000,40427000000.0,4247000000.0,,53803000000.0,,,57398000000.0,57398000000.0,111201000000,99731000000.0,,99731000000.0,2076000000.0,2076000000.0,101807000000,5702000000.0,-2021000000.0,5091000000.0,9394000000.0,111201000000,260000000.0,20000000.0,604000000.0,-260000000.0,,,,,624000000.0,-21000000.0,-817000000.0,,-900000000.0,-44000000.0,-120000000.0,1000000.0,-607000000.0,-889000000,2009-09-30,36.150001525878906,37.36000061035156,34.389999389648445,36.33000183105469,27.51432800292969,11595000.0
2009-12-31,1861000000.0,,1861000000.0,-1273000000.0,-812000000.0,,,588000000.0,-257000000.0,-28000000.0,331000000,,331000000,-58000000.0,273000000,1000000.0,237000000,237000000,40252000000.0,4484000000.0,,54189000000.0,,,59581000000.0,59581000000.0,113770000000,101649000000.0,,101649000000.0,2249000000.0,2249000000.0,103898000000,5751000000.0,-2023000000.0,5276000000.0,9872000000.0,113770000000,237000000.0,19000000.0,-112000000.0,-540000000.0,,,,,-396000000.0,-27000000.0,-52000000.0,,-192000000.0,-46000000.0,270000000.0,3000000.0,106000000.0,-483000000,2009-12-31,39.11000061035156,39.2400016784668,38.79999923706055,38.81999969482422,29.542659759521484,1196700.0
2010-03-31,2271000000.0,,2271000000.0,-1618000000.0,-1146000000.0,,,653000000.0,-292000000.0,-64000000.0,361000000,,361000000,-65000000.0,296000000,,214000000,214000000,46543000000.0,4848000000.0,,60519000000.0,,,61858000000.0,61858000000.0,122377000000,103563000000.0,,103563000000.0,8114000000.0,8114000000.0,111677000000,5822000000.0,-2038000000.0,5959000000.0,10700000000.0,122377000000,214000000.0,22000000.0,351000000.0,-468000000.0,,,,,119000000.0,-21000000.0,947000000.0,,851000000.0,-45000000.0,1037000000.0,17000000.0,759000000.0,1719000000,2010-03-31,44.959999084472656,45.63000106811523,44.900001525878906,45.36000061035156,34.67511367797852,2482200.0
2010-06-30,2462000000.0,,2462000000.0,-1695000000.0,-1227000000.0,,,767000000.0,-305000000.0,-74000000.0,462000000,,462000000,-66000000.0,396000000,2000000.0,259000000,259000000,46360000000.0,4998000000.0,,61809000000.0,,,59301000000.0,59301000000.0,121110000000,101527000000.0,484000000.0,102011000000.0,7980000000.0,7980000000.0,109991000000,5872000000.0,-2259000000.0,6278000000.0,11119000000.0,121110000000,259000000.0,26000000.0,568000000.0,426000000.0,,,,,1279000000.0,-33000000.0,-8000000.0,-866000000.0,-1040000000.0,-46000000.0,568000000.0,-178000000.0,-1226000000.0,-989000000,2010-06-30,36.099998474121094,36.86999893188477,36.02999877929688,36.13000106811523,27.72799491882324,3811500.0
2010-09-30,2334000000.0,,2334000000.0,-1587000000.0,-1197000000.0,,,747000000.0,-301000000.0,-74000000.0,446000000,,446000000,-132000000.0,314000000,-2000000.0,344000000,344000000,47443000000.0,4969000000.0,,63583000000.0,,,65461000000.0,65461000000.0,129044000000,108480000000.0,869000000.0,109349000000.0,8191000000.0,8191000000.0,117540000000,5920000000.0,-2412000000.0,6545000000.0,11504000000.0,129044000000,344000000.0,31000000.0,226000000.0,-176000000.0,,,,,425000000.0,-34000000.0,-709000000.0,0.0,-833000000.0,-47000000.0,611000000.0,-175000000.0,259000000.0,-142000000,2010-09-30,48.36999893188477,48.79999923706055,47.33000183105469,47.33000183105469,36.47676849365234,3130700.0
2010-12-31,2445000000.0,,2445000000.0,-1944000000.0,-1410000000.0,,,501000000.0,-301000000.0,-78000000.0,200000000,,200000000,-30000000.0,170000000,-24000000.0,172000000,172000000,45509000000.0,4909000000.0,,61070000000.0,,,70144000000.0,70144000000.0,131214000000,111601000000.0,397000000.0,112077000000.0,7852000000.0,7852000000.0,119929000000,6032000000.0,-2620000000.0,6748000000.0,11285000000.0,131214000000,335000000.0,31000000.0,-742000000.0,400000000.0,,,,,24000000.0,-43000000.0,420000000.0,0.0,288000000.0,-45000000.0,-687000000.0,-133000000.0,-1135000000.0,-824000000,2010-12-31,57.5099983215332,57.63999938964844,57.15999984741211,57.54999923706055,44.50674057006836,1434900.0
2011-03-31,2532000000.0,,2532000000.0,-1863000000.0,-1405000000.0,,,669000000.0,-283000000.0,-75000000.0,386000000,,386000000,-92000000.0,294000000,-71000000.0,241000000,241000000,46186000000.0,5589000000.0,,62100000000.0,,,71732000000.0,71732000000.0,133832000000,114136000000.0,497000000.0,114633000000.0,8010000000.0,8010000000.0,122643000000,6046000000.0,-2952000000.0,6915000000.0,11189000000.0,133832000000,241000000.0,30000000.0,41000000.0,-297000000.0,,,,,15000000.0,-47000000.0,61000000.0,,-73000000.0,-46000000.0,356000000.0,-354000000.0,-347000000.0,-401000000,2011-03-31,61.33000183105469,61.47000122070313,60.959999084472656,61.08000183105469,47.37849044799805,1473600.0
2011-06-30,2623000000.0,,2623000000.0,-1927000000.0,-1433000000.0,,,696000000.0,-287000000.0,-75000000.0,409000000,,409000000,-118000000.0,291000000,-4000000.0,315000000,315000000,46370000000.0,5335000000.0,,62897000000.0,,,72241000000.0,72241000000.0,135138000000,115181000000.0,505000000.0,115876000000.0,8034000000.0,8034000000.0,123910000000,6111000000.0,-3319000000.0,7123000000.0,11228000000.0,135138000000,269000000.0,37000000.0,201000000.0,136000000.0,,,,,643000000.0,-42000000.0,-352000000.0,,-523000000.0,-57000000.0,53000000.0,-392000000.0,-27000000.0,93000000,2011-06-30,57.40999984741211,58.0,57.02999877929688,57.68000030517578,44.9085693359375,2104600.0
2011-09-30,2455000000.0,,2455000000.0,-1844000000.0,-1384000000.0,,,611000000.0,-285000000.0,-71000000.0,326000000,,326000000,-109000000.0,217000000,2000000.0,324000000,324000000,46843000000.0,5364000000.0,,65765000000.0,,,64615000000.0,64615000000.0,130380000000,110896000000.0,504000000.0,111460000000.0,7933000000.0,7933000000.0,119393000000,6185000000.0,-3772000000.0,7222000000.0,10987000000.0,130380000000,219000000.0,-6000000.0,764000000.0,-184000000.0,,,,,793000000.0,-60000000.0,-328000000.0,,-463000000.0,-55000000.0,149000000.0,-437000000.0,-185000000.0,140000000,2011-09-30,40.209999084472656,40.47000122070313,39.36000061035156,39.36000061035156,30.78375625610352,2695100.0
2011-12-31,2582000000.0,,2582000000.0,-1938000000.0,-1347000000.0,,,644000000.0,-318000000.0,-96000000.0,326000000,,326000000,-58000000.0,268000000,13000000.0,236000000,236000000,47993000000.0,4440000000.0,,63734000000.0,,,68573000000.0,68573000000.0,132307000000,114538000000.0,504000000.0,115042000000.0,7571000000.0,7571000000.0,122613000000,6240000000.0,-4034000000.0,6031000000.0,9694000000.0,132307000000,281000000.0,49000000.0,-383000000.0,780000000.0,,,,,727000000.0,-101000000.0,-387000000.0,150000000.0,-87000000.0,-54000000.0,-161000000.0,-246000000.0,-552000000.0,88000000,2011-12-30,50.20000076293945,50.36999893188477,49.56999969482422,49.63999938964844,39.02742385864258,1763600.0
2012-03-31,2561000000.0,,2561000000.0,-1964000000.0,-1428000000.0,,,597000000.0,-275000000.0,-69000000.0,322000000,,322000000,-73000000.0,249000000,-1000000.0,244000000,244000000,46793000000.0,5516000000.0,,63247000000.0,,,73510000000.0,73510000000.0,136757000000,118892000000.0,504000000.0,119396000000.0,7612000000.0,7612000000.0,127008000000,6240000000.0,-4261000000.0,6285000000.0,9749000000.0,136757000000,248000000.0,56000000.0,-634000000.0,505000000.0,,,,,175000000.0,-61000000.0,-160000000.0,,-234000000.0,-62000000.0,95000000.0,-252000000.0,-417000000.0,-469000000,2012-03-30,56.41999816894531,57.52000045776367,56.41999816894531,57.13000106811523,45.14629745483398,1533600.0
2012-06-30,2514000000.0,,2514000000.0,-1934000000.0,-1426000000.0,,,580000000.0,-281000000.0,-72000000.0,299000000,,299000000,-128000000.0,171000000,-1000000.0,223000000,223000000,46836000000.0,5537000000.0,,64204000000.0,,,71066000000.0,71066000000.0,135270000000,117543000000.0,498000000.0,118041000000.0,7616000000.0,7616000000.0,125657000000,6290000000.0,-4611000000.0,6384000000.0,9613000000.0,135270000000,170000000.0,54000000.0,881000000.0,-812000000.0,,,,,293000000.0,-38000000.0,440000000.0,,407000000.0,-77000000.0,131000000.0,-369000000.0,-286000000.0,409000000,2012-06-29,52.27000045776367,52.36000061035156,51.88000106811523,52.2599983215332,41.56595230102539,1717100.0
2012-09-30,2468000000.0,,2468000000.0,-1994000000.0,-1385000000.0,,,474000000.0,-275000000.0,-68000000.0,199000000,,199000000,-47000000.0,152000000,-1000000.0,173000000,173000000,47221000000.0,5584000000.0,,64585000000.0,,,73979000000.0,73979000000.0,138564000000,120609000000.0,500000000.0,121109000000.0,7634000000.0,7634000000.0,128743000000,6366000000.0,-4953000000.0,6477000000.0,9821000000.0,138564000000,151000000.0,58000000.0,236000000.0,-30000000.0,,,,,415000000.0,-44000000.0,945000000.0,,940000000.0,-73000000.0,361000000.0,-310000000.0,-758000000.0,604000000,2012-09-28,56.93999862670898,56.9900016784668,56.20000076293945,56.68999862670898,45.39663314819336,1025100.0
2012-12-31,2674000000.0,,2674000000.0,-1980000000.0,-1448000000.0,,,694000000.0,-276000000.0,-67000000.0,418000000,,418000000,-87000000.0,331000000,1000000.0,389000000,389000000,44197000000.0,4315000000.0,,59794000000.0,,,74935000000.0,74935000000.0,134729000000,117132000000.0,501000000.0,117633000000.0,7384000000.0,7384000000.0,125017000000,6506000000.0,-5325000000.0,6717000000.0,9712000000.0,134729000000,332000000.0,57000000.0,-150000000.0,383000000.0,,,,,622000000.0,6000000.0,3127000000.0,,3304000000.0,-93000000.0,453000000.0,-290000000.0,-4881000000.0,-954000000,2012-12-31,62.0,62.63999938964844,61.790000915527344,62.63000106811523,50.54297256469727,1187400.0
2013-03-31,2691000000.0,,2691000000.0,-1940000000.0,-1456000000.0,,,751000000.0,-264000000.0,-66000000.0,487000000,,487000000,-121000000.0,366000000,-1000000.0,335000000,335000000,43845000000.0,4383000000.0,,59535000000.0,,,77761000000.0,77761000000.0,137296000000,119642000000.0,500000000.0,120142000000.0,7537000000.0,7537000000.0,127679000000,6595000000.0,-5697000000.0,6978000000.0,9617000000.0,137296000000,365000000.0,58000000.0,589000000.0,-1478000000.0,,,,,-466000000.0,-14000000.0,405000000.0,,389000000.0,-92000000.0,307000000.0,-358000000.0,-114000000.0,-211000000,2013-03-28,72.97000122070312,73.81999969482422,72.8499984741211,73.6500015258789,59.84049606323242,1577400.0
2013-06-30,2749000000.0,,2749000000.0,-2089000000.0,-1507000000.0,,,660000000.0,-258000000.0,-60000000.0,402000000,,402000000,-120000000.0,282000000,-1000000.0,321000000,321000000,43344000000.0,4651000000.0,,60202000000.0,,,77056000000.0,77056000000.0,137258000000,120126000000.0,501000000.0,120627000000.0,7649000000.0,7649000000.0,128276000000,6733000000.0,-6148000000.0,7130000000.0,8982000000.0,137258000000,281000000.0,58000000.0,397000000.0,-363000000.0,,,,,373000000.0,-24000000.0,304000000.0,,301000000.0,-105000000.0,25000000.0,-375000000.0,-504000000.0,171000000,2013-06-28,81.4000015258789,81.41999816894531,80.43000030517578,80.87999725341797,66.18657684326172,1806900.0
2013-09-30,2813000000.0,,2813000000.0,-1939000000.0,-1461000000.0,,,874000000.0,-272000000.0,-68000000.0,602000000,,602000000,-154000000.0,448000000,1000000.0,382000000,382000000,43505000000.0,4503000000.0,,60161000000.0,,,80047000000.0,80047000000.0,140208000000,122350000000.0,500000000.0,122850000000.0,8189000000.0,8189000000.0,131039000000,6843000000.0,-6565000000.0,7442000000.0,9169000000.0,140208000000,449000000.0,59000000.0,237000000.0,454000000.0,,,,,1199000000.0,-30000000.0,-821000000.0,,-833000000.0,-103000000.0,1042000000.0,-372000000.0,411000000.0,794000000,2013-09-30,90.36000061035156,91.51000213623048,90.12000274658205,91.08000183105469,74.9715805053711,961900.0
2013-12-31,2946000000.0,,2946000000.0,-2174000000.0,-1557000000.0,,,772000000.0,-293000000.0,-87000000.0,479000000,,479000000,-97000000.0,382000000,-2000000.0,296000000,296000000,43788000000.0,4610000000.0,,60993000000.0,,,83583000000.0,83583000000.0,144576000000,126388000000.0,500000000.0,126888000000.0,8456000000.0,8456000000.0,135344000000,6932000000.0,-6961000000.0,7626000000.0,9232000000.0,144576000000,380000000.0,64000000.0,419000000.0,-605000000.0,,,,,258000000.0,-37000000.0,-631000000.0,,-659000000.0,-101000000.0,320000000.0,-360000000.0,-99000000.0,-493000000,2013-12-31,113.73999786376952,115.36000061035156,113.73999786376952,115.0500030517578,95.1865005493164,686500.0
2014-03-31,2996000000.0,,2996000000.0,-2081000000.0,-1544000000.0,,,915000000.0,-265000000.0,-79000000.0,650000000,,650000000,-134000000.0,516000000,-1000000.0,400000000,400000000,44202000000.0,4714000000.0,,61701000000.0,,,84263000000.0,84263000000.0,145964000000,127353000000.0,300000000.0,127653000000.0,8866000000.0,8866000000.0,136519000000,7049000000.0,-7389000000.0,7938000000.0,9445000000.0,145964000000,515000000.0,63000000.0,-228000000.0,84000000.0,,,,,434000000.0,-20000000.0,-126000000.0,,-145000000.0,-100000000.0,332000000.0,-446000000.0,-521000000.0,-229000000,2014-03-31,109.91000366210938,110.5500030517578,109.7699966430664,110.06999969482422,91.5101547241211,1588400.0
2014-06-30,3072000000.0,,3072000000.0,-2199000000.0,-1615000000.0,,,873000000.0,-254000000.0,-79000000.0,619000000,,619000000,-152000000.0,467000000,,374000000,374000000,44443000000.0,4909000000.0,,62789000000.0,,,86371000000.0,86371000000.0,149160000000,130088000000.0,200000000.0,130288000000.0,9195000000.0,9195000000.0,139483000000,7147000000.0,-7802000000.0,8163000000.0,9677000000.0,149160000000,467000000.0,66000000.0,-194000000.0,-409000000.0,,,,,-70000000.0,-20000000.0,321000000.0,,303000000.0,-111000000.0,-193000000.0,-373000000.0,-506000000.0,-262000000,2014-06-30,119.75,120.31999969482422,119.41000366210938,120.0,100.29166412353516,894100.0
2014-09-30,3111000000.0,,3111000000.0,-2144000000.0,-1570000000.0,,,967000000.0,-247000000.0,-79000000.0,720000000,,720000000,-155000000.0,565000000,0.0,420000000,420000000,44715000000.0,4895000000.0,,62391000000.0,,,84802000000.0,84802000000.0,147193000000,128200000000.0,200000000.0,128400000000.0,9453000000.0,9453000000.0,137853000000,7235000000.0,-8181000000.0,8460000000.0,9340000000.0,147193000000,565000000.0,64000000.0,-407000000.0,1395000000.0,,,,,1617000000.0,-49000000.0,-279000000.0,,-330000000.0,-108000000.0,879000000.0,-347000000.0,-531000000.0,735000000,2014-09-30,123.5,124.61000061035156,122.88999938964844,123.37999725341795,103.62825012207031,849300.0
2014-12-31,3089000000.0,,3089000000.0,-2256000000.0,-1602000000.0,,,833000000.0,-275000000.0,-91000000.0,558000000,,558000000,-104000000.0,454000000,-1000000.0,425000000,425000000,44758000000.0,5027000000.0,,62940000000.0,,,85870000000.0,85870000000.0,148810000000,129376000000.0,200000000.0,129576000000.0,9929000000.0,9929000000.0,139505000000,7348000000.0,-8589000000.0,8703000000.0,9305000000.0,148810000000,453000000.0,61000000.0,-364000000.0,268000000.0,,,,,418000000.0,-24000000.0,-497000000.0,,-543000000.0,-107000000.0,495000000.0,-378000000.0,-99000000.0,-238000000,2014-12-31,134.8699951171875,134.8699951171875,132.14999389648438,132.25,111.5816650390625,545800.0
2015-03-31,3053000000.0,,3053000000.0,-2179000000.0,-1571000000.0,,,874000000.0,-256000000.0,-84000000.0,618000000,,618000000,-139000000.0,479000000,,393000000,393000000,44963000000.0,5140000000.0,,64491000000.0,,,86957000000.0,86957000000.0,151448000000,132144000000.0,200000000.0,132344000000.0,9845000000.0,9845000000.0,142189000000,7426000000.0,-8966000000.0,9031000000.0,9259000000.0,151448000000,479000000.0,66000000.0,-280000000.0,648000000.0,,,,,913000000.0,-29000000.0,205000000.0,,182000000.0,-107000000.0,470000000.0,-388000000.0,-905000000.0,171000000,2015-03-31,130.27000427246094,131.77999877929688,129.92999267578122,130.83999633789062,110.879638671875,973500.0
2015-06-30,3128000000.0,,3128000000.0,-2264000000.0,-1627000000.0,,,864000000.0,-249000000.0,-89000000.0,615000000,,615000000,-139000000.0,476000000,,415000000,415000000,44531000000.0,5267000000.0,,62611000000.0,,,86195000000.0,86195000000.0,148806000000,129202000000.0,200000000.0,129402000000.0,10408000000.0,10408000000.0,139810000000,7503000000.0,-9428000000.0,9300000000.0,8996000000.0,148806000000,476000000.0,57000000.0,687000000.0,-601000000.0,,,,,619000000.0,-38000000.0,-352000000.0,,-364000000.0,-122000000.0,644000000.0,-427000000.0,-516000000.0,-239000000,2015-06-30,125.08000183105469,125.73999786376952,124.08999633789062,124.93000030517578,106.4305648803711,1545200.0
2015-09-30,2886000000.0,,2886000000.0,-2154000000.0,-1550000000.0,,,732000000.0,-269000000.0,-98000000.0,463000000,,463000000,-111000000.0,352000000,,397000000,397000000,45293000000.0,5289000000.0,,63981000000.0,,,81339000000.0,81339000000.0,145320000000,125354000000.0,200000000.0,125554000000.0,10945000000.0,10945000000.0,136499000000,7560000000.0,-9885000000.0,9493000000.0,8821000000.0,145320000000,352000000.0,62000000.0,-663000000.0,620000000.0,,,,,371000000.0,-42000000.0,-220000000.0,,-265000000.0,-119000000.0,622000000.0,-464000000.0,119000000.0,210000000,2015-09-30,107.6500015258789,109.3000030517578,107.0999984741211,109.12999725341795,93.46437072753906,1602500.0
2015-12-31,3103000000.0,,3103000000.0,-2376000000.0,-1610000000.0,,,727000000.0,-281000000.0,-116000000.0,446000000,,446000000,-66000000.0,380000000,,357000000,357000000,43573000000.0,5274000000.0,,62041000000.0,,,83298000000.0,83298000000.0,145339000000,126537000000.0,200000000.0,126737000000.0,10223000000.0,10223000000.0,136960000000,7614000000.0,-10338000000.0,9662000000.0,8379000000.0,145339000000,380000000.0,63000000.0,-168000000.0,513000000.0,,,,,788000000.0,-24000000.0,-25000000.0,,-62000000.0,-117000000.0,274000000.0,-446000000.0,-1094000000.0,-377000000,2015-12-31,106.5,107.72000122070312,106.12999725341795,106.41999816894531,91.67296600341795,730200.0
2016-03-31,2765000000.0,,2765000000.0,-2089000000.0,-1497000000.0,,,676000000.0,-201000000.0,-55000000.0,475000000,,475000000,-111000000.0,364000000,,364000000,364000000,39949000000.0,5295000000.0,,57168000000.0,,,83082000000.0,83082000000.0,140250000000,127601000000.0,200000000.0,127801000000.0,5356000000.0,5356000000.0,133157000000,7613000000.0,-10761000000.0,9799000000.0,7093000000.0,140250000000,364000000.0,65000000.0,-239000000.0,426000000.0,,,,,616000000.0,-28000000.0,45000000.0,,1000000.0,-115000000.0,1114000000.0,-479000000.0,-322000000.0,283000000,2016-03-31,95.11000061035156,95.47000122070312,93.51000213623048,94.01000213623048,81.67387390136719,1959000.0
2016-06-30,2871000000.0,,2871000000.0,-2250000000.0,-1566000000.0,,,621000000.0,-211000000.0,-53000000.0,410000000,,410000000,-75000000.0,335000000,,335000000,335000000,40920000000.0,5190000000.0,,59588000000.0,,,83096000000.0,83096000000.0,142684000000,130194000000.0,200000000.0,130394000000.0,5201000000.0,5201000000.0,135595000000,7662000000.0,-11218000000.0,10007000000.0,7089000000.0,142684000000,335000000.0,62000000.0,-205000000.0,709000000.0,,,,,901000000.0,-8000000.0,12000000.0,,62000000.0,-124000000.0,743000000.0,-418000000.0,-591000000.0,346000000,2016-06-30,89.04000091552734,89.8499984741211,87.62000274658203,89.8499984741211,78.68236541748047,2104100.0
2016-09-30,2998000000.0,,2998000000.0,-2547000000.0,-1529000000.0,,,451000000.0,-213000000.0,-52000000.0,238000000,,238000000,-23000000.0,215000000,,215000000,215000000,41777000000.0,5336000000.0,,59150000000.0,,,84473000000.0,84473000000.0,143623000000,130983000000.0,200000000.0,131183000000.0,5644000000.0,5644000000.0,136827000000,7712000000.0,-11609000000.0,10098000000.0,6796000000.0,143623000000,215000000.0,60000000.0,66000000.0,164000000.0,,,,,505000000.0,-30000000.0,-427000000.0,,-430000000.0,-122000000.0,1434000000.0,-416000000.0,340000000.0,400000000,2016-09-30,98.6999969482422,100.33999633789062,98.26000213623048,99.7699966430664,88.0660171508789,958200.0
2016-12-31,3166000000.0,,3166000000.0,-2459000000.0,-1692000000.0,,,707000000.0,-239000000.0,-81000000.0,468000000,,468000000,-69000000.0,399000000,,399000000,399000000,40574000000.0,5310000000.0,,56280000000.0,,,83541000000.0,83541000000.0,139821000000,128093000000.0,200000000.0,128293000000.0,5236000000.0,5236000000.0,133529000000,7768000000.0,-12027000000.0,10351000000.0,6292000000.0,139821000000,399000000.0,61000000.0,511000000.0,-662000000.0,,,,,309000000.0,-26000000.0,-422000000.0,,-416000000.0,-118000000.0,680000000.0,-385000000.0,-569000000.0,-698000000,2016-12-30,110.62000274658205,111.5999984741211,110.2300033569336,110.94000244140624,98.77960205078124,798100.0
2017-03-31,2926000000.0,,2926000000.0,-2239000000.0,-1600000000.0,,,687000000.0,-212000000.0,-50000000.0,475000000,,475000000,-72000000.0,403000000,,403000000,403000000,40197000000.0,5372000000.0,,55285000000.0,,,85572000000.0,85572000000.0,140857000000,129178000000.0,200000000.0,129378000000.0,5252000000.0,5252000000.0,134630000000,7860000000.0,-12485000000.0,10633000000.0,6227000000.0,140857000000,403000000.0,63000000.0,394000000.0,-854000000.0,,,,,6000000.0,-33000000.0,237000000.0,,211000000.0,-117000000.0,1282000000.0,-430000000.0,-434000000.0,-212000000,2017-03-31,128.96000671386722,130.83000183105472,128.85000610351562,129.67999267578122,116.1821517944336,1152300.0
2017-06-30,3012000000.0,,3012000000.0,-2278000000.0,-1598000000.0,,,734000000.0,-223000000.0,-52000000.0,511000000,,511000000,-118000000.0,393000000,,393000000,393000000,40755000000.0,5519000000.0,,56411000000.0,,,86733000000.0,86733000000.0,143144000000,131478000000.0,200000000.0,131678000000.0,5216000000.0,5216000000.0,136894000000,7906000000.0,-12852000000.0,10897000000.0,6250000000.0,143144000000,393000000.0,58000000.0,405000000.0,-126000000.0,,,,,730000000.0,-39000000.0,40000000.0,,16000000.0,-127000000.0,1196000000.0,-350000000.0,-432000000.0,330000000,2017-06-30,128.64999389648438,129.05999755859378,127.13999938964844,127.29000091552734,114.77931213378906,833500.0
2017-09-30,3014000000.0,,3014000000.0,-2153000000.0,-1631000000.0,,,861000000.0,-228000000.0,-52000000.0,633000000,,633000000,-126000000.0,507000000,,507000000,507000000,40921000000.0,5751000000.0,,57068000000.0,,,88418000000.0,88418000000.0,145486000000,133811000000.0,201000000.0,134012000000.0,5169000000.0,5169000000.0,139181000000,8020000000.0,-13298000000.0,11271000000.0,6305000000.0,145486000000,507000000.0,55000000.0,-174000000.0,55000000.0,,,,,443000000.0,-53000000.0,-250000000.0,,-333000000.0,-124000000.0,1050000000.0,-368000000.0,-420000000.0,-299000000,2017-09-29,147.75,149.19000244140625,147.75,148.50999450683594,134.681884765625,701400.0
2017-12-31,3180000000.0,,3180000000.0,-2385000000.0,-1726000000.0,,,795000000.0,-200000000.0,-53000000.0,595000000,,595000000,-418000000.0,177000000,,177000000,177000000,40676000000.0,5787000000.0,,56965000000.0,,,90515000000.0,90515000000.0,147480000000,136188000000.0,200000000.0,136388000000.0,5097000000.0,5097000000.0,141485000000,8088000000.0,-13648000000.0,11326000000.0,5995000000.0,147480000000,177000000.0,58000000.0,-53000000.0,162000000.0,,,,,344000000.0,-37000000.0,76000000.0,,-65000000.0,-123000000.0,1068000000.0,-322000000.0,-499000000.0,-217000000,2017-12-29,171.75999450683594,172.4199981689453,169.39999389648438,169.47000122070312,154.48887634277344,619700.0
2018-03-31,3168000000.0,,3168000000.0,-2280000000.0,-1694000000.0,,,888000000.0,-192000000.0,-51000000.0,696000000,,696000000,-102000000.0,594000000,,594000000,594000000,39632000000.0,5880000000.0,,56097000000.0,,,88665000000.0,88665000000.0,144762000000,133666000000.0,201000000.0,133867000000.0,5055000000.0,5055000000.0,138922000000,8119000000.0,-14070000000.0,11796000000.0,5840000000.0,144762000000,594000000.0,56000000.0,244000000.0,-1102000000.0,,,,,-208000000.0,-33000000.0,121000000.0,,87000000.0,-122000000.0,1281000000.0,-423000000.0,-564000000.0,-673000000,2018-03-29,147.5800018310547,149.6999969482422,147.11000061035156,147.94000244140625,135.56295776367188,1074500.0
2018-06-30,3196000000.0,,3196000000.0,-2388000000.0,-1690000000.0,,,808000000.0,-260000000.0,-80000000.0,548000000,,548000000,-86000000.0,462000000,,462000000,462000000,39176000000.0,5930000000.0,,55419000000.0,,,87849000000.0,87849000000.0,143268000000,133144000000.0,201000000.0,133345000000.0,4291000000.0,4291000000.0,137636000000,8174000000.0,-14489000000.0,12126000000.0,5632000000.0,143268000000,462000000.0,51000000.0,283000000.0,-27000000.0,,,,,769000000.0,-36000000.0,176000000.0,,129000000.0,-131000000.0,1094000000.0,-404000000.0,-583000000.0,303000000,2018-06-29,139.52000427246094,143.00999450683594,139.3800048828125,139.8800048828125,129.06065368652344,1301300.0
2018-09-30,3292000000.0,,3292000000.0,-2476000000.0,-1722000000.0,,,816000000.0,-228000000.0,-50000000.0,588000000,,588000000,-85000000.0,503000000,,503000000,503000000,39398000000.0,6047000000.0,,56105000000.0,,,89085000000.0,89085000000.0,145190000000,135132000000.0,201000000.0,135333000000.0,4240000000.0,4240000000.0,139573000000,8217000000.0,-14853000000.0,12498000000.0,5618000000.0,145191000000,503000000.0,45000000.0,278000000.0,-278000000.0,,,,,548000000.0,-48000000.0,-487000000.0,,-565000000.0,-127000000.0,924000000.0,-363000000.0,-57000000.0,-77000000,2018-09-28,147.74000549316406,149.50999450683594,146.5399932861328,147.66000366210938,137.11892700195312,1317000.0
2018-12-31,3179000000.0,,3179000000.0,-2288000000.0,-1702000000.0,,,891000000.0,-239000000.0,-64000000.0,652000000,,652000000,-113000000.0,539000000,,539000000,539000000,40628000000.0,6185000000.0,,56381000000.0,,,80835000000.0,80835000000.0,137216000000,126817000000.0,201000000.0,127018000000.0,4610000000.0,4610000000.0,131628000000,8263000000.0,-15293000000.0,12909000000.0,5588000000.0,137216000000,539000000.0,46000000.0,-282000000.0,1185000000.0,,,,,1488000000.0,685000000.0,-909000000.0,,-238000000.0,-126000000.0,1398000000.0,-438000000.0,-59000000.0,1186000000,2018-12-31,103.62000274658205,104.8499984741211,102.66000366210938,104.37000274658205,97.59588623046876,826200.0
2019-03-31,3118000000.0,,3118000000.0,-2391000000.0,-1705000000.0,,,727000000.0,-257000000.0,-53000000.0,470000000,,470000000,-75000000.0,395000000,,395000000,395000000,38550000000.0,7462000000.0,,58268000000.0,,,86135000000.0,86135000000.0,144403000000,132063000000.0,201000000.0,133435000000.0,5125000000.0,5125000000.0,138560000000,8273000000.0,-15637000000.0,13172000000.0,5843000000.0,144403000000,395000000.0,46000000.0,271000000.0,-540000000.0,,,,,172000000.0,-376000000.0,-99000000.0,35000000.0,-481000000.0,-124000000.0,2100000000.0,-384000000.0,291000000.0,-11000000,2019-03-29,128.44999694824222,129.44999694824222,127.72000122070312,128.10000610351562,120.62205505371094,846700.0
2019-06-30,3245000000.0,,3245000000.0,-2413000000.0,-1771000000.0,,,832000000.0,-245000000.0,-59000000.0,587000000,,587000000,-95000000.0,492000000,,492000000,492000000,41368000000.0,7435000000.0,,61375000000.0,,,87303000000.0,87303000000.0,148678000000,136495000000.0,201000000.0,137837000000.0,4811000000.0,4811000000.0,142648000000,8340000000.0,-16109000000.0,13530000000.0,6030000000.0,148678000000,492000000.0,45000000.0,80000000.0,363000000.0,,,,,980000000.0,3000000.0,-1152000000.0,9000000.0,-1148000000.0,-129000000.0,981000000.0,-442000000.0,1205000000.0,1032000000,2019-06-28,145.82000732421875,146.92999267578125,144.6999969482422,145.16000366210938,137.59181213378906,1383500.0
2019-09-30,3317000000.0,,3317000000.0,-2497000000.0,-1791000000.0,,,820000000.0,-179000000.0,-52000000.0,641000000,,641000000,-98000000.0,543000000,,543000000,543000000,42767000000.0,7348000000.0,,63272000000.0,,,86241000000.0,86241000000.0,149513000000,137439000000.0,201000000.0,138745000000.0,4771000000.0,4771000000.0,143516000000,8395000000.0,-16679000000.0,13944000000.0,5997000000.0,149513000000,543000000.0,41000000.0,-236000000.0,1074000000.0,,,,,1422000000.0,273000000.0,45000000.0,-44000000.0,-107000000.0,-127000000.0,1078000000.0,-564000000.0,-432000000.0,866000000,2019-09-30,148.5800018310547,148.5800018310547,146.25999450683594,147.10000610351562,140.39955139160156,924000.0
2019-12-31,3287000000.0,,3287000000.0,-2551000000.0,-1830000000.0,,,736000000.0,-202000000.0,-50000000.0,534000000,,534000000,-71000000.0,463000000,,463000000,463000000,43348000000.0,7202000000.0,,61946000000.0,,,89882000000.0,89882000000.0,151828000000,141173000000.0,201000000.0,141374000000.0,4725000000.0,4725000000.0,146099000000,8464000000.0,-17276000000.0,14279000000.0,5729000000.0,151828000000,463000000.0,51000000.0,-74000000.0,-673000000.0,,,,,-233000000.0,471000000.0,-2829000000.0,934000000.0,-1498000000.0,-124000000.0,1051000000.0,-550000000.0,150000000.0,-1557000000,2019-12-31,165.89999389648438,167.5500030517578,165.77000427246094,166.5800018310547,160.0209503173828,603500.0
2020-03-31,3001000000.0,,3001000000.0,-513000000.0,-1748000000.0,,,2488000000.0,-137000000.0,-46000000.0,2351000000,,2351000000,-315000000.0,2036000000,,2036000000,2036000000,46853000000.0,7188000000.0,,67529000000.0,,,78153000000.0,78153000000.0,145682000000,135069000000.0,200000000.0,135269000000.0,3720000000.0,3720000000.0,138989000000,8581000000.0,-17773000000.0,16180000000.0,6693000000.0,145682000000,2036000000.0,47000000.0,1118000000.0,1692000000.0,,,,,4893000000.0,-29000000.0,178000000.0,,-40000000.0,-122000000.0,489000000.0,-479000000.0,628000000.0,5464000000,2020-03-31,108.45999908447266,109.0999984741211,100.0,102.4800033569336,98.98233032226562,1281300.0
2020-06-30,2712000000.0,,2712000000.0,-2935000000.0,-1716000000.0,,,-223000000.0,-303000000.0,-41000000.0,-526000000,,-526000000,-13000000.0,-539000000,,-539000000,-539000000,48406000000.0,7295000000.0,,68788000000.0,,,86114000000.0,86114000000.0,154902000000,143878000000.0,200000000.0,144078000000.0,4324000000.0,4324000000.0,148402000000,8625000000.0,-18029000000.0,15510000000.0,6500000000.0,154902000000,-539000000.0,49000000.0,-580000000.0,880000000.0,,,,,-190000000.0,-33000000.0,-894000000.0,,-856000000.0,-128000000.0,1748000000.0,-235000000.0,-511000000.0,-1558000000,2020-06-30,147.22000122070312,151.2899932861328,147.22000122070312,150.0399932861328,146.158935546875,1116600.0
