Report Date,Revenue,Cost of Revenue,Gross Profit,Operating Expenses,"Selling, General & Administrative",Research & Development,Depreciation & Amortization,Operating Income (Loss),Non-Operating Income (Loss),"Interest Expense, Net","Pretax Income (Loss), Adj.",Abnormal Gains (Losses),Pretax Income (Loss),"Income Tax (Expense) Benefit, Net",Income (Loss) from Continuing Operations,Net Extraordinary Gains (Losses),Net Income,Net Income (Common),"Cash, Cash Equivalents & Short Term Investments",Accounts & Notes Receivable,Inventories,Total Current Assets,"Property, Plant & Equipment, Net",Long Term Investments & Receivables,Other Long Term Assets,Total Noncurrent Assets,Total Assets,Payables & Accruals,Short Term Debt,Total Current Liabilities,Long Term Debt,Total Noncurrent Liabilities,Total Liabilities,Share Capital & Additional Paid-In Capital,Treasury Stock,Retained Earnings,Total Equity,Total Liabilities & Equity,Net Income/Starting Line,Depreciation & Amortization,Non-Cash Items,Change in Working Capital,Change in Accounts Receivable,Change in Inventories,Change in Accounts Payable,Change in Other,Net Cash from Operating Activities,Change in Fixed Assets & Intangibles,Net Change in Long Term Investment,Net Cash from Acquisitions & Divestitures,Net Cash from Investing Activities,Dividends Paid,Cash from (Repayment of) Debt,Cash from (Repurchase of) Equity,Net Cash from Financing Activities,Net Change in Cash,Price Date,Open,High,Low,Close,Adj Close,Volume
2000-12-31,972360000.0,-748060000.0,224300000.0,-362344000.0,-83427000.0,,-79210000.0,-138044000.0,-30480000.0,-25115000.0,-168524000,-339057000.0,-507581000,,-545140000,,-545140000,-545140000,1100522000.0,,174563000.0,1361129000.0,366416000.0,92250000.0,315374000.0,774040000.0,2135169000,827262000.0,16577000.0,974956000.0,2127464000.0,2127464000.0,3102420000,1341874000.0,,-2293301000.0,-967251000.0,2135169000,-545140000.0,22741000.0,422388000.0,347664000.0,3412000.0,-10683000.0,180674000.0,174261000.0,247653000.0,-37331000.0,-64904000.0,,-102926000.0,,-3930000.0,4980000.0,1050000.0,175387000,2000-12-29,16.75,17.125,15.0,15.5625,15.5625,9849700.0
2001-03-31,700356000.0,-517759000.0,182597000.0,-284945000.0,-62666000.0,,-50831000.0,-102348000.0,-27682000.0,-23798000.0,-130030000,-80403000.0,-210433000,,-223608000,,-223608000,-234131000,642973000.0,,155562000.0,855710000.0,304179000.0,51042000.0,259224000.0,614445000.0,1470155000,491744000.0,19305000.0,604710000.0,2118856000.0,2118856000.0,2723566000,1347671000.0,,-2527432000.0,-1253411000.0,1470155000,-234131000.0,23073000.0,78799000.0,-274725000.0,27334000.0,19823000.0,-229758000.0,-92124000.0,-406984000.0,-19437000.0,63988000.0,,44551000.0,,5425000.0,5833000.0,11258000.0,-375491000,2001-03-30,10.119999885559082,10.84000015258789,9.90999984741211,10.229999542236328,10.229999542236328,3558400.0
2001-06-30,667625000.0,-487905000.0,179720000.0,-260910000.0,-57436000.0,,-50830000.0,-81190000.0,-29519000.0,-28341000.0,-110709000,-47335000.0,-158044000,,-168359000,,-168359000,-168359000,608969000.0,,129035000.0,809357000.0,292422000.0,36952000.0,206305000.0,535679000.0,1345036000,542958000.0,18337000.0,648240000.0,2126727000.0,2126727000.0,2774967000,1359838000.0,,-2695791000.0,-1429931000.0,1345036000,-168359000.0,20794000.0,33698000.0,116352000.0,-12203000.0,25277000.0,-1632000.0,104910000.0,2485000.0,-10425000.0,40228000.0,,29803000.0,,-4094000.0,7644000.0,3550000.0,16005000,2001-06-29,14.3100004196167,14.649999618530273,13.720000267028807,14.149999618530273,14.149999618530273,4489000.0
2001-09-30,639281000.0,-477089000.0,162192000.0,-228532000.0,-54018000.0,,-41835000.0,-66340000.0,-30933000.0,-28730000.0,-97273000,-67619000.0,-164892000,,-169874000,,-169874000,-169874000,668100000.0,,130739000.0,870276000.0,288373000.0,25347000.0,162372000.0,476092000.0,1346368000,521856000.0,16054000.0,628198000.0,2172164000.0,2172164000.0,2800362000,1459411000.0,,-2865665000.0,-1453994000.0,1346368000,-169874000.0,19795000.0,85139000.0,537000.0,2960000.0,-659000.0,-22594000.0,20830000.0,-64403000.0,-12925000.0,-82093000.0,,-95018000.0,,-6466000.0,100932000.0,94466000.0,-30642000,2001-09-28,6.25,6.46999979019165,5.829999923706055,5.96999979019165,5.96999979019165,6967200.0
2001-12-31,1115171000.0,-841122000.0,274049000.0,-254843000.0,-54025000.0,,-37537000.0,19206000.0,-23895000.0,-29260000.0,-4689000,11631000.0,6942000,,5087000,,5087000,5087000,996585000.0,,143722000.0,1207920000.0,271751000.0,28359000.0,129517000.0,429627000.0,1637547000,818444000.0,14992000.0,921414000.0,2156133000.0,2156133000.0,3077547000,1466501000.0,,-2860578000.0,-1440000000.0,1637547000,5087000.0,21047000.0,-6196000.0,329182000.0,2641000.0,-13813000.0,209546000.0,130808000.0,349120000.0,-7534000.0,-218898000.0,,-232630000.0,,-4440000.0,2047000.0,-2393000.0,107975000,2001-12-31,11.06999969482422,11.1899995803833,10.739999771118164,10.81999969482422,10.81999969482422,6034700.0
2002-03-31,847422000.0,-624297000.0,223125000.0,-211377000.0,-53155000.0,,-1979000.0,11748000.0,-29497000.0,-29592000.0,-17749000,-4458000.0,-22207000,,-23951000,,-23951000,-23150000,745258000.0,,138996000.0,954273000.0,256403000.0,25413000.0,125839000.0,407655000.0,1361928000,563711000.0,13958000.0,657030000.0,2152273000.0,2152273000.0,2809303000,1484686000.0,,-2883728000.0,-1447375000.0,1361928000,-23150000.0,20940000.0,-22311000.0,-216512000.0,-3320000.0,4674000.0,-128286000.0,-89580000.0,-241033000.0,-4854000.0,2348000.0,,-2506000.0,,-4563000.0,7409000.0,2846000.0,-243593000,2002-03-28,14.399999618530273,14.649999618530273,14.25,14.300000190734865,14.300000190734865,3122500.0
2002-06-30,805605000.0,-587438000.0,218167000.0,-216695000.0,-48257000.0,,-1374000.0,1472000.0,-30403000.0,-30001000.0,-28931000,-63454000.0,-92385000,,-93553000,,-93553000,-93553000,823579000.0,,126794000.0,1043577000.0,249452000.0,18476000.0,123542000.0,391470000.0,1435047000,576998000.0,14406000.0,660532000.0,2218426000.0,2218426000.0,2878958000,1550744000.0,,-2977281000.0,-1443911000.0,1435047000,-93553000.0,20970000.0,65250000.0,11970000.0,-13430000.0,16420000.0,-27418000.0,36398000.0,4637000.0,-7440000.0,-86541000.0,,-93981000.0,,-3432000.0,42866000.0,39434000.0,-26251000,2002-06-28,15.6899995803833,16.360000610351562,15.399999618530273,16.25,16.25,6237900.0
2002-09-30,851299000.0,-635132000.0,216167000.0,-189055000.0,-45426000.0,,-1212000.0,27112000.0,-27139000.0,-30322000.0,-27000,-34496000.0,-34523000,,-35080000,,-35080000,-35080000,865802000.0,,151514000.0,1119607000.0,239238000.0,16498000.0,122062000.0,377798000.0,1497405000,631986000.0,13134000.0,710998000.0,2264846000.0,2264846000.0,2975844000,1553930000.0,,-3012361000.0,-1478439000.0,1497405000,-35080000.0,20501000.0,-23550000.0,76237000.0,-14670000.0,-24029000.0,49408000.0,65528000.0,38108000.0,-11353000.0,22435000.0,,11082000.0,,-4126000.0,6038000.0,1912000.0,57126000,2002-09-30,16.639999389648438,16.850000381469727,15.850000381469727,15.93000030517578,15.93000030517578,9239900.0
2002-12-31,1428610000.0,-1093451000.0,335159000.0,-311367000.0,-57594000.0,,4565000.0,23792000.0,-27276000.0,-29323000.0,-3484000,1966000.0,-1518000,700000.0,2651000,,2651000,2651000,1300969000.0,,202425000.0,1615676000.0,239398000.0,15442000.0,119933000.0,374773000.0,1990449000,1004724000.0,13318000.0,1065958000.0,2277305000.0,2277305000.0,3343263000,1653825000.0,,-3009710000.0,-1352814000.0,1990449000,2651000.0,19863000.0,45994000.0,304071000.0,-284000.0,-48368000.0,262838000.0,89885000.0,372579000.0,-15516000.0,-20763000.0,,-36279000.0,,-2674000.0,65376000.0,62702000.0,410690000,2002-12-31,19.25,19.559999465942386,18.82999992370605,18.88999938964844,18.88999938964844,5537000.0
2003-03-31,1083559000.0,-812977000.0,270582000.0,-231357000.0,-49329000.0,,,39225000.0,-27112000.0,-29971000.0,12113000,-22234000.0,-10121000,,-10121000,,-10121000,-10121000,1082552000.0,,173030000.0,1344496000.0,228279000.0,13453000.0,119705000.0,361437000.0,1705933000,644522000.0,11078000.0,698579000.0,2296418000.0,2296418000.0,2994997000,1718532000.0,,-3019831000.0,-1289064000.0,1705933000,-10121000.0,19750000.0,26461000.0,-287872000.0,27233000.0,30625000.0,-226605000.0,-119125000.0,-251782000.0,-6394000.0,-24100000.0,,-30494000.0,,-3221000.0,38555000.0,35334000.0,-242481000,2003-03-31,26.56999969482422,26.739999771118164,25.959999084472656,26.03000068664551,26.03000068664551,9214800.0
2003-06-30,1099912000.0,-825984000.0,273928000.0,-232105000.0,-47149000.0,,,41823000.0,-24921000.0,-28606000.0,16902000,-60216000.0,-43314000,,-43314000,,-43314000,-43314000,988772000.0,,178107000.0,1251254000.0,221674000.0,12764000.0,111162000.0,345600000.0,1596854000,722508000.0,8143000.0,769384000.0,2074306000.0,2074306000.0,2843690000,1794802000.0,,-3063145000.0,-1246836000.0,1596854000,-43314000.0,19003000.0,53844000.0,96491000.0,5914000.0,-2479000.0,45486000.0,47570000.0,126024000.0,-7141000.0,240809000.0,,233668000.0,,-280918000.0,53042000.0,-227876000.0,145955000,2003-06-30,36.63000106811523,36.81999969482422,36.02000045776367,36.31999969482422,36.31999969482422,5143900.0
2003-09-30,1134456000.0,-848635000.0,285821000.0,-233890000.0,-51336000.0,,,51931000.0,-25226000.0,-25478000.0,26705000,-11142000.0,15563000,,15563000,,15563000,15563000,1064660000.0,,241667000.0,1410200000.0,221459000.0,12949000.0,105077000.0,339485000.0,1749685000,779849000.0,6058000.0,826750000.0,2080969000.0,2080969000.0,2907719000,1856312000.0,,-3047582000.0,-1158034000.0,1749685000,15563000.0,18338000.0,6250000.0,-3334000.0,-14844000.0,-62147000.0,49535000.0,24122000.0,36817000.0,-15192000.0,-49892000.0,5072000.0,-60012000.0,,-3437000.0,41235000.0,37798000.0,24690000,2003-09-30,49.6500015258789,49.7599983215332,48.349998474121094,48.43000030517578,48.43000030517578,9264600.0
2003-12-31,1946073000.0,-1519404000.0,426669000.0,-289648000.0,-84186000.0,,,137021000.0,-23741000.0,-23945000.0,113280000,-36408000.0,76872000,-4000000.0,72872000,,72872000,72872000,1394823000.0,,293917000.0,1824951000.0,224285000.0,,112797000.0,337082000.0,2162033000,1210641000.0,4216000.0,1252701000.0,1945439000.0,1945439000.0,3198140000,1903432000.0,,-2974428000.0,-1036107000.0,2162033000,72872000.0,18909000.0,26445000.0,363715000.0,-16303000.0,-42999000.0,299584000.0,123433000.0,481941000.0,-17273000.0,110183000.0,-72000.0,92838000.0,,-207424000.0,30168000.0,-177256000.0,435836000,2003-12-31,52.81999969482422,53.47999954223633,52.4000015258789,52.61999893188477,52.61999893188477,5307200.0
2004-03-31,1530000000.0,-1169000000.0,361000000.0,-251000000.0,-64000000.0,,,110000000.0,-21000000.0,-22000000.0,89000000,20000000.0,109000000,2000000.0,111000000,,111000000,111000000,998141000.0,,281550000.0,1405574000.0,217476000.0,,115511000.0,332987000.0,1738561000,826385000.0,2473000.0,865911000.0,1777700000.0,1777700000.0,2643611000,1927152000.0,,-2863292000.0,-905050000.0,1738561000,111000000.0,18000000.0,-44000000.0,-335000000.0,14000000.0,13000000.0,-256000000.0,-106000000.0,-250000000.0,-9000000.0,65000000.0,,56000000.0,,-156000000.0,15000000.0,-141000000.0,-333000000,2004-03-31,43.849998474121094,44.0,42.95000076293945,43.27999877929688,43.27999877929688,4674900.0
2004-06-30,1387000000.0,-1046000000.0,341000000.0,-255000000.0,-65000000.0,,,86000000.0,-21000000.0,-21000000.0,65000000,16000000.0,81000000,-5000000.0,76000000,,76000000,76000000,1151351000.0,,284194000.0,1561192000.0,215871000.0,,111047000.0,326918000.0,1888110000,874465000.0,2402000.0,916354000.0,1762614000.0,1762614000.0,2678968000,1968409000.0,,-2786812000.0,-790858000.0,1888110000,276000000.0,73000000.0,-40000000.0,101000000.0,-24000000.0,-96000000.0,115000000.0,106000000.0,410000000.0,-56000000.0,-82000000.0,5000000.0,-133000000.0,,-367000000.0,106000000.0,-261000000.0,59000000,2004-06-30,53.61000061035156,54.70000076293945,53.41999816894531,54.4000015258789,54.4000015258789,6899100.0
2004-09-30,1463000000.0,-1107000000.0,356000000.0,-275000000.0,-63000000.0,,,81000000.0,-19000000.0,-19000000.0,62000000,-5000000.0,57000000,-3000000.0,54000000,,54000000,54000000,1184700000.0,,357320000.0,1692784000.0,226762000.0,,189122000.0,415884000.0,2108668000,1001427000.0,3452000.0,1051023000.0,1778722000.0,1778722000.0,2829745000,1985734000.0,,-2732665000.0,-721077000.0,2108668000,54000000.0,19000000.0,-11000000.0,55000000.0,-18000000.0,-70000000.0,96000000.0,47000000.0,117000000.0,-29000000.0,15000000.0,-71000000.0,-85000000.0,,-1000000.0,8000000.0,7000000.0,45000000,2004-09-30,40.54999923706055,41.27999877929688,40.209999084472656,40.86000061035156,40.86000061035156,9413300.0
2004-12-31,2541000000.0,-1997000000.0,544000000.0,-381000000.0,-94000000.0,,,163000000.0,-23000000.0,-17000000.0,140000000,-32000000.0,108000000,239000000.0,347000000,,347000000,347000000,1779000000.0,,480000000.0,2821000000.0,246000000.0,,181000000.0,427000000.0,3248000000,1620000000.0,,1620000000.0,1855000000.0,1855000000.0,3475000000,2127000000.0,,-2386000000.0,-227000000.0,3248000000,147000000.0,-34000000.0,-214000000.0,390000000.0,26000000.0,-16000000.0,331000000.0,49000000.0,289000000.0,5000000.0,-155000000.0,-5000000.0,-155000000.0,,367000000.0,-69000000.0,298000000.0,430000000,2004-12-31,45.13000106811523,45.4900016784668,44.15999984741211,44.290000915527344,44.290000915527344,4790700.0
2005-03-31,1902000000.0,-1444000000.0,458000000.0,-350000000.0,-91000000.0,,,108000000.0,-14000000.0,-17000000.0,94000000,14000000.0,108000000,-56000000.0,52000000,,52000000,78000000,1151000000.0,,403000000.0,2032000000.0,245000000.0,,195000000.0,440000000.0,2472000000,1026000000.0,2000000.0,1073000000.0,1561000000.0,1561000000.0,2634000000,2122000000.0,,-2308000000.0,-162000000.0,2472000000,78000000.0,28000000.0,6000000.0,-406000000.0,10000000.0,72000000.0,-425000000.0,-63000000.0,-294000000.0,-26000000.0,-156000000.0,-15000000.0,-197000000.0,,-265000000.0,8000000.0,-256000000.0,-770000000,2005-03-31,34.490001678466804,34.549999237060554,34.0,34.27000045776367,34.27000045776367,3554300.0
2005-06-30,1753000000.0,-1303000000.0,450000000.0,-346000000.0,-80000000.0,,,104000000.0,-14000000.0,-13000000.0,90000000,18000000.0,108000000,-56000000.0,52000000,,52000000,52000000,1325000000.0,,383000000.0,2132000000.0,267000000.0,,202000000.0,469000000.0,2601000000,1084000000.0,8000000.0,1144000000.0,1521000000.0,1521000000.0,2665000000,2165000000.0,,-2256000000.0,-64000000.0,2601000000,52000000.0,26000000.0,24000000.0,142000000.0,9000000.0,13000000.0,54000000.0,66000000.0,244000000.0,-46000000.0,-93000000.0,-5000000.0,-144000000.0,,,8000000.0,9000000.0,96000000,2005-06-30,33.470001220703125,33.560001373291016,32.93000030517578,33.09000015258789,33.09000015258789,5715700.0
2005-09-30,1858000000.0,-1395000000.0,463000000.0,-408000000.0,-76000000.0,,,55000000.0,-10000000.0,-10000000.0,45000000,6000000.0,51000000,-21000000.0,30000000,,30000000,30000000,1419000000.0,,456000000.0,2311000000.0,322000000.0,,199000000.0,521000000.0,2832000000,1248000000.0,17000000.0,1313000000.0,1513000000.0,1513000000.0,2826000000,2219000000.0,,-2226000000.0,6000000.0,2832000000,30000000.0,30000000.0,12000000.0,81000000.0,-12000000.0,-76000000.0,147000000.0,22000000.0,153000000.0,-76000000.0,-126000000.0,-4000000.0,-206000000.0,,7000000.0,21000000.0,30000000.0,-29000000,2005-09-30,44.650001525878906,45.84000015258789,44.599998474121094,45.29999923706055,45.29999923706055,6056000.0
2005-12-31,2977000000.0,-2309000000.0,668000000.0,-503000000.0,-117000000.0,,,165000000.0,-8000000.0,-8000000.0,157000000,4000000.0,161000000,38000000.0,199000000,,199000000,199000000,2000000000.0,,566000000.0,3152000000.0,348000000.0,,196000000.0,544000000.0,3696000000,1899000000.0,,1899000000.0,1480000000.0,1551000000.0,3450000000,2267000000.0,,-2027000000.0,246000000.0,3696000000,199000000.0,37000000.0,-98000000.0,492000000.0,-91000000.0,-113000000.0,498000000.0,198000000.0,630000000.0,-56000000.0,-175000000.0,0.0,-231000000.0,,-1000000.0,22000000.0,24000000.0,413000000,2005-12-30,47.72999954223633,48.20000076293945,47.13999938964844,47.1500015258789,47.1500015258789,5401100.0
2006-03-31,2279000000.0,-1732000000.0,547000000.0,-441000000.0,-99000000.0,,,106000000.0,-7000000.0,-6000000.0,99000000,-3000000.0,96000000,-45000000.0,51000000,,51000000,51000000,1334000000.0,,538000000.0,2391000000.0,361000000.0,,238000000.0,599000000.0,2990000000,1407000000.0,,1407000000.0,1259000000.0,1259000000.0,2666000000,2291000000.0,,-1976000000.0,324000000.0,2990000000,51000000.0,40000000.0,-25000000.0,-369000000.0,50000000.0,33000000.0,-442000000.0,-10000000.0,-303000000.0,-46000000.0,158000000.0,-28000000.0,84000000.0,,-310000000.0,7000000.0,-296000000.0,-506000000,2006-03-31,36.68000030517578,36.77000045776367,36.47999954223633,36.52999877929688,36.52999877929688,2659000.0
2006-06-30,2139000000.0,-1630000000.0,509000000.0,-462000000.0,-103000000.0,,,47000000.0,-5000000.0,-6000000.0,42000000,12000000.0,54000000,-32000000.0,22000000,,22000000,22000000,1419000000.0,,521000000.0,2439000000.0,405000000.0,,321000000.0,726000000.0,3165000000,1458000000.0,,1458000000.0,1324000000.0,1324000000.0,2782000000,2338000000.0,,-1953000000.0,383000000.0,3165000000,22000000.0,43000000.0,-45000000.0,110000000.0,16000000.0,30000000.0,4000000.0,60000000.0,130000000.0,-58000000.0,17000000.0,,-41000000.0,,45000000.0,7000000.0,73000000.0,176000000,2006-06-30,38.58000183105469,38.84000015258789,37.83000183105469,38.68000030517578,38.68000030517578,5191200.0
2006-09-30,2307000000.0,-1758000000.0,549000000.0,-509000000.0,-118000000.0,,,40000000.0,-3000000.0,-7000000.0,37000000,1000000.0,38000000,-19000000.0,19000000,,19000000,19000000,1219000000.0,,736000000.0,2495000000.0,449000000.0,,324000000.0,773000000.0,3268000000,1768000000.0,,1768000000.0,1304000000.0,1304000000.0,3072000000,2381000000.0,-252000000.0,-1934000000.0,196000000.0,3268000000,19000000.0,63000000.0,-8000000.0,56000000.0,-53000000.0,-218000000.0,252000000.0,75000000.0,130000000.0,-62000000.0,211000000.0,-2000000.0,147000000.0,,-29000000.0,-248000000.0,-268000000.0,10000000,2006-09-29,32.009998321533196,32.34000015258789,31.540000915527344,32.11999893188477,32.11999893188477,5227200.0
2006-12-31,3986000000.0,-3135000000.0,851000000.0,-655000000.0,-138000000.0,,,196000000.0,3000000.0,0.0,199000000,-10000000.0,189000000,-91000000.0,98000000,,98000000,98000000,2019000000.0,,877000000.0,3572000000.0,457000000.0,,334000000.0,791000000.0,4363000000,2532000000.0,,2532000000.0,1247000000.0,1400000000.0,3932000000,2521000000.0,-252000000.0,-1837000000.0,431000000.0,4363000000,98000000.0,59000000.0,-79000000.0,667000000.0,-116000000.0,-127000000.0,588000000.0,322000000.0,745000000.0,-50000000.0,-471000000.0,-2000000.0,-523000000.0,,9000000.0,17000000.0,91000000.0,329000000,2006-12-29,40.060001373291016,40.25,39.349998474121094,39.459999084472656,39.459999084472656,4197000.0
2007-03-31,3015000000.0,-2296000000.0,719000000.0,-574000000.0,-128000000.0,,,145000000.0,1000000.0,1000000.0,146000000,-2000000.0,144000000,-33000000.0,111000000,,111000000,111000000,1420000000.0,,754000000.0,2825000000.0,442000000.0,,394000000.0,836000000.0,3661000000,1847000000.0,,1847000000.0,1251000000.0,1461000000.0,3308000000,2590000000.0,-500000000.0,-1740000000.0,353000000.0,3661000000,111000000.0,62000000.0,-29000000.0,-423000000.0,66000000.0,126000000.0,-602000000.0,-13000000.0,-279000000.0,-34000000.0,270000000.0,-1000000.0,235000000.0,,-17000000.0,-239000000.0,-232000000.0,-274000000,2007-03-30,39.75,40.2400016784668,39.41999816894531,39.790000915527344,39.790000915527344,5996900.0
2007-06-30,2886000000.0,-2185000000.0,701000000.0,-585000000.0,-123000000.0,,,116000000.0,-5000000.0,1000000.0,111000000,,111000000,-33000000.0,78000000,,78000000,78000000,1665000000.0,,735000000.0,3083000000.0,443000000.0,,458000000.0,901000000.0,3984000000,1936000000.0,,1936000000.0,1256000000.0,1498000000.0,3434000000,2708000000.0,-500000000.0,-1661000000.0,550000000.0,3984000000,306000000.0,244000000.0,-147000000.0,492000000.0,-113000000.0,-193000000.0,319000000.0,479000000.0,895000000.0,-195000000.0,-9000000.0,-26000000.0,-230000000.0,,-64000000.0,-435000000.0,-366000000.0,321000000,2007-06-29,69.02999877929689,69.19000244140625,68.15000152587889,68.41000366210939,68.41000366210939,5316600.0
2007-09-30,3262000000.0,-2500000000.0,762000000.0,-639000000.0,-131000000.0,,,123000000.0,1000000.0,4000000.0,124000000,,124000000,-44000000.0,80000000,,80000000,80000000,1909000000.0,,970000000.0,3655000000.0,491000000.0,,472000000.0,963000000.0,4618000000,2319000000.0,,2319000000.0,1273000000.0,1538000000.0,3857000000,2831000000.0,-500000000.0,-1581000000.0,761000000.0,4618000000,80000000.0,61000000.0,-26000000.0,122000000.0,-73000000.0,-223000000.0,304000000.0,114000000.0,237000000.0,-69000000.0,127000000.0,-24000000.0,34000000.0,,4000000.0,35000000.0,73000000.0,362000000,2007-09-28,92.7699966430664,93.5999984741211,91.6999969482422,93.1500015258789,93.1500015258789,4813700.0
2007-12-31,5672000000.0,-4501000000.0,1171000000.0,-900000000.0,-197000000.0,,,271000000.0,8000000.0,7000000.0,279000000,2000000.0,281000000,-74000000.0,207000000,,207000000,207000000,3112000000.0,,1200000000.0,5424000000.0,543000000.0,,518000000.0,1061000000.0,6485000000,3697000000.0,17000000.0,3714000000.0,1282000000.0,1574000000.0,5288000000,3067000000.0,-500000000.0,-1375000000.0,1197000000.0,6485000000,-21000000.0,-121000000.0,-158000000.0,852000000.0,-135000000.0,-13000000.0,907000000.0,93000000.0,552000000.0,74000000.0,-47000000.0,-24000000.0,3000000.0,,118000000.0,391000000.0,575000000.0,1108000000,2007-12-31,93.80999755859376,94.37000274658205,92.4499969482422,92.63999938964844,92.63999938964844,5755200.0
2008-03-31,4135000000.0,-3179000000.0,956000000.0,-758000000.0,-164000000.0,,,198000000.0,9000000.0,4000000.0,207000000,,207000000,-62000000.0,143000000,,143000000,143000000,2151000000.0,,1077000000.0,4245000000.0,594000000.0,,1044000000.0,1638000000.0,5883000000,2645000000.0,906000000.0,3551000000.0,467000000.0,862000000.0,4413000000,3195000000.0,-500000000.0,-1232000000.0,1470000000.0,5883000000,143000000.0,65000000.0,-91000000.0,-762000000.0,139000000.0,148000000.0,-1003000000.0,-46000000.0,-645000000.0,-61000000.0,-111000000.0,-355000000.0,-527000000.0,,26000000.0,2000000.0,92000000.0,-1043000000,2008-03-31,70.25,71.63999938964844,69.62999725341797,71.30000305175781,71.30000305175781,5470300.0
2008-06-30,4063000000.0,-3096000000.0,967000000.0,-750000000.0,-176000000.0,,,217000000.0,-9000000.0,-1000000.0,208000000,,208000000,-46000000.0,158000000,,158000000,158000000,2380000000.0,,1107000000.0,4520000000.0,651000000.0,,1151000000.0,1802000000.0,6322000000,2775000000.0,441000000.0,3216000000.0,433000000.0,876000000.0,4092000000,3798000000.0,-500000000.0,-1074000000.0,2230000000.0,6322000000,588000000.0,259000000.0,-477000000.0,718000000.0,-197000000.0,-341000000.0,562000000.0,694000000.0,1088000000.0,-272000000.0,-210000000.0,-452000000.0,-934000000.0,,43000000.0,,347000000.0,544000000,2008-06-30,75.02999877929688,76.12000274658203,73.20999908447266,73.33000183105469,73.33000183105469,7104100.0
2008-09-30,4264000000.0,-3265000000.0,999000000.0,-845000000.0,-181000000.0,,,154000000.0,28000000.0,4000000.0,182000000,,182000000,-59000000.0,118000000,,118000000,118000000,2324000000.0,,1315000000.0,4708000000.0,731000000.0,,1127000000.0,1858000000.0,6566000000,3102000000.0,42000000.0,3144000000.0,393000000.0,895000000.0,4039000000,4055000000.0,-500000000.0,-955000000.0,2527000000.0,6566000000,118000000.0,76000000.0,-102000000.0,332000000.0,-9000000.0,-243000000.0,362000000.0,222000000.0,424000000.0,-102000000.0,104000000.0,-8000000.0,-6000000.0,,-293000000.0,,-240000000.0,102000000,2008-09-30,65.83999633789061,73.12000274658203,65.31999969482422,72.76000213623047,72.76000213623047,13046900.0
2008-12-31,6704000000.0,-5356000000.0,1348000000.0,-1075000000.0,-240000000.0,,,273000000.0,31000000.0,5000000.0,304000000,,304000000,-80000000.0,226000000,,226000000,226000000,3727000000.0,,1399000000.0,6302000000.0,854000000.0,,1158000000.0,2012000000.0,8314000000,4746000000.0,,4746000000.0,409000000.0,896000000.0,5642000000,4125000000.0,-600000000.0,-730000000.0,2672000000.0,8314000000,-204000000.0,-113000000.0,377000000.0,770000000.0,-151000000.0,204000000.0,891000000.0,-174000000.0,830000000.0,102000000.0,-155000000.0,321000000.0,268000000.0,,-33000000.0,-102000000.0,-397000000.0,627000000,2008-12-31,50.7400016784668,51.68999862670898,49.90999984741211,51.27999877929688,51.27999877929688,7792200.0
2009-03-31,4889000000.0,-3741000000.0,1148000000.0,-904000000.0,-196000000.0,,,244000000.0,4000000.0,0.0,248000000,,248000000,-69000000.0,177000000,,177000000,177000000,2730000000.0,,1266000000.0,4893000000.0,889000000.0,,1198000000.0,2087000000.0,6980000000,3410000000.0,,3410000000.0,74000000.0,652000000.0,4062000000,4214000000.0,-600000000.0,-553000000.0,2918000000.0,6980000000,177000000.0,87000000.0,-78000000.0,-771000000.0,167000000.0,107000000.0,-1129000000.0,84000000.0,-585000000.0,-55000000.0,-77000000.0,-15000000.0,-147000000.0,,-340000000.0,0.0,-291000000.0,-1068000000,2009-03-31,72.61000061035156,74.5,72.12000274658203,73.44000244140625,73.44000244140625,8918200.0
2009-06-30,4651000000.0,-3518000000.0,1133000000.0,-974000000.0,-206000000.0,,,159000000.0,20000000.0,1000000.0,179000000,,179000000,-39000000.0,142000000,,142000000,142000000,3212000000.0,,1325000000.0,5422000000.0,981000000.0,,1272000000.0,2253000000.0,7675000000,3636000000.0,,3636000000.0,109000000.0,783000000.0,4419000000,4325000000.0,-600000000.0,-411000000.0,3256000000.0,7675000000,663000000.0,323000000.0,-201000000.0,1093000000.0,-149000000.0,-261000000.0,625000000.0,878000000.0,1878000000.0,-336000000.0,-332000000.0,-129000000.0,-797000000.0,,-619000000.0,-100000000.0,-597000000.0,388000000,2009-06-30,83.62000274658203,84.91999816894531,82.47000122070312,83.66000366210938,83.66000366210938,7984800.0
2009-09-30,5449000000.0,-4176000000.0,1273000000.0,-1022000000.0,-232000000.0,,,251000000.0,11000000.0,0.0,262000000,,262000000,-60000000.0,199000000,,199000000,199000000,4001000000.0,,1617000000.0,6575000000.0,1086000000.0,,1311000000.0,2397000000.0,8972000000,4537000000.0,,4537000000.0,116000000.0,850000000.0,5387000000,4432000000.0,-600000000.0,-212000000.0,3585000000.0,8972000000,199000000.0,96000000.0,40000000.0,464000000.0,-155000000.0,-276000000.0,701000000.0,194000000.0,799000000.0,-103000000.0,-194000000.0,-5000000.0,-302000000.0,,81000000.0,,64000000.0,578000000,2009-09-30,92.26000213623048,94.16999816894531,91.43000030517578,93.36000061035156,93.36000061035156,8539200.0
2009-12-31,9520000000.0,-7543000000.0,1977000000.0,-1502000000.0,-374000000.0,,,475000000.0,-3000000.0,2000000.0,472000000,,472000000,-85000000.0,384000000,,384000000,384000000,6366000000.0,,2171000000.0,9815000000.0,1290000000.0,,2708000000.0,3998000000.0,13813000000,7364000000.0,,7364000000.0,,1192000000.0,8556000000,5741000000.0,-600000000.0,172000000.0,5257000000.0,13813000000,-137000000.0,-128000000.0,51000000.0,1415000000.0,-344000000.0,-101000000.0,1662000000.0,198000000.0,1201000000.0,121000000.0,-1321000000.0,109000000.0,-1091000000.0,,493000000.0,100000000.0,544000000.0,777000000,2009-12-31,137.08999633789062,137.27999877929688,134.52000427246094,134.52000427246094,134.52000427246094,4523000.0
2010-03-31,7131000000.0,-5501000000.0,1630000000.0,-1236000000.0,-298000000.0,,,394000000.0,7000000.0,4000000.0,401000000,,401000000,-100000000.0,299000000,,299000000,299000000,5063000000.0,,1820000000.0,7980000000.0,1436000000.0,,2626000000.0,4062000000.0,12042000000,5193000000.0,,5193000000.0,131000000.0,1231000000.0,6424000000,5892000000.0,-600000000.0,471000000.0,5618000000.0,12042000000,299000000.0,119000000.0,-226000000.0,-1290000000.0,454000000.0,321000000.0,-1892000000.0,-173000000.0,-1098000000.0,-140000000.0,-383000000.0,-19000000.0,-542000000.0,,1000000.0,,87000000.0,-1600000000,2010-03-31,136.0,136.80000305175778,134.47999572753906,135.77000427246094,135.77000427246094,4600600.0
2010-06-30,6566000000.0,-4957000000.0,1609000000.0,-1339000000.0,-324000000.0,,,270000000.0,27000000.0,3000000.0,297000000,,297000000,-88000000.0,207000000,,207000000,207000000,5108000000.0,,1940000000.0,8147000000.0,1704000000.0,,2546000000.0,4250000000.0,12397000000,5250000000.0,,5250000000.0,132000000.0,1290000000.0,6540000000,6061000000.0,-600000000.0,678000000.0,5857000000.0,12397000000,1088000000.0,456000000.0,-510000000.0,1527000000.0,-252000000.0,-435000000.0,959000000.0,1255000000.0,2561000000.0,-575000000.0,-2307000000.0,-45000000.0,-2927000000.0,,-53000000.0,,143000000.0,-307000000,2010-06-30,108.58000183105469,112.68000030517578,108.11000061035156,109.26000213623048,109.26000213623048,9740700.0
2010-09-30,7560000000.0,-5786000000.0,1774000000.0,-1506000000.0,-358000000.0,,,268000000.0,24000000.0,2000000.0,292000000,,292000000,-79000000.0,231000000,,231000000,231000000,5885000000.0,,2515000000.0,9602000000.0,2099000000.0,,2461000000.0,4560000000.0,14162000000,6375000000.0,,6375000000.0,164000000.0,1390000000.0,7765000000,6220000000.0,-600000000.0,908000000.0,6397000000.0,14162000000,231000000.0,150000000.0,-195000000.0,669000000.0,-64000000.0,-505000000.0,894000000.0,344000000.0,855000000.0,-315000000.0,-771000000.0,-42000000.0,-1128000000.0,,18000000.0,,93000000.0,-90000000,2010-09-30,160.00999450683594,160.92999267578125,155.60000610351562,157.05999755859375,157.05999755859375,7606000.0
2010-12-31,12947000000.0,-10317000000.0,2630000000.0,-2156000000.0,-519000000.0,,,474000000.0,33000000.0,3000000.0,507000000,,507000000,-85000000.0,415000000,,415000000,415000000,8762000000.0,,3202000000.0,13769000000.0,2414000000.0,,2614000000.0,5028000000.0,18797000000,10372000000.0,,10372000000.0,,1561000000.0,11933000000,6330000000.0,-600000000.0,1324000000.0,6864000000.0,18797000000,-466000000.0,-157000000.0,220000000.0,1580000000.0,-433000000.0,-400000000.0,2412000000.0,1000000.0,1177000000.0,51000000.0,1432000000.0,-246000000.0,1237000000.0,,-44000000.0,,-142000000.0,2330000000,2010-12-31,181.9600067138672,182.3000030517578,179.50999450683594,180.0,180.0,3451900.0
2011-03-31,9857000000.0,-7608000000.0,2249000000.0,-1927000000.0,-460000000.0,,,322000000.0,-15000000.0,3000000.0,307000000,,307000000,-89000000.0,201000000,,201000000,201000000,6881000000.0,,2888000000.0,11316000000.0,2902000000.0,,2664000000.0,5566000000.0,16882000000,7730000000.0,,7730000000.0,,1805000000.0,9535000000,6488000000.0,-600000000.0,1525000000.0,7347000000.0,16882000000,201000000.0,202000000.0,-69000000.0,-1920000000.0,359000000.0,343000000.0,-2649000000.0,27000000.0,-1586000000.0,-298000000.0,827000000.0,-139000000.0,390000000.0,,-22000000.0,,24000000.0,-1136000000,2011-03-31,179.30999755859375,181.57000732421875,178.5,180.1300048828125,180.1300048828125,4826500.0
2011-06-30,9913000000.0,-7525000000.0,2388000000.0,-2187000000.0,-507000000.0,,,201000000.0,24000000.0,1000000.0,225000000,,225000000,-49000000.0,191000000,,191000000,191000000,6355000000.0,,3229000000.0,11309000000.0,3470000000.0,,3162000000.0,6632000000.0,17941000000,8045000000.0,,8045000000.0,,2131000000.0,10176000000,6680000000.0,-600000000.0,1715000000.0,7765000000.0,17941000000,1038000000.0,766000000.0,-468000000.0,1869000000.0,-304000000.0,-1130000000.0,1835000000.0,1468000000.0,3205000000.0,-1374000000.0,-608000000.0,-921000000.0,-2903000000.0,,-201000000.0,,-42000000.0,418000000,2011-06-30,200.77999877929688,205.1999969482422,200.5,204.4900054931641,204.4900054931641,4448100.0
2011-09-30,10876000000.0,-8325000000.0,2551000000.0,-2472000000.0,-545000000.0,,,79000000.0,51000000.0,-1000000.0,130000000,,130000000,-67000000.0,63000000,,63000000,63000000,6326000000.0,,3770000000.0,11931000000.0,3999000000.0,,3124000000.0,7123000000.0,19054000000,8978000000.0,,8978000000.0,,2310000000.0,11288000000,6829000000.0,-600000000.0,1778000000.0,7766000000.0,19054000000,63000000.0,278000000.0,-78000000.0,534000000.0,-75000000.0,-587000000.0,848000000.0,348000000.0,797000000.0,-529000000.0,677000000.0,-48000000.0,100000000.0,,-82000000.0,,-82000000.0,776000000,2011-09-30,218.19000244140625,223.0,215.2100067138672,216.22999572753903,216.22999572753903,6550300.0
2011-12-31,17431000000.0,-13830000000.0,3601000000.0,-3341000000.0,-776000000.0,,,260000000.0,12000000.0,-7000000.0,272000000,,272000000,-86000000.0,176000000,,176000000,176000000,9576000000.0,,4992000000.0,17518000000.0,4417000000.0,,3343000000.0,7760000000.0,25278000000,14896000000.0,,14896000000.0,255000000.0,2625000000.0,17521000000,6995000000.0,-877000000.0,1955000000.0,7757000000.0,25278000000,-671000000.0,-163000000.0,319000000.0,2002000000.0,-846000000.0,-403000000.0,2963000000.0,288000000.0,1487000000.0,390000000.0,-310000000.0,403000000.0,483000000.0,,38000000.0,-277000000.0,-382000000.0,1434000000,2011-12-30,173.36000061035156,175.1699981689453,172.49000549316406,173.10000610351562,173.10000610351562,4279800.0
2012-03-31,13185000000.0,-10027000000.0,3158000000.0,-2966000000.0,-680000000.0,,,192000000.0,-108000000.0,-9000000.0,84000000,,84000000,-43000000.0,130000000,,130000000,130000000,5715000000.0,,4255000000.0,12181000000.0,4653000000.0,,3505000000.0,8158000000.0,20339000000,10488000000.0,,10488000000.0,,2580000000.0,13068000000,7197000000.0,-1837000000.0,2085000000.0,7271000000.0,20339000000,130000000.0,457000000.0,-128000000.0,-2897000000.0,746000000.0,747000000.0,-4258000000.0,-132000000.0,-2438000000.0,-386000000.0,886000000.0,-50000000.0,450000000.0,,-85000000.0,-960000000.0,-1005000000.0,-2981000000,2012-03-30,205.0200042724609,206.8500061035156,201.8699951171875,202.50999450683597,202.50999450683597,4438100.0
2012-06-30,12834000000.0,-9488000000.0,3346000000.0,-3239000000.0,-769000000.0,,,107000000.0,39000000.0,-11000000.0,146000000,,146000000,-109000000.0,7000000,,7000000,7000000,4970000000.0,,4380000000.0,11819000000.0,5097000000.0,,4106000000.0,9203000000.0,21022000000,10964000000.0,,10964000000.0,,2553000000.0,13517000000,7578000000.0,-1837000000.0,2092000000.0,7505000000.0,21022000000,377000000.0,1579000000.0,-483000000.0,1749000000.0,-572000000.0,-1224000000.0,1453000000.0,2092000000.0,3222000000.0,-2123000000.0,1379000000.0,-770000000.0,-1514000000.0,,-241000000.0,-1237000000.0,-1352000000.0,288000000,2012-06-29,224.6999969482422,228.3500061035156,223.7100067138672,228.3500061035156,228.3500061035156,3614400.0
2012-09-30,13806000000.0,-10319000000.0,3487000000.0,-3515000000.0,-770000000.0,,,-28000000.0,6000000.0,-12000000.0,-22000000,,-22000000,-83000000.0,-274000000,,-274000000,-274000000,5248000000.0,,5065000000.0,13156000000.0,5662000000.0,,4016000000.0,9678000000.0,22834000000,12605000000.0,,12605000000.0,,2676000000.0,15281000000,7868000000.0,-1837000000.0,1818000000.0,7553000000.0,22834000000,-274000000.0,554000000.0,-65000000.0,728000000.0,-416000000.0,-647000000.0,1223000000.0,568000000.0,943000000.0,-716000000.0,384000000.0,-37000000.0,-369000000.0,,-35000000.0,,31000000.0,645000000,2012-09-28,256.1400146484375,257.0,253.1999969482422,254.32000732421875,254.32000732421875,2456600.0
2012-12-31,21268000000.0,-16137000000.0,5131000000.0,-4726000000.0,-1085000000.0,,,405000000.0,-69000000.0,-20000000.0,336000000,,336000000,-193000000.0,98000000,,98000000,98000000,11448000000.0,,6031000000.0,21296000000.0,7060000000.0,,4199000000.0,11259000000.0,32555000000,18210000000.0,,19002000000.0,3084000000.0,5361000000.0,24363000000,8352000000.0,-1837000000.0,1916000000.0,8192000000.0,32555000000,-272000000.0,-431000000.0,-308000000.0,3464000000.0,-619000000.0,125000000.0,3652000000.0,306000000.0,2453000000.0,-560000000.0,-1714000000.0,112000000.0,-2162000000.0,,3151000000.0,1237000000.0,4585000000.0,4863000000,2012-12-31,243.75,252.41000366210938,242.75,250.8699951171875,250.8699951171875,3419000.0
2013-03-31,16070000000.0,-11801000000.0,4269000000.0,-4088000000.0,-878000000.0,,,181000000.0,-100000000.0,-23000000.0,81000000,,81000000,18000000.0,82000000,,82000000,82000000,7895000000.0,,5395000000.0,16436000000.0,7674000000.0,,4267000000.0,11941000000.0,28377000000,14332000000.0,,14332000000.0,3040000000.0,5613000000.0,19945000000,8590000000.0,-1837000000.0,1998000000.0,8432000000.0,28377000000,82000000.0,700000000.0,-212000000.0,-2942000000.0,729000000.0,535000000.0,-4187000000.0,-19000000.0,-2372000000.0,-670000000.0,-177000000.0,-103000000.0,-950000000.0,,-157000000.0,,-157000000.0,-3603000000,2013-03-28,265.82000732421875,267.3800048828125,264.0599975585937,266.489990234375,266.489990234375,2473700.0
2013-06-30,15704000000.0,-11209000000.0,4495000000.0,-4416000000.0,-961000000.0,,,79000000.0,-62000000.0,-24000000.0,17000000,,17000000,-13000000.0,-7000000,,-7000000,-7000000,7463000000.0,,5420000000.0,16413000000.0,8789000000.0,,4421000000.0,13210000000.0,29623000000,14735000000.0,,14735000000.0,3042000000.0,6155000000.0,20890000000,8898000000.0,-1837000000.0,1991000000.0,8733000000.0,29623000000,-101000000.0,2673000000.0,-909000000.0,2869000000.0,-922000000.0,-1116000000.0,1962000000.0,2945000000.0,4532000000.0,-4267000000.0,-1230000000.0,-323000000.0,-5820000000.0,,2526000000.0,,2830000000.0,1369000000,2013-06-28,276.19000244140625,279.82998657226557,276.19000244140625,277.69000244140625,277.69000244140625,3193300.0
2013-09-30,17092000000.0,-12366000000.0,4726000000.0,-4751000000.0,-972000000.0,,,-25000000.0,-18000000.0,-27000000.0,-43000000,,-43000000,12000000.0,-41000000,,-41000000,-41000000,7689000000.0,,6068000000.0,17462000000.0,9991000000.0,,4408000000.0,14399000000.0,31861000000,16135000000.0,,16135000000.0,3043000000.0,6639000000.0,22774000000,9180000000.0,-1837000000.0,1950000000.0,9087000000.0,31861000000,-41000000.0,834000000.0,-241000000.0,836000000.0,-125000000.0,-586000000.0,947000000.0,600000000.0,1388000000.0,-1038000000.0,-24000000.0,-1000000.0,-1063000000.0,,-230000000.0,,-230000000.0,168000000,2013-09-30,313.4100036621094,315.30999755859375,311.05999755859375,312.6400146484375,312.6400146484375,1623600.0
2013-12-31,25586000000.0,-18805000000.0,6781000000.0,-6271000000.0,-1451000000.0,,,510000000.0,-59000000.0,-29000000.0,451000000,,451000000,-178000000.0,240000000,,240000000,240000000,12447000000.0,,7411000000.0,24625000000.0,10949000000.0,,4585000000.0,15534000000.0,40159000000,21821000000.0,,22980000000.0,3191000000.0,7433000000.0,30413000000,9578000000.0,-1837000000.0,2190000000.0,9746000000.0,40159000000,334000000.0,-954000000.0,251000000.0,2296000000.0,-528000000.0,-243000000.0,3166000000.0,-99000000.0,1927000000.0,2531000000.0,911000000.0,115000000.0,3557000000.0,,-2756000000.0,,-2982000000.0,2640000000,2013-12-31,394.5799865722656,398.8299865722656,393.7999877929688,398.7900085449219,398.7900085449219,1996500.0
2014-03-31,19741000000.0,-14055000000.0,5686000000.0,-5540000000.0,-1197000000.0,,,146000000.0,-26000000.0,-31000000.0,120000000,,120000000,-73000000.0,108000000,,108000000,108000000,8666000000.0,,6716000000.0,19327000000.0,12267000000.0,,4770000000.0,17037000000.0,36364000000,16841000000.0,,18357000000.0,3147000000.0,7679000000.0,26036000000,10024000000.0,-1837000000.0,2298000000.0,10328000000.0,36364000000,108000000.0,1010000000.0,-732000000.0,-2888000000.0,727000000.0,699000000.0,-4675000000.0,361000000.0,-2502000000.0,-1080000000.0,156000000.0,,-924000000.0,,-296000000.0,,-175000000.0,-3584000000,2014-03-31,342.3999938964844,346.2900085449219,334.05999755859375,336.3699951171875,336.3699951171875,4297500.0
2014-06-30,19340000000.0,-13399000000.0,5941000000.0,-5956000000.0,-1320000000.0,,,-15000000.0,-12000000.0,-34000000.0,-27000000,,-27000000,-94000000.0,-126000000,,-126000000,-126000000,7986000000.0,,6644000000.0,18755000000.0,14089000000.0,,5054000000.0,19143000000.0,37898000000,17145000000.0,,18751000000.0,3119000000.0,8545000000.0,27296000000,10410000000.0,-1837000000.0,2172000000.0,10602000000.0,37898000000,181000000.0,3916000000.0,-2013000000.0,3243000000.0,-936000000.0,-1124000000.0,1056000000.0,4247000000.0,5327000000.0,-4288000000.0,855000000.0,-127000000.0,-3560000000.0,,-736000000.0,,-537000000.0,1353000000,2014-06-30,324.9800109863281,326.9800109863281,322.239990234375,324.7799987792969,324.7799987792969,2671300.0
2014-09-30,20579000000.0,-14627000000.0,5952000000.0,-6496000000.0,-1399000000.0,,,-544000000.0,-90000000.0,-40000000.0,-634000000,,-634000000,205000000.0,-437000000,,-437000000,-437000000,6883000000.0,,7316000000.0,18572000000.0,15702000000.0,,6145000000.0,21847000000.0,40419000000,19028000000.0,,20842000000.0,3099000000.0,9241000000.0,30083000000,10832000000.0,-1837000000.0,1735000000.0,10336000000.0,40419000000,-437000000.0,1247000000.0,-634000000.0,1590000000.0,-362000000.0,-845000000.0,1724000000.0,1073000000.0,1766000000.0,-1378000000.0,1292000000.0,-860000000.0,-946000000.0,,-412000000.0,,-412000000.0,201000000,2014-09-30,321.3599853515625,323.42999267578125,318.510009765625,322.44000244140625,322.44000244140625,2636200.0
2014-12-31,29328000000.0,-20671000000.0,8657000000.0,-8066000000.0,-1968000000.0,,,591000000.0,-161000000.0,-66000000.0,430000000,,430000000,-205000000.0,214000000,,214000000,214000000,17416000000.0,,8299000000.0,31327000000.0,16967000000.0,,6211000000.0,23178000000.0,54505000000,26266000000.0,,28089000000.0,8265000000.0,15675000000.0,43764000000,11140000000.0,-1837000000.0,1949000000.0,10741000000.0,54505000000,-93000000.0,-1427000000.0,1050000000.0,2721000000.0,-468000000.0,77000000.0,3654000000.0,-542000000.0,2251000000.0,1853000000.0,-1496000000.0,8000000.0,365000000.0,,5870000000.0,,5556000000.0,7929000000,2014-12-31,311.54998779296875,312.9800109863281,310.010009765625,310.3500061035156,310.3500061035156,2048000.0
2015-03-31,22717000000.0,-15395000000.0,7322000000.0,-7067000000.0,-1510000000.0,,,255000000.0,-234000000.0,-104000000.0,21000000,,21000000,-71000000.0,-57000000,,-57000000,-57000000,13781000000.0,,7369000000.0,25922000000.0,17736000000.0,,6417000000.0,24153000000.0,50075000000,20757000000.0,,23177000000.0,8257000000.0,16025000000.0,39202000000,11570000000.0,-1837000000.0,1892000000.0,10873000000.0,50075000000,-57000000.0,1426000000.0,-644000000.0,-2224000000.0,441000000.0,721000000.0,-4249000000.0,863000000.0,-1499000000.0,-871000000.0,-611000000.0,-365000000.0,-1847000000.0,,-674000000.0,,-652000000.0,-4320000000,2015-03-31,373.239990234375,377.70001220703125,371.510009765625,372.1000061035156,372.1000061035156,2506100.0
2015-06-30,23185000000.0,-15160000000.0,8025000000.0,-7561000000.0,-1617000000.0,,,464000000.0,-102000000.0,-102000000.0,362000000,,362000000,-266000000.0,92000000,,92000000,92000000,14001000000.0,,7470000000.0,26391000000.0,19479000000.0,,6570000000.0,26049000000.0,52440000000,21350000000.0,,23912000000.0,8250000000.0,16760000000.0,40672000000,12238000000.0,-1837000000.0,1984000000.0,11768000000.0,52440000000,-188000000.0,5557000000.0,-2577000000.0,6188000000.0,-1456000000.0,-1291000000.0,2901000000.0,6034000000.0,8980000000.0,-4607000000.0,-740000000.0,-1287000000.0,-6634000000.0,,3452000000.0,,3453000000.0,5212000000,2015-06-30,434.20001220703125,435.5700073242188,430.4599914550781,434.0899963378906,434.0899963378906,2596900.0
2015-09-30,25358000000.0,-16755000000.0,8603000000.0,-8197000000.0,-1727000000.0,,,406000000.0,-159000000.0,-103000000.0,247000000,,247000000,-161000000.0,79000000,,79000000,79000000,14428000000.0,,8981000000.0,28849000000.0,20636000000.0,,6745000000.0,27381000000.0,56230000000,23594000000.0,,26657000000.0,8243000000.0,17143000000.0,43800000000,12879000000.0,-1837000000.0,2063000000.0,12430000000.0,56230000000,79000000.0,1599000000.0,-895000000.0,1827000000.0,-588000000.0,-1537000000.0,2030000000.0,1922000000.0,2610000000.0,-1195000000.0,-77000000.0,-105000000.0,-1377000000.0,,-825000000.0,,-730000000.0,440000000,2015-09-30,505.4400024414063,512.7999877929689,501.6700134277344,511.8900146484375,511.8900146484375,4004700.0
2015-12-31,35746000000.0,-24341000000.0,11405000000.0,-10297000000.0,-2147000000.0,,,1108000000.0,-170000000.0,-100000000.0,938000000,,938000000,-452000000.0,482000000,,482000000,482000000,19808000000.0,,10243000000.0,35705000000.0,21838000000.0,,7204000000.0,29042000000.0,64747000000,30769000000.0,,33887000000.0,8227000000.0,17476000000.0,51363000000,13399000000.0,-1837000000.0,2545000000.0,13384000000.0,64747000000,762000000.0,-2301000000.0,6721000000.0,-3234000000.0,-152000000.0,-80000000.0,3612000000.0,-6614000000.0,1948000000.0,1286000000.0,362000000.0,962000000.0,3408000000.0,,-5835000000.0,,-5953000000.0,1000000,2015-12-31,686.0800170898438,687.75,675.8900146484375,675.8900146484375,675.8900146484375,3749600.0
2016-03-31,29128000000.0,-18866000000.0,10262000000.0,-9191000000.0,-1933000000.0,,,1071000000.0,-15000000.0,-96000000.0,1056000000,,1056000000,-475000000.0,513000000,,513000000,513000000,15859000000.0,,9582000000.0,30513000000.0,23308000000.0,,7307000000.0,30615000000.0,61128000000,24421000000.0,,28187000000.0,8219000000.0,18185000000.0,46372000000,14149000000.0,-1837000000.0,3058000000.0,14756000000.0,61128000000,513000000.0,1827000000.0,-1562000000.0,-2731000000.0,412000000.0,769000000.0,-5770000000.0,1858000000.0,-1953000000.0,-1179000000.0,502000000.0,-16000000.0,-693000000.0,,-996000000.0,,-996000000.0,-3420000000,2016-03-31,599.280029296875,600.75,592.2100219726562,593.6400146484375,593.6400146484375,2681800.0
2016-06-30,30404000000.0,-19180000000.0,11224000000.0,-9939000000.0,-2126000000.0,,,1285000000.0,-106000000.0,-92000000.0,1179000000,,1179000000,-307000000.0,857000000,,857000000,857000000,16540000000.0,,9588000000.0,32220000000.0,25190000000.0,,7666000000.0,32856000000.0,65076000000,25736000000.0,,29587000000.0,8212000000.0,18951000000.0,48538000000,15031000000.0,-1837000000.0,3915000000.0,16538000000.0,65076000000,1931000000.0,7087000000.0,-5003000000.0,9034000000.0,-2538000000.0,-2167000000.0,3377000000.0,10362000000.0,13049000000.0,-5395000000.0,-513000000.0,-452000000.0,-6360000000.0,,-4570000000.0,,-4570000000.0,2252000000,2016-06-30,717.2000122070312,719.3699951171875,712.5399780273438,715.6199951171875,715.6199951171875,2855100.0
2016-09-30,32714000000.0,-21260000000.0,11454000000.0,-10879000000.0,-2377000000.0,,,575000000.0,-84000000.0,-92000000.0,491000000,,491000000,-229000000.0,252000000,,252000000,252000000,18347000000.0,,10696000000.0,35609000000.0,27177000000.0,,8111000000.0,35288000000.0,70897000000,29298000000.0,,33498000000.0,8205000000.0,19617000000.0,53115000000,15973000000.0,-1837000000.0,4167000000.0,17782000000.0,70897000000,2105000000.0,7572000000.0,-5896000000.0,11223000000.0,-2621000000.0,-1726000000.0,3887000000.0,11683000000.0,15004000000.0,-6040000000.0,-1082000000.0,-430000000.0,-7552000000.0,,-4746000000.0,,-4746000000.0,2947000000,2016-09-30,832.6099853515625,839.9500122070312,832.4000244140625,837.3099975585938,837.3099975585938,4430600.0
2016-12-31,43741000000.0,-28959000000.0,14782000000.0,-13527000000.0,-3229000000.0,,,1255000000.0,-89000000.0,-104000000.0,1166000000,,1166000000,-414000000.0,749000000,,749000000,749000000,25981000000.0,,11461000000.0,45781000000.0,29114000000.0,,8507000000.0,37621000000.0,83402000000,39048000000.0,,43816000000.0,7694000000.0,20301000000.0,64117000000,17191000000.0,-1837000000.0,4916000000.0,19285000000.0,83402000000,-2178000000.0,-8370000000.0,15330000000.0,-13679000000.0,1311000000.0,1698000000.0,3536000000.0,-20224000000.0,-8897000000.0,4810000000.0,-1570000000.0,782000000.0,5089000000.0,,6596000000.0,,6596000000.0,1980000000,2016-12-30,766.469970703125,767.4000244140625,748.280029296875,749.8699951171875,749.8699951171875,4139400.0
2017-03-31,35714000000.0,-22440000000.0,13274000000.0,-12269000000.0,-2715000000.0,,,1005000000.0,-52000000.0,-100000000.0,953000000,,953000000,-229000000.0,724000000,,724000000,724000000,21531000000.0,,10600000000.0,39460000000.0,32632000000.0,,8877000000.0,41509000000.0,80969000000,31945000000.0,,37399000000.0,7691000000.0,21896000000.0,59295000000,17981000000.0,-1837000000.0,6327000000.0,21674000000.0,80969000000,724000000.0,2435000000.0,772000000.0,-5550000000.0,965000000.0,947000000.0,-6865000000.0,-597000000.0,-1619000000.0,-2148000000.0,556000000.0,-45000000.0,-1350000000.0,,-888000000.0,,-888000000.0,-3633000000,2017-03-31,877.0,890.3499755859375,876.6500244140625,886.5399780273438,886.5399780273438,3957600.0
2017-06-30,37955000000.0,-23451000000.0,14504000000.0,-13876000000.0,-3103000000.0,,,628000000.0,38000000.0,-99000000.0,666000000,,666000000,-467000000.0,197000000,,197000000,197000000,21451000000.0,,11510000000.0,41007000000.0,37083000000.0,,9691000000.0,46774000000.0,87781000000,35455000000.0,,40520000000.0,7683000000.0,24047000000.0,64567000000,19134000000.0,-1837000000.0,6524000000.0,23214000000.0,87781000000,1922000000.0,9448000000.0,3609000000.0,2823000000.0,-2925000000.0,-1874000000.0,5046000000.0,2576000000.0,17802000000.0,-9763000000.0,-4201000000.0,-765000000.0,-13173000000.0,,-3731000000.0,,-3731000000.0,874000000,2017-06-30,980.1199951171876,983.469970703125,967.6099853515624,968.0,968.0,3390300.0
2017-09-30,43744000000.0,-27549000000.0,16195000000.0,-15848000000.0,-3439000000.0,,,347000000.0,-31000000.0,-174000000.0,316000000,,316000000,-58000000.0,256000000,,256000000,256000000,24310000000.0,,13711000000.0,48578000000.0,45335000000.0,,21354000000.0,66689000000.0,115267000000,41919000000.0,,47072000000.0,24710000000.0,43537000000.0,90609000000,20217000000.0,-1837000000.0,6779000000.0,24658000000.0,115267000000,1926000000.0,10277000000.0,3831000000.0,962000000.0,-3938000000.0,-2371000000.0,5479000000.0,1792000000.0,16996000000.0,-10750000000.0,-6249000000.0,-13893000000.0,-29169000000.0,,11930000000.0,,11930000000.0,-164000000,2017-09-29,960.1099853515624,964.8300170898438,958.3800048828124,961.3499755859376,961.3499755859376,2543800.0
2017-12-31,60453000000.0,-38494000000.0,21959000000.0,-19833000000.0,-4486000000.0,,,2126000000.0,-255000000.0,-273000000.0,1871000000,,1871000000,-15000000.0,1856000000,,1856000000,1856000000,30986000000.0,,16047000000.0,60197000000.0,48866000000.0,,22247000000.0,71113000000.0,131310000000,52786000000.0,,57883000000.0,24743000000.0,45718000000.0,103601000000,21394000000.0,-1837000000.0,8636000000.0,27709000000.0,131310000000,-1539000000.0,-10682000000.0,-4116000000.0,1523000000.0,1118000000.0,-285000000.0,3440000000.0,-2750000000.0,-14814000000.0,10706000000.0,6840000000.0,731000000.0,16608000000.0,,2617000000.0,,2617000000.0,4845000000,2017-12-29,1182.3499755859375,1184.0,1167.5,1169.469970703125,1169.469970703125,2688400.0
2018-03-31,51042000000.0,-30735000000.0,20307000000.0,-18380000000.0,-3766000000.0,,,1927000000.0,-11000000.0,-250000000.0,1916000000,,1916000000,-287000000.0,1629000000,,1629000000,1629000000,24963000000.0,,13840000000.0,50829000000.0,52331000000.0,,23202000000.0,75533000000.0,126362000000,41863000000.0,,48045000000.0,24640000000.0,46854000000.0,94899000000,22568000000.0,-1837000000.0,11199000000.0,31463000000.0,126362000000,3938000000.0,12714000000.0,4518000000.0,-2976000000.0,-4716000000.0,-2309000000.0,3749000000.0,300000000.0,18194000000.0,-12905000000.0,-1402000000.0,-13939000000.0,-26265000000.0,,8653000000.0,,8653000000.0,1315000000,2018-03-29,1406.0,1455.469970703125,1365.199951171875,1447.3399658203125,1447.3399658203125,12581100.0
2018-06-30,52886000000.0,-30632000000.0,22254000000.0,-19271000000.0,-4012000000.0,,,2983000000.0,-378000000.0,-249000000.0,2605000000,,2605000000,-74000000.0,2534000000,,2534000000,2534000000,27050000000.0,,14824000000.0,54481000000.0,54768000000.0,,24851000000.0,79619000000.0,134100000000,44797000000.0,,50801000000.0,24638000000.0,48304000000.0,99105000000,24033000000.0,-1837000000.0,13733000000.0,34995000000.0,134100000000,6275000000.0,13711000000.0,4567000000.0,-2760000000.0,-4859000000.0,-2717000000.0,4364000000.0,452000000.0,21793000000.0,-13035000000.0,1861000000.0,-14173000000.0,-23684000000.0,,8535000000.0,,8535000000.0,6685000000,2018-06-29,1717.0,1723.4100341796875,1694.3199462890625,1699.800048828125,1699.800048828125,4543500.0
2018-09-30,56576000000.0,-33003000000.0,23573000000.0,-19849000000.0,-4344000000.0,,,3724000000.0,-334000000.0,-241000000.0,3390000000,,3390000000,-508000000.0,2883000000,,2883000000,2883000000,29765000000.0,,15862000000.0,59885000000.0,58019000000.0,,25791000000.0,83810000000.0,143695000000,49324000000.0,,55324000000.0,24684000000.0,49246000000.0,104570000000,25380000000.0,-1837000000.0,16616000000.0,39125000000.0,143695000000,8902000000.0,14577000000.0,5415000000.0,-2290000000.0,-5983000000.0,-2220000000.0,5285000000.0,628000000.0,26604000000.0,-13312000000.0,2397000000.0,-1936000000.0,-10778000000.0,,-8496000000.0,,-8496000000.0,7072000000,2018-09-28,2004.4100341796875,2026.52001953125,1996.4599609375,2003.0,2003.0,4085100.0
2018-12-31,72383000000.0,-44786000000.0,27597000000.0,-23810000000.0,-6028000000.0,,,3787000000.0,-437000000.0,-237000000.0,3350000000,,3350000000,-328000000.0,3027000000,,3027000000,3027000000,41250000000.0,,17174000000.0,75101000000.0,61797000000.0,,25750000000.0,87547000000.0,162648000000,61855000000.0,,68391000000.0,23495000000.0,50708000000.0,119099000000,26796000000.0,-1837000000.0,19625000000.0,43549000000.0,162648000000,-9042000000.0,-25661000000.0,-8148000000.0,6983000000.0,10943000000.0,5932000000.0,-10135000000.0,243000000.0,-35868000000.0,27929000000.0,-1716000000.0,27862000000.0,48358000000.0,,-16378000000.0,,-16378000000.0,-4755000000,2018-12-31,1510.800048828125,1520.760009765625,1487.0,1501.969970703125,1501.969970703125,6954500.0
2019-03-31,59700000000.0,-33920000000.0,25780000000.0,-21360000000.0,-4837000000.0,,,4420000000.0,-19000000.0,-183000000.0,4401000000,,4401000000,-836000000.0,3561000000,,3561000000,3561000000,37020000000.0,,16432000000.0,69431000000.0,61048000000.0,,47623000000.0,108671000000.0,178102000000,56397000000.0,,63695000000.0,23322000000.0,65997000000.0,129692000000,28064000000.0,-1837000000.0,23193000000.0,48410000000.0,178102000000,12005000000.0,16524000000.0,6696000000.0,-865000000.0,-6043000000.0,-2815000000.0,7095000000.0,898000000.0,34360000000.0,-13619000000.0,-5301000000.0,-3342000000.0,-19959000000.0,,-7899000000.0,,-7899000000.0,5891000000,2019-03-29,1786.5799560546875,1792.8599853515625,1776.6300048828125,1780.75,1780.75,3320800.0
2019-06-30,63404000000.0,-36337000000.0,27067000000.0,-23983000000.0,-5561000000.0,,,3084000000.0,-195000000.0,-168000000.0,2889000000,,2889000000,-257000000.0,2625000000,,2625000000,2625000000,41463000000.0,,18580000000.0,76790000000.0,64723000000.0,,49838000000.0,114561000000.0,191351000000,62203000000.0,,69678000000.0,23329000000.0,68612000000.0,138290000000,30040000000.0,-1837000000.0,25818000000.0,53061000000.0,191351000000,12096000000.0,18097000000.0,7322000000.0,-1486000000.0,-6873000000.0,-3826000000.0,8060000000.0,1153000000.0,36029000000.0,-13938000000.0,-11213000000.0,-2592000000.0,-24816000000.0,,-8665000000.0,,-8665000000.0,2429000000,2019-06-28,1909.0999755859373,1912.93994140625,1884.0,1893.6300048828125,1893.6300048828125,3037400.0
2019-09-30,69981000000.0,-41302000000.0,28679000000.0,-25522000000.0,-6100000000.0,,,3157000000.0,-525000000.0,-172000000.0,2632000000,,2632000000,-494000000.0,2134000000,,2134000000,2134000000,43401000000.0,,18766000000.0,79054000000.0,67662000000.0,,52383000000.0,120045000000.0,199099000000,64755000000.0,,72136000000.0,22472000000.0,70455000000.0,142591000000,31822000000.0,-1837000000.0,27952000000.0,56508000000.0,199099000000,11347000000.0,19881000000.0,7854000000.0,-3750000000.0,-5172000000.0,-3112000000.0,4393000000.0,141000000.0,35332000000.0,-15282000000.0,-10434000000.0,-2015000000.0,-24317000000.0,,-8255000000.0,,-8255000000.0,2522000000,2019-09-30,1726.989990234375,1737.4599609375,1709.219970703125,1735.9100341796875,1735.9100341796875,2644700.0
2019-12-31,87437000000.0,-53977000000.0,33460000000.0,-29580000000.0,-7583000000.0,,,3880000000.0,174000000.0,-245000000.0,4054000000,,4054000000,-787000000.0,3268000000,,3268000000,3268000000,55021000000.0,20816000000.0,20497000000.0,96334000000.0,72705000000.0,,56209000000.0,128914000000.0,225248000000,79622000000.0,,87812000000.0,23414000000.0,75376000000.0,163188000000,33663000000.0,-1837000000.0,31220000000.0,62060000000.0,225248000000,-23860000000.0,-32713000000.0,-14297000000.0,3663000000.0,10407000000.0,6475000000.0,-11355000000.0,-1864000000.0,-67207000000.0,30150000000.0,17817000000.0,5488000000.0,44811000000.0,,14753000000.0,,14753000000.0,-6605000000,2019-12-31,1842.0,1853.260009765625,1832.22998046875,1847.8399658203125,1847.8399658203125,2506500.0
2020-03-31,75452000000.0,-44257000000.0,31195000000.0,-27206000000.0,-6280000000.0,,,3989000000.0,-606000000.0,-200000000.0,3383000000,,3383000000,-744000000.0,2535000000,,2535000000,2535000000,49292000000.0,,18857000000.0,85985000000.0,77779000000.0,,57474000000.0,135253000000.0,221238000000,70847000000.0,,79711000000.0,23437000000.0,76255000000.0,155966000000,35417000000.0,-1837000000.0,33755000000.0,65272000000.0,221238000000,2535000000.0,5362000000.0,2711000000.0,-7544000000.0,1262000000.0,1392000000.0,-8044000000.0,-2154000000.0,3064000000.0,-5428000000.0,-3375000000.0,-91000000.0,-8894000000.0,,-2591000000.0,,-2591000000.0,-8905000000,2020-03-31,1964.3499755859373,1993.02001953125,1944.010009765625,1949.719970703125,1949.719970703125,5123600.0
2020-06-30,88912000000.0,-52660000000.0,36252000000.0,-30409000000.0,-5925000000.0,,,5843000000.0,378000000.0,-268000000.0,6221000000,,6221000000,-984000000.0,5243000000,,5243000000,5243000000,71391000000.0,,19599000000.0,110908000000.0,86517000000.0,,60889000000.0,147406000000.0,258314000000,84899000000.0,,93896000000.0,33128000000.0,90690000000.0,184586000000,38022000000.0,-1837000000.0,38998000000.0,73728000000.0,258314000000,5243000000.0,5748000000.0,2579000000.0,7036000000.0,-2854000000.0,-672000000.0,8616000000.0,1946000000.0,20606000000.0,-6615000000.0,-11071000000.0,-118000000.0,-17804000000.0,,7408000000.0,,7408000000.0,10337000000,2020-06-30,2685.070068359375,2769.6298828125,2675.030029296875,2758.820068359375,2758.820068359375,3769700.0
