Report Date,Revenue,Cost of Revenue,Gross Profit,Operating Expenses,"Selling, General & Administrative",Research & Development,Depreciation & Amortization,Operating Income (Loss),Non-Operating Income (Loss),"Interest Expense, Net","Pretax Income (Loss), Adj.",Abnormal Gains (Losses),Pretax Income (Loss),"Income Tax (Expense) Benefit, Net",Income (Loss) from Continuing Operations,Net Extraordinary Gains (Losses),Net Income,Net Income (Common),"Cash, Cash Equivalents & Short Term Investments",Accounts & Notes Receivable,Inventories,Total Current Assets,"Property, Plant & Equipment, Net",Long Term Investments & Receivables,Other Long Term Assets,Total Noncurrent Assets,Total Assets,Payables & Accruals,Short Term Debt,Total Current Liabilities,Long Term Debt,Total Noncurrent Liabilities,Total Liabilities,Share Capital & Additional Paid-In Capital,Treasury Stock,Retained Earnings,Total Equity,Total Liabilities & Equity,Net Income/Starting Line,Depreciation & Amortization,Non-Cash Items,Change in Working Capital,Change in Accounts Receivable,Change in Inventories,Change in Accounts Payable,Change in Other,Net Cash from Operating Activities,Change in Fixed Assets & Intangibles,Net Change in Long Term Investment,Net Cash from Acquisitions & Divestitures,Net Cash from Investing Activities,Dividends Paid,Cash from (Repayment of) Debt,Cash from (Repurchase of) Equity,Net Cash from Financing Activities,Net Change in Cash,Price Date,Open,High,Low,Close,Adj Close,Volume
2009-06-30,1038000000.0,-472000000.0,566000000.0,-333000000.0,-210000000.0,-123000000.0,,233000000.0,0.0,0.0,233000000,-15000000.0,218000000,-23000000.0,195000000,,195000000,195000000,2830000000.0,282000000.0,198000000.0,4510000000.0,134000000.0,23000000.0,8852000000.0,9009000000.0,13519000000,668000000.0,,1091000000.0,,897000000.0,1988000000,12303000000.0,-668000000.0,-90000000.0,11531000000.0,13519000000,195000000.0,60000000.0,-85000000.0,-288000000.0,-88000000.0,32000000.0,-39000000.0,-193000000.0,-118000000.0,-14000000.0,2000000.0,,-17000000.0,0.0,,-191000000.0,-152000000.0,-260000000,2009-06-30,12.710000038146973,12.84000015258789,12.539999961853027,12.630000114440918,11.2639799118042,9728900.0
2009-09-30,703000000.0,-339000000.0,364000000.0,-356000000.0,-234000000.0,-122000000.0,,8000000.0,11000000.0,11000000.0,19000000,1000000.0,20000000,-5000000.0,15000000,,15000000,15000000,2721000000.0,228000000.0,351000000.0,4508000000.0,133000000.0,22000000.0,8789000000.0,8944000000.0,13452000000,814000000.0,,1285000000.0,,875000000.0,2160000000,12332000000.0,-960000000.0,-75000000.0,11292000000.0,13452000000,15000000.0,58000000.0,110000000.0,-22000000.0,42000000.0,-153000000.0,160000000.0,-71000000.0,161000000.0,-17000000.0,-222000000.0,,-274000000.0,0.0,,-274000000.0,-262000000.0,-368000000,2009-09-30,12.539999961853027,12.579999923706055,12.279999732971193,12.390000343322756,11.04993724822998,15953800.0
2009-12-31,1557000000.0,-1012000000.0,545000000.0,-574000000.0,-309000000.0,-265000000.0,,-29000000.0,-3000000.0,-3000000.0,-32000000,-403000000.0,-435000000,149000000.0,-286000000,,-286000000,-286000000,3245000000.0,739000000.0,241000000.0,5329000000.0,138000000.0,23000000.0,8252000000.0,8413000000.0,13742000000,1081000000.0,,2507000000.0,,479000000.0,2986000000,12376000000.0,-1235000000.0,-361000000.0,10756000000.0,13742000000,-286000000.0,160000000.0,351000000.0,588000000.0,-513000000.0,110000000.0,21000000.0,970000000.0,813000000.0,-28000000.0,-162000000.0,,-145000000.0,0.0,,-257000000.0,-246000000.0,408000000,2009-12-31,11.350000381469727,11.369999885559082,11.100000381469727,11.109999656677246,9.90837860107422,5931900.0
2010-03-31,1308000000.0,-533000000.0,775000000.0,-264000000.0,-121000000.0,-143000000.0,,511000000.0,0.0,0.0,511000000,0.0,511000000,-130000000.0,381000000,,381000000,381000000,3342000000.0,134000000.0,194000000.0,4486000000.0,131000000.0,23000000.0,8226000000.0,8380000000.0,12866000000,770000000.0,,1542000000.0,,456000000.0,1998000000,12234000000.0,-1342000000.0,20000000.0,10868000000.0,12866000000,381000000.0,33000000.0,218000000.0,-405000000.0,593000000.0,40000000.0,-146000000.0,-892000000.0,227000000.0,-12000000.0,-170000000.0,,-184000000.0,,,-91000000.0,-87000000.0,-73000000,2010-03-31,12.0,12.109999656677244,11.899999618530273,12.050000190734865,10.893256187438963,7404800.0
2010-06-30,967000000.0,-368000000.0,599000000.0,-299000000.0,-199000000.0,-100000000.0,,300000000.0,1000000.0,1000000.0,301000000,0.0,301000000,-82000000.0,219000000,,219000000,219000000,2846000000.0,190000000.0,157000000.0,3968000000.0,160000000.0,23000000.0,8242000000.0,8425000000.0,12393000000,608000000.0,,1090000000.0,,445000000.0,1535000000,12260000000.0,-1584000000.0,239000000.0,10858000000.0,12393000000,219000000.0,26000000.0,60000000.0,-331000000.0,-68000000.0,38000000.0,2000000.0,-303000000.0,-26000000.0,-27000000.0,-30000000.0,,-43000000.0,-187000000.0,,-228000000.0,-413000000.0,-481000000,2010-06-30,10.630000114440918,10.8100004196167,10.470000267028807,10.489999771118164,9.483009338378906,13219500.0
2010-09-30,745000000.0,-349000000.0,396000000.0,-341000000.0,-223000000.0,-118000000.0,,55000000.0,14000000.0,14000000.0,69000000,0.0,69000000,-18000000.0,51000000,,51000000,51000000,2849000000.0,246000000.0,258000000.0,4148000000.0,169000000.0,23000000.0,8230000000.0,8422000000.0,12570000000,771000000.0,,1393000000.0,,431000000.0,1824000000,12313000000.0,-1848000000.0,290000000.0,10746000000.0,12570000000,51000000.0,38000000.0,38000000.0,55000000.0,-54000000.0,-97000000.0,84000000.0,122000000.0,182000000.0,-37000000.0,-8000000.0,,-96000000.0,0.0,,-240000000.0,-235000000.0,-91000000,2010-09-30,11.100000381469727,11.149999618530273,10.779999732971193,10.81999969482422,9.781332015991213,18906600.0
2010-12-31,1427000000.0,-885000000.0,542000000.0,-613000000.0,-348000000.0,-265000000.0,,-71000000.0,8000000.0,8000000.0,-63000000,-326000000.0,-389000000,156000000.0,-233000000,,-233000000,-233000000,3508000000.0,673000000.0,112000000.0,5432000000.0,169000000.0,23000000.0,7823000000.0,8015000000.0,13447000000,1234000000.0,,2960000000.0,,284000000.0,3244000000,12353000000.0,-2194000000.0,57000000.0,10203000000.0,13447000000,-233000000.0,101000000.0,161000000.0,964000000.0,-428000000.0,143000000.0,130000000.0,1119000000.0,993000000.0,-21000000.0,-73000000.0,,11000000.0,-2000000.0,,-319000000.0,-318000000.0,689000000,2010-12-31,12.56999969482422,12.579999923706055,12.289999961853027,12.4399995803833,11.245819091796877,7091600.0
2011-03-31,1449000000.0,-452000000.0,997000000.0,-304000000.0,-162000000.0,-142000000.0,,693000000.0,2000000.0,2000000.0,695000000,-19000000.0,676000000,-173000000.0,503000000,,503000000,503000000,3359000000.0,95000000.0,103000000.0,4349000000.0,165000000.0,25000000.0,7838000000.0,8028000000.0,12377000000,848000000.0,,1891000000.0,,249000000.0,2140000000,12382000000.0,-2537000000.0,366000000.0,10237000000.0,12377000000,503000000.0,26000000.0,241000000.0,-636000000.0,554000000.0,11000000.0,-199000000.0,-1002000000.0,134000000.0,-4000000.0,-7000000.0,,-14000000.0,,,-338000000.0,-337000000.0,-154000000,2011-03-31,10.970000267028807,11.09000015258789,10.93000030517578,10.970000267028807,10.06725788116455,7539800.0
2011-06-30,1146000000.0,-343000000.0,803000000.0,-333000000.0,-217000000.0,-116000000.0,,470000000.0,2000000.0,2000000.0,472000000,-3000000.0,469000000,-134000000.0,335000000,,335000000,335000000,2944000000.0,140000000.0,93000000.0,3954000000.0,163000000.0,25000000.0,7830000000.0,8018000000.0,11972000000,645000000.0,,1246000000.0,,261000000.0,1507000000,9735000000.0,0.0,701000000.0,10465000000.0,11972000000,335000000.0,26000000.0,41000000.0,-480000000.0,-36000000.0,10000000.0,-17000000.0,-437000000.0,-78000000.0,-14000000.0,81000000.0,,77000000.0,-192000000.0,,-137000000.0,-326000000.0,-324000000,2011-06-30,11.739999771118164,11.789999961853027,11.670000076293945,11.68000030517578,10.718831062316896,6501800.0
2011-09-30,754000000.0,-237000000.0,517000000.0,-352000000.0,-219000000.0,-133000000.0,,165000000.0,3000000.0,3000000.0,168000000,-3000000.0,165000000,-17000000.0,148000000,,148000000,148000000,2901000000.0,139000000.0,207000000.0,4082000000.0,167000000.0,25000000.0,7839000000.0,8031000000.0,12113000000,792000000.0,,1279000000.0,,263000000.0,1542000000,9751000000.0,0.0,849000000.0,10571000000.0,12113000000,148000000.0,25000000.0,34000000.0,-161000000.0,-2000000.0,-117000000.0,99000000.0,-141000000.0,46000000.0,-29000000.0,204000000.0,,147000000.0,-2000000.0,,-10000000.0,5000000.0,135000000,2011-09-30,11.81999969482422,12.029999732971193,11.729999542236328,11.899999618530273,10.920724868774414,7985900.0
2011-12-31,1406000000.0,-740000000.0,666000000.0,-641000000.0,-403000000.0,-238000000.0,,25000000.0,-4000000.0,-4000000.0,21000000,0.0,21000000,78000000.0,99000000,,99000000,99000000,3525000000.0,649000000.0,144000000.0,5380000000.0,163000000.0,16000000.0,7718000000.0,7897000000.0,13277000000,1084000000.0,,2556000000.0,,229000000.0,2785000000,9616000000.0,,948000000.0,10492000000.0,13277000000,99000000.0,71000000.0,149000000.0,531000000.0,-503000000.0,54000000.0,148000000.0,832000000.0,850000000.0,-25000000.0,55000000.0,,56000000.0,0.0,0.0,-138000000.0,-150000000.0,696000000,2011-12-30,12.270000457763672,12.390000343322756,12.25,12.31999969482422,11.306163787841795,3054100.0
2012-03-31,1172000000.0,-364000000.0,808000000.0,-295000000.0,-181000000.0,-114000000.0,,513000000.0,1000000.0,1000000.0,514000000,,514000000,-130000000.0,384000000,,384000000,384000000,3476000000.0,103000000.0,146000000.0,4566000000.0,154000000.0,17000000.0,7745000000.0,7916000000.0,12482000000,857000000.0,,1774000000.0,,222000000.0,1996000000,9391000000.0,,1128000000.0,10486000000.0,12482000000,384000000.0,23000000.0,114000000.0,-368000000.0,553000000.0,0.0,-215000000.0,-706000000.0,153000000.0,-9000000.0,-72000000.0,,-77000000.0,,,-246000000.0,-246000000.0,-116000000,2012-03-30,12.84000015258789,12.880000114440918,12.699999809265135,12.81999969482422,11.934840202331545,9029100.0
2012-06-30,1075000000.0,-377000000.0,698000000.0,-471000000.0,-326000000.0,-145000000.0,,227000000.0,2000000.0,2000000.0,229000000,,229000000,-44000000.0,185000000,,185000000,185000000,3192000000.0,227000000.0,128000000.0,4332000000.0,149000000.0,17000000.0,7771000000.0,7937000000.0,12269000000,579000000.0,,1484000000.0,,221000000.0,1705000000,9375000000.0,,1313000000.0,10564000000.0,12269000000,185000000.0,22000000.0,63000000.0,-178000000.0,-132000000.0,15000000.0,-13000000.0,-48000000.0,92000000.0,-17000000.0,23000000.0,,3000000.0,-204000000.0,,-46000000.0,-250000000.0,-263000000,2012-06-29,11.699999809265135,12.229999542236328,11.640000343322756,11.989999771118164,11.162148475646973,11235000.0
2012-09-30,841000000.0,-237000000.0,604000000.0,-377000000.0,-252000000.0,-125000000.0,,227000000.0,1000000.0,1000000.0,228000000,,228000000,-2000000.0,226000000,,226000000,226000000,3364000000.0,200000000.0,291000000.0,4702000000.0,148000000.0,19000000.0,7792000000.0,7959000000.0,12661000000,708000000.0,,1555000000.0,,223000000.0,1778000000,9418000000.0,,1539000000.0,10883000000.0,12661000000,226000000.0,24000000.0,45000000.0,-171000000.0,29000000.0,-160000000.0,87000000.0,-127000000.0,124000000.0,-20000000.0,-28000000.0,,-71000000.0,0.0,,7000000.0,6000000.0,123000000,2012-09-28,11.350000381469727,11.399999618530273,11.220000267028807,11.279999732971193,10.501171112060547,13480400.0
2012-12-31,1768000000.0,-684000000.0,1084000000.0,-600000000.0,-380000000.0,-220000000.0,,484000000.0,3000000.0,3000000.0,487000000,,487000000,-133000000.0,354000000,,354000000,354000000,4375000000.0,707000000.0,209000000.0,6274000000.0,141000000.0,8000000.0,7777000000.0,7926000000.0,14200000000,995000000.0,0.0,2652000000.0,0.0,231000000.0,2883000000,9450000000.0,0.0,1893000000.0,11317000000.0,14200000000,354000000.0,51000000.0,111000000.0,460000000.0,-496000000.0,70000000.0,87000000.0,799000000.0,976000000.0,-27000000.0,28000000.0,,21000000.0,0.0,0.0,3000000.0,-7000000.0,1050000000,2012-12-31,10.5,10.670000076293944,10.479999542236328,10.619999885559082,9.886740684509276,6038700.0
2013-03-31,1324000000.0,-416000000.0,908000000.0,-321000000.0,-196000000.0,-125000000.0,,587000000.0,2000000.0,2000000.0,589000000,,589000000,-133000000.0,456000000,,456000000,456000000,4618000000.0,237000000.0,159000000.0,5803000000.0,133000000.0,9000000.0,7780000000.0,7922000000.0,13725000000,774000000.0,,1899000000.0,,291000000.0,2190000000,9498000000.0,,2132000000.0,11535000000.0,13725000000,456000000.0,24000000.0,254000000.0,-409000000.0,463000000.0,39000000.0,-149000000.0,-762000000.0,325000000.0,-17000000.0,87000000.0,,80000000.0,,0.0,33000000.0,23000000.0,340000000,2013-03-28,14.40999984741211,14.579999923706055,14.300000190734865,14.56999969482422,13.742238998413086,3323900.0
2013-06-30,1050000000.0,-285000000.0,765000000.0,-335000000.0,-212000000.0,-123000000.0,,430000000.0,0.0,0.0,430000000,,430000000,-106000000.0,324000000,,324000000,324000000,4546000000.0,117000000.0,131000000.0,5629000000.0,132000000.0,9000000.0,7641000000.0,7782000000.0,13411000000,528000000.0,,1193000000.0,,283000000.0,1476000000,9541000000.0,,2456000000.0,11935000000.0,13411000000,324000000.0,23000000.0,138000000.0,-376000000.0,120000000.0,25000000.0,-48000000.0,-473000000.0,109000000.0,-19000000.0,116000000.0,,96000000.0,-216000000.0,0.0,18000000.0,-199000000.0,42000000,2013-06-28,13.949999809265135,14.350000381469727,13.81999969482422,14.260000228881836,13.449850082397461,6015200.0
2013-09-30,691000000.0,-175000000.0,516000000.0,-446000000.0,-306000000.0,-140000000.0,,70000000.0,-4000000.0,-4000000.0,66000000,,66000000,-10000000.0,56000000,,56000000,56000000,4539000000.0,205000000.0,313000000.0,8251000000.0,139000000.0,9000000.0,7661000000.0,7809000000.0,16060000000,792000000.0,,1433000000.0,2211000000.0,2488000000.0,3921000000,9608000000.0,,2513000000.0,12139000000.0,16060000000,57000000.0,21000000.0,26000000.0,-154000000.0,-85000000.0,-180000000.0,141000000.0,-30000000.0,-50000000.0,-22000000.0,126000000.0,,15000000.0,0.0,0.0,41000000.0,47000000.0,103000000,2013-09-30,16.709999084472653,16.809999465942386,16.489999771118164,16.680000305175778,15.732364654541016,4041200.0
2013-12-31,1518000000.0,-655000000.0,863000000.0,-578000000.0,-382000000.0,-196000000.0,,285000000.0,-51000000.0,-51000000.0,234000000,,234000000,-60000000.0,174000000,,174000000,174000000,4443000000.0,510000000.0,171000000.0,6241000000.0,138000000.0,9000000.0,7624000000.0,7771000000.0,14012000000,991000000.0,25000000.0,2405000000.0,4668000000.0,4985000000.0,7390000000,9682000000.0,-5814000000.0,2686000000.0,6622000000.0,14012000000,173000000.0,40000000.0,63000000.0,604000000.0,-300000000.0,122000000.0,63000000.0,719000000.0,880000000.0,-16000000.0,47000000.0,0.0,117000000.0,0.0,4744000000.0,-5764000000.0,-1094000000.0,-34000000,2013-12-31,17.799999237060547,17.989999771118164,17.719999313354492,17.829999923706055,16.817028045654293,2886200.0
2014-03-31,1111000000.0,-342000000.0,769000000.0,-342000000.0,-199000000.0,-143000000.0,,427000000.0,-51000000.0,-51000000.0,376000000,,376000000,-83000000.0,293000000,,293000000,293000000,4287000000.0,219000000.0,158000000.0,5694000000.0,152000000.0,9000000.0,7673000000.0,7834000000.0,13528000000,801000000.0,0.0,1893000000.0,4320000000.0,4711000000.0,6604000000,9812000000.0,-5783000000.0,2832000000.0,6924000000.0,13528000000,293000000.0,19000000.0,80000000.0,-256000000.0,290000000.0,5000000.0,-189000000.0,-362000000.0,136000000.0,-37000000.0,21000000.0,,-12000000.0,,-375000000.0,119000000.0,-252000000.0,-131000000,2014-03-31,20.540000915527344,20.6299991607666,20.239999771118164,20.440000534057614,19.46412467956543,5097900.0
2014-06-30,970000000.0,-300000000.0,670000000.0,-360000000.0,-248000000.0,-112000000.0,,310000000.0,-50000000.0,-50000000.0,260000000,,260000000,-56000000.0,204000000,,204000000,204000000,4204000000.0,107000000.0,151000000.0,5474000000.0,162000000.0,9000000.0,7715000000.0,7886000000.0,13360000000,674000000.0,0.0,1443000000.0,4321000000.0,4746000000.0,6189000000,9853000000.0,-5762000000.0,3036000000.0,7171000000.0,13360000000,204000000.0,19000000.0,48000000.0,-165000000.0,112000000.0,-4000000.0,-1000000.0,-272000000.0,106000000.0,-25000000.0,0.0,,-22000000.0,-147000000.0,0.0,18000000.0,-144000000.0,-80000000,2014-06-30,21.959999084472656,22.36000061035156,21.940000534057614,22.299999237060547,21.23531913757324,6253800.0
2014-09-30,753000000.0,-253000000.0,500000000.0,-492000000.0,-361000000.0,-131000000.0,,8000000.0,-51000000.0,-51000000.0,-43000000,,-43000000,20000000.0,-23000000,,-23000000,-23000000,3828000000.0,689000000.0,222000000.0,5957000000.0,162000000.0,9000000.0,7727000000.0,7898000000.0,13855000000,807000000.0,0.0,2112000000.0,4322000000.0,4751000000.0,6863000000,9900000000.0,-5764000000.0,3013000000.0,6992000000.0,13855000000,-23000000.0,23000000.0,29000000.0,-174000000.0,-595000000.0,-91000000.0,107000000.0,405000000.0,-145000000.0,-28000000.0,0.0,,-46000000.0,0.0,0.0,23000000.0,22000000.0,-394000000,2014-09-30,20.93000030517578,21.059999465942386,20.649999618530273,20.790000915527344,19.79741096496582,7111600.0
2014-12-31,1574000000.0,-630000000.0,944000000.0,-506000000.0,-321000000.0,-185000000.0,,438000000.0,-50000000.0,-50000000.0,388000000,0.0,388000000,-27000000.0,361000000,,361000000,361000000,4858000000.0,659000000.0,123000000.0,6541000000.0,157000000.0,9000000.0,7935000000.0,8101000000.0,14642000000,917000000.0,,2714000000.0,4324000000.0,4695000000.0,7409000000,9924000000.0,-5762000000.0,3374000000.0,7233000000.0,14642000000,361000000.0,29000000.0,206000000.0,638000000.0,16000000.0,88000000.0,71000000.0,463000000.0,1234000000.0,-17000000.0,0.0,0.0,-4000000.0,0.0,0.0,15000000.0,-39000000.0,1043000000,2014-12-31,20.26000022888184,20.40999984741211,20.13999938964844,20.149999618530273,19.187965393066406,3448700.0
2015-03-31,1278000000.0,-413000000.0,865000000.0,-323000000.0,-178000000.0,-145000000.0,,542000000.0,-50000000.0,-50000000.0,492000000,,492000000,-98000000.0,394000000,,394000000,394000000,4470000000.0,208000000.0,102000000.0,5863000000.0,158000000.0,9000000.0,7747000000.0,7914000000.0,13777000000,738000000.0,,1899000000.0,4075000000.0,4640000000.0,6539000000,9968000000.0,-5709000000.0,3598000000.0,7238000000.0,13777000000,394000000.0,20000000.0,156000000.0,-361000000.0,438000000.0,10000000.0,-208000000.0,-601000000.0,209000000.0,-21000000.0,,0.0,-16000000.0,,-250000000.0,27000000.0,-212000000.0,-383000000,2015-03-31,22.8700008392334,22.899999618530273,22.5,22.729999542236328,21.866342544555664,5902500.0
2015-06-30,1044000000.0,-297000000.0,747000000.0,-415000000.0,-266000000.0,-149000000.0,,332000000.0,-50000000.0,-50000000.0,282000000,,282000000,-70000000.0,212000000,,212000000,212000000,4521000000.0,201000000.0,117000000.0,6051000000.0,179000000.0,9000000.0,7776000000.0,7964000000.0,14015000000,708000000.0,,1545000000.0,4077000000.0,4669000000.0,6214000000,10163000000.0,-5627000000.0,3810000000.0,7801000000.0,14015000000,212000000.0,20000000.0,125000000.0,-222000000.0,7000000.0,-19000000.0,86000000.0,-296000000.0,135000000.0,-28000000.0,-100000000.0,0.0,-128000000.0,-170000000.0,0.0,34000000.0,-148000000.0,-49000000,2015-06-30,24.649999618530273,24.68000030517578,24.149999618530273,24.209999084472656,23.29010581970215,7165600.0
2015-09-30,990000000.0,-337000000.0,653000000.0,-457000000.0,-298000000.0,-159000000.0,,196000000.0,-51000000.0,-51000000.0,145000000,,145000000,-18000000.0,127000000,,127000000,127000000,4519000000.0,503000000.0,238000000.0,6309000000.0,200000000.0,9000000.0,7784000000.0,7993000000.0,14302000000,703000000.0,,1610000000.0,4078000000.0,4703000000.0,6313000000,10209000000.0,-5613000000.0,3937000000.0,7989000000.0,14302000000,127000000.0,25000000.0,92000000.0,-392000000.0,-303000000.0,-126000000.0,115000000.0,-78000000.0,-148000000.0,-46000000.0,-29000000.0,0.0,-95000000.0,0.0,0.0,21000000.0,188000000.0,-51000000,2015-09-30,31.01000022888184,31.239999771118164,30.43000030517578,30.88999938964844,29.716289520263672,9411500.0
2015-12-31,1352000000.0,-538000000.0,814000000.0,-565000000.0,-372000000.0,-193000000.0,,249000000.0,-47000000.0,-47000000.0,202000000,0.0,202000000,-43000000.0,159000000,,159000000,159000000,1823000000.0,679000000.0,128000000.0,3387000000.0,189000000.0,,11670000000.0,11859000000.0,15246000000,909000000.0,,2611000000.0,4074000000.0,4567000000.0,7178000000,10242000000.0,-5637000000.0,4096000000.0,8068000000.0,15246000000,159000000.0,30000000.0,141000000.0,733000000.0,-182000000.0,81000000.0,-18000000.0,852000000.0,1063000000.0,-16000000.0,129000000.0,-46000000.0,-3477000000.0,0.0,0.0,24000000.0,-30000000.0,-2542000000,2015-12-31,39.2400016784668,39.38000106811523,38.52000045776367,38.709999084472656,37.239158630371094,5023600.0
2016-03-31,1455000000.0,-491000000.0,964000000.0,-503000000.0,-328000000.0,-175000000.0,,461000000.0,-52000000.0,-52000000.0,409000000,,409000000,-46000000.0,363000000,,363000000,363000000,2872000000.0,383000000.0,103000000.0,4008000000.0,246000000.0,,13048000000.0,13294000000.0,17302000000,1051000000.0,64000000.0,2322000000.0,5777000000.0,6632000000.0,8954000000,10343000000.0,-5591000000.0,4239000000.0,8348000000.0,17302000000,363000000.0,107000000.0,110000000.0,-243000000.0,459000000.0,14000000.0,-184000000.0,-532000000.0,337000000.0,-27000000.0,,-4588000000.0,-1068000000.0,,1770000000.0,24000000.0,1779000000.0,1049000000,2016-03-31,33.97999954223633,34.5,33.700000762939446,33.84000015258789,32.819114685058594,7040400.0
2016-06-30,1570000000.0,-598000000.0,972000000.0,-740000000.0,-491000000.0,-249000000.0,,232000000.0,-65000000.0,-65000000.0,167000000,,167000000,-16000000.0,151000000,,151000000,151000000,2271000000.0,462000000.0,94000000.0,3420000000.0,260000000.0,,12927000000.0,13187000000.0,16607000000,897000000.0,56000000.0,2191000000.0,4977000000.0,5862000000.0,8053000000,10425000000.0,-5588000000.0,4366000000.0,8554000000.0,16607000000,151000000.0,234000000.0,81000000.0,37000000.0,-82000000.0,-1000000.0,72000000.0,48000000.0,503000000.0,-44000000.0,,0.0,-45000000.0,-195000000.0,-816000000.0,36000000.0,-1033000000.0,-601000000,2016-06-30,38.22999954223633,39.97999954223633,38.13999938964844,39.63000106811523,38.43444442749024,15053000.0
2016-09-30,1568000000.0,-529000000.0,1039000000.0,-745000000.0,-496000000.0,-249000000.0,,294000000.0,-63000000.0,-63000000.0,231000000,,231000000,-32000000.0,199000000,,199000000,199000000,4029000000.0,446000000.0,131000000.0,5334000000.0,258000000.0,,12788000000.0,13046000000.0,18380000000,900000000.0,1481000000.0,3701000000.0,4881000000.0,5861000000.0,9562000000,10427000000.0,-5572000000.0,4616000000.0,8818000000.0,18380000000,199000000.0,243000000.0,19000000.0,-5000000.0,18000000.0,-45000000.0,36000000.0,-14000000.0,456000000.0,-28000000.0,0.0,0.0,-37000000.0,0.0,1320000000.0,26000000.0,1337000000.0,1758000000,2016-09-30,44.36999893188477,44.459999084472656,43.9900016784668,44.29999923706055,42.96355438232422,7844500.0
2016-12-31,2015000000.0,-776000000.0,1239000000.0,-814000000.0,-529000000.0,-285000000.0,,425000000.0,-34000000.0,-34000000.0,391000000,-92000000.0,299000000,-46000000.0,253000000,,253000000,253000000,3245000000.0,732000000.0,49000000.0,4830000000.0,258000000.0,,12364000000.0,12622000000.0,17452000000,1028000000.0,,2656000000.0,4887000000.0,5677000000.0,8333000000,10442000000.0,-5563000000.0,4869000000.0,9119000000.0,17452000000,253000000.0,245000000.0,408000000.0,-47000000.0,-311000000.0,64000000.0,26000000.0,174000000.0,859000000.0,-37000000.0,0.0,0.0,-27000000.0,0.0,-1500000000.0,20000000.0,-1583000000.0,-784000000,2016-12-30,36.52999877929688,36.560001373291016,35.95000076293945,36.11000061035156,35.02063751220703,5090500.0
2017-03-31,1726000000.0,-585000000.0,1141000000.0,-648000000.0,-423000000.0,-225000000.0,,493000000.0,-40000000.0,-40000000.0,453000000,,453000000,-27000000.0,426000000,,426000000,426000000,3248000000.0,344000000.0,48000000.0,4356000000.0,245000000.0,,12320000000.0,12565000000.0,16921000000,1086000000.0,,2239000000.0,4393000000.0,5246000000.0,7485000000,10555000000.0,-5563000000.0,5069000000.0,9436000000.0,16921000000,426000000.0,224000000.0,64000000.0,-303000000.0,396000000.0,2000000.0,-76000000.0,-625000000.0,411000000.0,-21000000.0,,0.0,-23000000.0,,-500000000.0,109000000.0,-404000000.0,3000000,2017-03-31,50.02000045776367,50.09000015258789,49.61000061035156,49.86000061035156,48.65188217163086,6801700.0
2017-06-30,1631000000.0,-561000000.0,1070000000.0,-731000000.0,-479000000.0,-252000000.0,,339000000.0,-46000000.0,-46000000.0,293000000,,293000000,-50000000.0,243000000,,243000000,243000000,3278000000.0,360000000.0,51000000.0,4352000000.0,246000000.0,,12210000000.0,12456000000.0,16808000000,825000000.0,,1765000000.0,4387000000.0,5328000000.0,7093000000,10606000000.0,-5563000000.0,5312000000.0,9715000000.0,16808000000,243000000.0,226000000.0,115000000.0,-319000000.0,-11000000.0,-8000000.0,8000000.0,-308000000.0,265000000.0,-31000000.0,0.0,0.0,-25000000.0,-226000000.0,-10000000.0,21000000.0,-248000000.0,23000000,2017-06-30,57.93000030517578,58.11999893188477,57.16999816894531,57.56999969482422,56.17506408691406,6358700.0
2017-09-30,1618000000.0,-552000000.0,1066000000.0,-809000000.0,-536000000.0,-273000000.0,,257000000.0,-37000000.0,-37000000.0,220000000,0.0,220000000,-32000000.0,188000000,,188000000,188000000,3576000000.0,888000000.0,94000000.0,5386000000.0,254000000.0,,12078000000.0,12332000000.0,17718000000,1016000000.0,,2389000000.0,4388000000.0,5362000000.0,7751000000,10671000000.0,-5563000000.0,5501000000.0,9967000000.0,17718000000,189000000.0,220000000.0,49000000.0,-79000000.0,-525000000.0,-44000000.0,146000000.0,344000000.0,379000000.0,-34000000.0,-80000000.0,,-115000000.0,0.0,0.0,20000000.0,12000000.0,298000000,2017-09-29,63.4900016784668,64.70999908447266,63.43999862670898,64.51000213623047,62.9469108581543,5048300.0
2017-12-31,2042000000.0,-803000000.0,1239000000.0,-1019000000.0,-700000000.0,-319000000.0,,220000000.0,-23000000.0,-23000000.0,197000000,-12000000.0,185000000,-769000000.0,-584000000,,-584000000,-584000000,4713000000.0,918000000.0,46000000.0,6520000000.0,294000000.0,,11854000000.0,12148000000.0,18668000000,1734000000.0,,3663000000.0,4390000000.0,5543000000.0,9206000000,10747000000.0,-5563000000.0,4916000000.0,9462000000.0,18668000000,-585000000.0,218000000.0,163000000.0,1362000000.0,-25000000.0,24000000.0,7000000.0,1356000000.0,1158000000.0,-69000000.0,25000000.0,0.0,-44000000.0,0.0,0.0,28000000.0,16000000.0,1134000000,2017-12-29,63.59000015258789,63.83000183105469,63.11999893188477,63.31999969482422,61.78574752807617,3218000.0
2018-03-31,1965000000.0,-662000000.0,1303000000.0,-708000000.0,-449000000.0,-259000000.0,,595000000.0,-28000000.0,-28000000.0,567000000,0.0,567000000,-67000000.0,500000000,,500000000,500000000,5217000000.0,431000000.0,42000000.0,6410000000.0,286000000.0,,11701000000.0,11987000000.0,18397000000,1723000000.0,,2927000000.0,4392000000.0,5651000000.0,8578000000,10786000000.0,-5563000000.0,5245000000.0,9819000000.0,18397000000,500000000.0,155000000.0,243000000.0,-369000000.0,503000000.0,4000000.0,-160000000.0,-716000000.0,529000000.0,-31000000.0,-20000000.0,,-51000000.0,,,47000000.0,8000000.0,504000000,2018-03-29,66.33999633789061,68.01000213623047,64.91999816894531,67.45999908447266,66.16478729248047,11704300.0
2018-06-30,1641000000.0,-510000000.0,1131000000.0,-697000000.0,-442000000.0,-255000000.0,,434000000.0,-26000000.0,-26000000.0,408000000,,408000000,-6000000.0,402000000,,402000000,402000000,4857000000.0,418000000.0,36000000.0,6134000000.0,281000000.0,,11543000000.0,11824000000.0,17958000000,1228000000.0,,2060000000.0,4394000000.0,5552000000.0,7612000000,10867000000.0,-5563000000.0,5647000000.0,10346000000.0,17958000000,402000000.0,112000000.0,177000000.0,-682000000.0,8000000.0,4000000.0,3000000.0,-697000000.0,9000000.0,-30000000.0,-39000000.0,,-73000000.0,-259000000.0,0.0,30000000.0,-258000000.0,-359000000,2018-06-29,76.44000244140625,77.23999786376953,76.08000183105469,76.31999969482422,74.85468292236328,5072600.0
2018-09-30,1512000000.0,-513000000.0,999000000.0,-734000000.0,-471000000.0,-263000000.0,,265000000.0,-13000000.0,-13000000.0,252000000,-40000000.0,212000000,48000000.0,260000000,,260000000,260000000,3308000000.0,641000000.0,174000000.0,4972000000.0,281000000.0,,11460000000.0,11741000000.0,16713000000,1365000000.0,,2382000000.0,2670000000.0,3672000000.0,6054000000,10928000000.0,-5563000000.0,5907000000.0,10659000000.0,16713000000,260000000.0,118000000.0,217000000.0,-342000000.0,-221000000.0,-135000000.0,143000000.0,-129000000.0,253000000.0,-36000000.0,0.0,,-36000000.0,0.0,-1740000000.0,14000000.0,-1770000000.0,-1549000000,2018-09-28,82.76000213623047,83.75,82.73999786376953,83.19000244140625,81.59278106689453,6724300.0
2018-12-31,2382000000.0,-832000000.0,1550000000.0,-846000000.0,-522000000.0,-324000000.0,,704000000.0,-4000000.0,-4000000.0,700000000,-10000000.0,690000000,-4000000.0,686000000,,686000000,686000000,4225000000.0,1035000000.0,43000000.0,6106000000.0,282000000.0,,11502000000.0,11784000000.0,17890000000,1149000000.0,,2642000000.0,2671000000.0,3856000000.0,6498000000,10963000000.0,-5563000000.0,6593000000.0,11392000000.0,17890000000,686000000.0,124000000.0,79000000.0,110000000.0,-404000000.0,127000000.0,-51000000.0,438000000.0,999000000.0,-34000000.0,-34000000.0,,-70000000.0,0.0,0.0,8000000.0,0.0,913000000,2018-12-31,47.040000915527344,47.31999969482422,46.0099983215332,46.56999969482422,45.67586898803711,7789600.0
2019-03-31,1825000000.0,-563000000.0,1262000000.0,-635000000.0,-386000000.0,-249000000.0,,627000000.0,-3000000.0,-3000000.0,624000000,-57000000.0,567000000,-120000000.0,447000000,,447000000,447000000,4696000000.0,594000000.0,45000000.0,6037000000.0,264000000.0,,11647000000.0,11911000000.0,17948000000,1364000000.0,,2295000000.0,2672000000.0,4057000000.0,6352000000,11004000000.0,-5563000000.0,6757000000.0,11596000000.0,17948000000,447000000.0,87000000.0,283000000.0,-367000000.0,438000000.0,-2000000.0,-91000000.0,-712000000.0,450000000.0,-18000000.0,13000000.0,,-5000000.0,,,30000000.0,24000000.0,471000000,2019-03-29,46.18000030517578,46.36999893188477,45.0099983215332,45.52999877929688,45.014556884765625,6643600.0
2019-06-30,1396000000.0,-433000000.0,963000000.0,-605000000.0,-361000000.0,-244000000.0,,358000000.0,34000000.0,34000000.0,392000000,-22000000.0,370000000,-42000000.0,328000000,,328000000,328000000,4592000000.0,455000000.0,46000000.0,5663000000.0,259000000.0,,11573000000.0,11832000000.0,17495000000,911000000.0,,1639000000.0,2673000000.0,3879000000.0,5518000000,11063000000.0,-5563000000.0,7085000000.0,11977000000.0,17495000000,327000000.0,79000000.0,85000000.0,-337000000.0,132000000.0,-2000000.0,16000000.0,-483000000.0,154000000.0,-27000000.0,62000000.0,,42000000.0,-283000000.0,,27000000.0,-298000000.0,-101000000,2019-06-28,47.5,47.72999954223633,46.56000137329102,47.20000076293945,46.66565322875977,15179000.0
2019-09-30,1282000000.0,-442000000.0,840000000.0,-569000000.0,-359000000.0,-210000000.0,,271000000.0,2000000.0,2000000.0,273000000,-24000000.0,249000000,-45000000.0,204000000,,204000000,204000000,4939000000.0,386000000.0,102000000.0,6012000000.0,249000000.0,,11544000000.0,11793000000.0,17805000000,1056000000.0,,1751000000.0,2674000000.0,3819000000.0,5570000000,11116000000.0,-5563000000.0,7289000000.0,12235000000.0,17805000000,204000000.0,80000000.0,80000000.0,-55000000.0,65000000.0,4000000.0,97000000.0,-221000000.0,309000000.0,-34000000.0,78000000.0,,42000000.0,0.0,,30000000.0,23000000.0,347000000,2019-09-30,52.599998474121094,53.0,52.31000137329102,52.91999816894531,52.32089614868164,7128800.0
2019-12-31,1986000000.0,-656000000.0,1330000000.0,-847000000.0,-552000000.0,-295000000.0,,483000000.0,-7000000.0,-7000000.0,476000000,-29000000.0,447000000,77000000.0,524000000,,524000000,524000000,5794000000.0,848000000.0,,7292000000.0,253000000.0,,12300000000.0,12553000000.0,19845000000,1540000000.0,,2915000000.0,2675000000.0,4125000000.0,7040000000,11174000000.0,-5563000000.0,7813000000.0,12805000000.0,19845000000,525000000.0,82000000.0,-326000000.0,637000000.0,-453000000.0,,9000000.0,1081000000.0,918000000.0,-37000000.0,-65000000.0,,-101000000.0,0.0,,18000000.0,14000000.0,852000000,2019-12-31,58.72000122070313,59.47000122070313,58.6500015258789,59.41999816894531,58.74731063842773,3437800.0
2020-03-31,1788000000.0,-505000000.0,1283000000.0,-648000000.0,-410000000.0,-238000000.0,,635000000.0,-8000000.0,-8000000.0,627000000,-23000000.0,604000000,-99000000.0,505000000,,505000000,505000000,5906000000.0,590000000.0,,7119000000.0,236000000.0,,12249000000.0,12485000000.0,19604000000,1496000000.0,,2560000000.0,2675000000.0,4023000000.0,6583000000,11213000000.0,-5563000000.0,7999000000.0,13021000000.0,19604000000,505000000.0,62000000.0,137000000.0,-556000000.0,249000000.0,,-132000000.0,-673000000.0,148000000.0,-19000000.0,-9000000.0,,-28000000.0,,,26000000.0,7000000.0,112000000,2020-03-31,58.040000915527344,60.099998474121094,57.83000183105469,59.47999954223633,58.8066291809082,10128800.0
2020-06-30,1932000000.0,-469000000.0,1463000000.0,-708000000.0,-417000000.0,-291000000.0,,755000000.0,-22000000.0,-22000000.0,733000000,-6000000.0,727000000,-147000000.0,580000000,,580000000,580000000,6338000000.0,614000000.0,,7719000000.0,222000000.0,,12279000000.0,12501000000.0,20220000000,1335000000.0,,2557000000.0,2676000000.0,3981000000.0,6538000000,11300000000.0,-5563000000.0,8579000000.0,13682000000.0,20220000000,579000000.0,44000000.0,71000000.0,74000000.0,-19000000.0,,19000000.0,74000000.0,768000000.0,-13000000.0,-47000000.0,,-60000000.0,-316000000.0,,43000000.0,-288000000.0,430000000,2020-06-30,75.69000244140625,76.43000030517578,75.41999816894531,75.9000015258789,75.53427124023438,6535400.0
