Report Date,Revenue,Cost of Revenue,Gross Profit,Operating Expenses,"Selling, General & Administrative",Research & Development,Depreciation & Amortization,Operating Income (Loss),Non-Operating Income (Loss),"Interest Expense, Net","Pretax Income (Loss), Adj.",Abnormal Gains (Losses),Pretax Income (Loss),"Income Tax (Expense) Benefit, Net",Income (Loss) from Continuing Operations,Net Extraordinary Gains (Losses),Net Income,Net Income (Common),"Cash, Cash Equivalents & Short Term Investments",Accounts & Notes Receivable,Inventories,Total Current Assets,"Property, Plant & Equipment, Net",Long Term Investments & Receivables,Other Long Term Assets,Total Noncurrent Assets,Total Assets,Payables & Accruals,Short Term Debt,Total Current Liabilities,Long Term Debt,Total Noncurrent Liabilities,Total Liabilities,Share Capital & Additional Paid-In Capital,Treasury Stock,Retained Earnings,Total Equity,Total Liabilities & Equity,Net Income/Starting Line,Depreciation & Amortization,Non-Cash Items,Change in Working Capital,Change in Accounts Receivable,Change in Inventories,Change in Accounts Payable,Change in Other,Net Cash from Operating Activities,Change in Fixed Assets & Intangibles,Net Change in Long Term Investment,Net Cash from Acquisitions & Divestitures,Net Cash from Investing Activities,Dividends Paid,Cash from (Repayment of) Debt,Cash from (Repurchase of) Equity,Net Cash from Financing Activities,Net Change in Cash,Price Date,Open,High,Low,Close,Adj Close,Volume
2009-06-30,212259000.0,,212259000.0,-142510000.0,-5390000.0,,-51174000.0,69749000.0,-36388000.0,-36880000.0,33361000,-20302000.0,13059000,,13059000,3664000.0,17674000,17674000,215788000.0,,,483923000.0,6821525000.0,,268870000.0,7090395000.0,7574318000,297923000.0,2354298000.0,2707484000.0,1795590000.0,1869403000.0,4576887000,3088569000.0,,-95725000.0,2997431000.0,7574318000,16723000.0,53737000.0,22331000.0,6116000.0,,,,6116000.0,98907000.0,-958000.0,,-166975000.0,-146376000.0,-71087000.0,250873000.0,1079000.0,172922000.0,125453000,2009-06-30,55.790000915527344,56.209999084472656,55.11999893188477,55.93999862670898,37.74431991577149,1155700.0
2009-09-30,215043000.0,,215043000.0,-146523000.0,-5750000.0,,-52987000.0,68520000.0,-41015000.0,-41205000.0,27505000,241000.0,27746000,,27746000,30355000.0,58154000,58154000,554335000.0,,,803373000.0,6856254000.0,,286793000.0,7143047000.0,7946420000,312158000.0,2352556000.0,2714707000.0,2080295000.0,2144604000.0,4859311000,3192427000.0,,-108243000.0,3087109000.0,7946420000,58100000.0,55316000.0,-25466000.0,-4700000.0,,,,-4700000.0,83250000.0,-2720000.0,,-64338000.0,-53621000.0,-71341000.0,282867000.0,101328000.0,308946000.0,338575000,2009-09-30,73.77999877929688,74.3499984741211,72.18000030517578,72.7300033569336,49.68008041381836,2057500.0
2009-12-31,192889000.0,,192889000.0,-130954000.0,-10361000.0,,-50247000.0,61935000.0,-39945000.0,-37247000.0,21990000,-23233000.0,-1243000,,-1243000,33592000.0,32394000,32394000,105691000.0,,,340013000.0,6833487000.0,,284105000.0,7117592000.0,7457605000,305737000.0,2316843000.0,2674937000.0,1658029000.0,1726744000.0,4401681000,3201182000.0,,-149988000.0,3055924000.0,7457605000,32350000.0,56593000.0,-4148000.0,18808000.0,,,,18808000.0,103603000.0,-7137000.0,,-8008000.0,-3881000.0,-72441000.0,-482713000.0,6418000.0,-549642000.0,-449920000,2009-12-31,83.80999755859375,84.66000366210938,81.9000015258789,82.11000061035156,56.67487716674805,1047100.0
2010-03-31,215449000.0,,215449000.0,-152935000.0,-8895000.0,,-55972000.0,62514000.0,-42314000.0,-42541000.0,20200000,,20200000,,20200000,52166000.0,72523000,72523000,123297000.0,,,353089000.0,6870018000.0,,285027000.0,7155045000.0,7508134000,309755000.0,2290378000.0,2650180000.0,1659529000.0,1715581000.0,4365761000,3288498000.0,,-152324000.0,3142373000.0,7508134000,72366000.0,56095000.0,-45324000.0,-14254000.0,,,,-14254000.0,68883000.0,-1834000.0,,-36025000.0,-36043000.0,-72603000.0,-26465000.0,83896000.0,-15234000.0,17606000,2010-03-31,86.62999725341797,87.2699966430664,86.20999908447266,86.3499984741211,60.21403503417969,1009100.0
2010-06-30,220342000.0,,220342000.0,-150245000.0,-4041000.0,,-57317000.0,70097000.0,-40995000.0,-41458000.0,29102000,,29102000,,29102000,21964000.0,51125000,51125000,373721000.0,,,583775000.0,6841858000.0,,279211000.0,7121069000.0,7704844000,304258000.0,2288913000.0,2636614000.0,1659621000.0,1723940000.0,4360554000,3516040000.0,,-179929000.0,3344290000.0,7704844000,51066000.0,57479000.0,-18274000.0,12570000.0,,,,12570000.0,102841000.0,-3562000.0,,-7601000.0,2065000.0,-73655000.0,-1465000.0,222921000.0,145518000.0,250424000,2010-06-30,94.77999877929688,96.43000030517578,93.20999908447266,93.37000274658205,65.69168090820311,1297900.0
2010-09-30,225558000.0,,225558000.0,-154759000.0,-7039000.0,,-57926000.0,70799000.0,-44587000.0,-44262000.0,26212000,,26212000,,26212000,-2232000.0,24654000,24654000,229111000.0,,,429746000.0,6924070000.0,,320586000.0,7244656000.0,7674402000,318002000.0,2287410000.0,2643118000.0,1660480000.0,1716823000.0,4359941000,3533304000.0,,-232770000.0,3314461000.0,7674402000,23982000.0,58753000.0,2416000.0,-22496000.0,,,,-22496000.0,62655000.0,-4804000.0,,-121544000.0,-144369000.0,-75823000.0,-1503000.0,15440000.0,-62896000.0,-144610000,2010-09-30,104.61000061035156,106.16999816894531,103.5,103.93000030517578,73.74342346191406,1258600.0
2010-12-31,181471000.0,,181471000.0,-123591000.0,-6871000.0,,-49348000.0,57880000.0,-41339000.0,-41736000.0,16541000,,16541000,,16541000,10126000.0,27029000,27029000,304407000.0,,,499792000.0,6955645000.0,,366051000.0,7321696000.0,7821488000,207607000.0,2152944000.0,2606080000.0,1820141000.0,1885555000.0,4491635000,3594536000.0,,-282743000.0,3329853000.0,7821488000,26665000.0,60615000.0,-2375000.0,12822000.0,,,,12822000.0,97727000.0,-6992000.0,,-119713000.0,-120589000.0,-76009000.0,120530000.0,59108000.0,100177000.0,77315000,2010-12-31,113.1500015258789,113.4800033569336,112.5500030517578,112.5500030517578,80.49819946289062,426900.0
2011-03-31,228530000.0,,228530000.0,-154849000.0,-7292000.0,,-59650000.0,73681000.0,-42468000.0,-42971000.0,31213000,,31213000,,31213000,-676000.0,30341000,30341000,291800000.0,,,500041000.0,7003424000.0,,378297000.0,7381721000.0,7881762000,323252000.0,2217397000.0,2573346000.0,1819786000.0,1880902000.0,4454248000,3750244000.0,,-332401000.0,3427514000.0,7881762000,30537000.0,61299000.0,-894000.0,-17727000.0,,,,-17727000.0,73215000.0,-5956000.0,,-109419000.0,-124683000.0,-76557000.0,-30119000.0,150157000.0,36842000.0,-14626000,2011-03-31,117.97000122070312,120.33000183105469,117.97000122070312,120.08000183105469,86.53819274902344,621400.0
2011-06-30,235581000.0,,235581000.0,-156198000.0,-8145000.0,,-60836000.0,79383000.0,-44149000.0,-44544000.0,35234000,,35234000,,35234000,7958000.0,43373000,43373000,290104000.0,,,384560000.0,7187432000.0,,370750000.0,7558182000.0,7942742000,362037000.0,2166679000.0,2562537000.0,1819478000.0,1894190000.0,4456727000,3864107000.0,,-368412000.0,3486015000.0,7942742000,43191000.0,62920000.0,201000.0,26352000.0,,,,26352000.0,132664000.0,-55832000.0,,-132126000.0,-168345000.0,-77825000.0,-1844000.0,113977000.0,33985000.0,-1696000,2011-06-30,128.33999633789062,128.97000122070312,127.75,128.39999389648438,93.18653869628906,1006000.0
2011-09-30,243719000.0,,243719000.0,-158989000.0,-6087000.0,,-60893000.0,84730000.0,-40044000.0,-42659000.0,44686000,-336000.0,44350000,,44350000,327000.0,44824000,44824000,690049000.0,,,782806000.0,7315783000.0,,390068000.0,7705851000.0,8488657000,320108000.0,2155859000.0,2635167000.0,1629234000.0,1690384000.0,4325551000,4639336000.0,,-409477000.0,4163106000.0,8488657000,44677000.0,62736000.0,912000.0,-19192000.0,,,,-19192000.0,89133000.0,-7236000.0,,-174104000.0,-176454000.0,-79045000.0,-200585000.0,773496000.0,488048000.0,400727000,2011-09-30,116.83999633789062,118.44000244140624,114.01000213623048,114.0500030517578,83.39126586914062,1034600.0
2011-12-31,192257000.0,,192257000.0,-121899000.0,-7847000.0,,-45349000.0,70358000.0,-36033000.0,-37640000.0,34325000,-4907000.0,29418000,,29418000,293546000.0,323084000,323084000,616853000.0,,,713850000.0,7425030000.0,,343510000.0,7768540000.0,8482390000,330473000.0,1969986000.0,2374047000.0,1629210000.0,1699388000.0,4073435000,4653409000.0,,-171648000.0,4408955000.0,8482390000,322965000.0,63314000.0,-267531000.0,15594000.0,,,,15594000.0,134342000.0,-27383000.0,,54165000.0,26341000.0,-84804000.0,-157518000.0,12205000.0,-232642000.0,-71959000,2011-12-30,131.19999694824222,132.3699951171875,130.58000183105472,130.60000610351562,96.1399917602539,305800.0
2012-03-31,246032000.0,,246032000.0,-159489000.0,-9710000.0,,-61571000.0,86543000.0,-31451000.0,-33626000.0,55092000,-1418000.0,53674000,,53674000,3935000.0,57758000,57758000,248242000.0,,,345405000.0,7537454000.0,,358200000.0,7895654000.0,8241059000,326251000.0,1930386000.0,2334468000.0,1449929000.0,1509124000.0,3843592000,4667489000.0,,-208304000.0,4397467000.0,8241059000,57609000.0,63312000.0,2067000.0,-17648000.0,,,,-17648000.0,105340000.0,-10335000.0,,-164750000.0,-166340000.0,-84926000.0,-231438000.0,8956000.0,-307611000.0,-368611000,2012-03-30,139.16000366210938,141.69000244140625,139.1199951171875,141.35000610351562,104.78368377685548,1037600.0
2012-06-30,252445000.0,,252445000.0,-162819000.0,-8316000.0,,-63224000.0,89626000.0,-31118000.0,-33191000.0,58508000,-621000.0,57887000,,57887000,98934000.0,156909000,156909000,358263000.0,,,457422000.0,7606172000.0,,348451000.0,7954623000.0,8412045000,346394000.0,1912316000.0,2302067000.0,1450048000.0,1520422000.0,3822489000,4828296000.0,,-145921000.0,4589556000.0,8412045000,156821000.0,65019000.0,-93477000.0,-11235000.0,,,,-11235000.0,117128000.0,-33964000.0,,8019000.0,-26411000.0,-92396000.0,-51583000.0,166726000.0,19304000.0,110021000,2012-06-29,140.63999938964844,141.67999267578125,139.94000244140622,141.47999572753906,105.62580108642578,646500.0
2012-09-30,261321000.0,,261321000.0,-164068000.0,-8372000.0,,-62750000.0,97253000.0,-28432000.0,-33985000.0,68821000,13586000.0,82407000,,82407000,4340000.0,86844000,86844000,664133000.0,,,739226000.0,7878648000.0,,350692000.0,8229340000.0,8968566000,319889000.0,1908872000.0,2279955000.0,1899208000.0,1960533000.0,4240488000,4981914000.0,,-153811000.0,4728078000.0,8968566000,86748000.0,65998000.0,-4502000.0,4461000.0,,,,4461000.0,152705000.0,-76148000.0,,-236917000.0,-289981000.0,-93544000.0,447366000.0,150971000.0,443146000.0,305870000,2012-09-28,135.83000183105472,136.69000244140622,135.3699951171875,135.99000549316406,102.25939178466795,627600.0
2012-12-31,240829000.0,,240829000.0,-148310000.0,-7703000.0,,-56135000.0,92519000.0,-25005000.0,-36118000.0,67514000,-11051000.0,56463000,0.0,56463000,65922000.0,122358000,122358000,2733618000.0,,,2808316000.0,8015120000.0,,336642000.0,8351762000.0,11160078000,327722000.0,1905235000.0,2296355000.0,1945798000.0,2015903000.0,4312258000,7087551000.0,,-142329000.0,6847820000.0,11160078000,122384000.0,65765000.0,-50180000.0,27677000.0,,,,27677000.0,165646000.0,-61836000.0,,-81111000.0,-140654000.0,-94706000.0,44641000.0,2103537000.0,2044493000.0,2069485000,2012-12-31,134.10000610351562,135.58999633789062,133.6300048828125,135.58999633789062,102.69615936279295,595000.0
2013-03-31,301357000.0,,301357000.0,-219328000.0,-10039000.0,,-105559000.0,82029000.0,-56738000.0,-38174000.0,25291000,-40059000.0,-14768000,,-14768000,90237000.0,75427000,75427000,447456000.0,,,568419000.0,14014180000.0,,604765000.0,14618945000.0,15187364000,455056000.0,4082328000.0,4590701000.0,1845961000.0,1917006000.0,6507707000,8968592000.0,,-206667000.0,8679657000.0,15187364000,75469000.0,109829000.0,-72629000.0,-31281000.0,,,,-31281000.0,81388000.0,-752891000.0,,103670000.0,-649581000.0,-110891000.0,-1607243000.0,253000.0,-1717969000.0,-2286162000,2013-03-28,126.86000061035156,127.08999633789062,126.12000274658205,126.66999816894531,96.75843048095705,989900.0
2013-06-30,378207000.0,,378207000.0,-330198000.0,-11345000.0,,-189977000.0,48009000.0,-44109000.0,-43169000.0,3900000,-3566000.0,334000,,334000,35763000.0,36218000,36218000,111147000.0,,,233433000.0,14116246000.0,,622506000.0,14738752000.0,14972185000,362645000.0,3865206000.0,4454835000.0,1846113000.0,1934073000.0,6388908000,8974146000.0,,-308938000.0,8583277000.0,14972185000,36101000.0,196326000.0,-33609000.0,-12995000.0,,,,-12995000.0,185823000.0,-1091000.0,,-265345000.0,-234769000.0,-138376000.0,-65677000.0,2352000.0,-287363000.0,-336309000,2013-06-28,136.11000061035156,136.91999816894528,134.83000183105472,134.91000366210938,103.87327575683594,1675100.0
2013-09-30,389189000.0,,389189000.0,-308792000.0,-9878000.0,,-159873000.0,80397000.0,-40685000.0,-43945000.0,39712000,-55660000.0,-15948000,,-15948000,5063000.0,-10715000,-10715000,112910000.0,,,239207000.0,14284651000.0,,621249000.0,14905900000.0,15145107000,392603000.0,3852441000.0,4337346000.0,2245191000.0,2316176000.0,6653522000,8978074000.0,,-458229000.0,8491585000.0,15145107000,-10889000.0,162409000.0,58292000.0,-7100000.0,,,,-7100000.0,202712000.0,-13106000.0,,-297372000.0,-310661000.0,-138391000.0,254731000.0,269000.0,109712000.0,1763000,2013-09-30,128.75,130.3800048828125,126.58000183105469,127.08999633789062,98.65863800048828,727900.0
2013-12-31,394168000.0,,394168000.0,-252489000.0,-8311000.0,,-104806000.0,141679000.0,-42024000.0,-47114000.0,99655000,-11446000.0,88209000,0.0,88209000,163881000.0,252211000,252211000,281355000.0,,,406591000.0,14284209000.0,,637343000.0,14921552000.0,15328143000,378813000.0,3539642000.0,4028939000.0,2594709000.0,2682157000.0,6711096000,8990017000.0,,-345254000.0,8617047000.0,15328143000,252090000.0,105151000.0,-159850000.0,57001000.0,,,,57001000.0,254392000.0,-98996000.0,,109178000.0,13837000.0,-138392000.0,42770000.0,1829000.0,-99784000.0,168445000,2013-12-31,118.56999969482422,119.22000122070312,117.94000244140624,118.2300033569336,92.61537170410156,758800.0
2014-03-31,400075000.0,,400075000.0,-258630000.0,-9236000.0,,-106367000.0,141445000.0,-37310000.0,-42533000.0,104135000,-715000.0,103420000,,103420000,38179000.0,141739000,141739000,386190000.0,,,504085000.0,14452361000.0,,613793000.0,15066154000.0,15570239000,391457000.0,3536881000.0,4022471000.0,2844917000.0,2924695000.0,6947166000,9003556000.0,,-353029000.0,8623073000.0,15570239000,141599000.0,106367000.0,-33653000.0,6004000.0,,,,6004000.0,220317000.0,-23009000.0,,-201016000.0,-224364000.0,-138393000.0,246168000.0,7234000.0,108696000.0,104649000,2014-03-31,130.53999328613278,132.16999816894528,129.39999389648438,131.32000732421878,103.79524230957031,1184800.0
2014-06-30,413806000.0,,413806000.0,-264113000.0,-10220000.0,,-110395000.0,149693000.0,-36012000.0,-43722000.0,113681000,58516000.0,172197000,,172197000,0.0,158086000,158086000,425741000.0,,,548664000.0,14509769000.0,,599518000.0,15109287000.0,15657951000,380030000.0,3559762000.0,4035813000.0,2695112000.0,2784522000.0,6820335000,9214744000.0,,-347592000.0,8837616000.0,15657951000,172197000.0,110395000.0,-66357000.0,-26841000.0,,,,-26841000.0,189394000.0,-2795000.0,,-107833000.0,-87152000.0,-150217000.0,-117936000.0,207736000.0,-62505000.0,39737000,2014-06-30,142.55999755859375,143.0500030517578,140.89999389648438,142.19000244140625,113.30705261230469,624700.0
2014-09-30,430525000.0,,430525000.0,-273334000.0,-11290000.0,,-111836000.0,157191000.0,84216000.0,-46376000.0,241407000,-406000.0,241001000,,241001000,0.0,241100000,241100000,440028000.0,,,565296000.0,14724299000.0,,591583000.0,15315882000.0,15881178000,403565000.0,3546469000.0,4049719000.0,2695299000.0,2773581000.0,6823300000,9345518000.0,,-256162000.0,9057878000.0,15881178000,241005000.0,111836000.0,-130238000.0,9115000.0,,,,9115000.0,231718000.0,-13296000.0,,-173757000.0,-184979000.0,-152022000.0,-3950000.0,125121000.0,-32452000.0,14287000,2014-09-30,140.92999267578125,141.60000610351562,139.64999389648438,140.97000122070312,113.26708221435548,1382600.0
2014-12-31,440655000.0,,440655000.0,-277336000.0,-10679000.0,,-114084000.0,163319000.0,-42746000.0,-47987000.0,120573000,31325000.0,151898000,-9368000.0,142530000,0.0,142642000,142642000,509460000.0,,,634702000.0,14935740000.0,,570136000.0,15505876000.0,16140578000,397324000.0,3514174000.0,4015414000.0,2975533000.0,3065994000.0,7081408000,9356005000.0,,-267085000.0,9059170000.0,16140578000,142526000.0,114084000.0,-26638000.0,15240000.0,,,,15240000.0,245212000.0,-60725000.0,,-263477000.0,-320265000.0,-153011000.0,295859000.0,6043000.0,144485000.0,69432000,2014-12-31,166.75999450683594,167.61000061035156,163.1999969482422,163.38999938964844,132.19706726074222,552200.0
2015-03-31,442367000.0,,442367000.0,-287275000.0,-10468000.0,,-116853000.0,155092000.0,-11007000.0,-45573000.0,144085000,63983000.0,208068000,-15000.0,208053000,,208144000,208144000,194928000.0,,,327230000.0,15384352000.0,,552166000.0,15936518000.0,16263748000,414923000.0,3518822000.0,4028609000.0,3043509000.0,3127119000.0,7155728000,9361792000.0,,-223330000.0,9108020000.0,16263748000,208053000.0,116853000.0,-79441000.0,-9085000.0,,,,-9085000.0,236380000.0,-8679000.0,,-425635000.0,-442199000.0,-153095000.0,45791000.0,1973000.0,-107529000.0,-313348000,2015-03-31,175.52000427246094,176.6699981689453,174.08999633789062,174.25,141.9924774169922,1171100.0
2015-06-30,457459000.0,,457459000.0,-286944000.0,-10335000.0,,-118627000.0,170515000.0,-30784000.0,-44590000.0,139731000,33815000.0,173546000,-1293000.0,172253000,,172324000,172324000,65126000.0,,,200095000.0,15581022000.0,,539359000.0,16120381000.0,16320476000,408246000.0,2919299000.0,3437360000.0,3567831000.0,3662043000.0,7099403000,9467449000.0,,-217441000.0,9221073000.0,16320476000,172253000.0,118627000.0,-38181000.0,2823000.0,,,,2823000.0,255522000.0,-43337000.0,,-267966000.0,-252150000.0,-165145000.0,-59951000.0,95353000.0,-134358000.0,-130986000,2015-06-30,160.5800018310547,161.05999755859375,159.0,159.8699951171875,131.29066467285156,628900.0
2015-09-30,475360000.0,,475360000.0,-296719000.0,-10464000.0,,-120184000.0,178641000.0,-22680000.0,-43234000.0,155961000,50154000.0,206115000,-39000.0,206076000,,206142000,206142000,318557000.0,,,451320000.0,15790620000.0,,540039000.0,16330659000.0,16781979000,442293000.0,2738629000.0,3283964000.0,3568098000.0,3658050000.0,6942014000,10050121000.0,,-182487000.0,9839965000.0,16781979000,206075000.0,120184000.0,-66209000.0,42320000.0,,,,42320000.0,302370000.0,6771000.0,,-292821000.0,-292166000.0,-166011000.0,-155427000.0,577305000.0,243227000.0,253431000,2015-09-30,174.30999755859375,174.85000610351562,172.80999755859375,174.82000732421875,144.6274871826172,1099400.0
2015-12-31,480842000.0,,480842000.0,-292005000.0,-11507000.0,,-122259000.0,188837000.0,-41126000.0,-42218000.0,147711000,7776000.0,155487000,-136000.0,155351000,,155428000,155428000,400507000.0,,,535405000.0,15942309000.0,,453591000.0,16395900000.0,16931305000,431262000.0,2611274000.0,3141891000.0,3845674000.0,3938891000.0,7080782000,10069902000.0,,-197989000.0,9850523000.0,16931305000,155352000.0,122259000.0,-3130000.0,5914000.0,,,,5914000.0,280395000.0,-10620000.0,,-198142000.0,-213002000.0,-170997000.0,189071000.0,15553000.0,23753000.0,91146000,2015-12-31,185.3699951171875,186.30999755859372,183.88999938964844,184.1300048828125,153.3721160888672,492500.0
2016-03-31,508498000.0,,508498000.0,-305313000.0,-11404000.0,,-127216000.0,203185000.0,-15441000.0,-43410000.0,187744000,50170000.0,237914000,-37000.0,237877000,,237931000,237931000,97541000.0,,,299866000.0,16310978000.0,,432546000.0,16743524000.0,17043390000,489785000.0,2655726000.0,3245155000.0,3846854000.0,3941576000.0,7186731000,10071101000.0,,-146799000.0,9856659000.0,17043390000,237877000.0,127216000.0,-71444000.0,-15867000.0,,,,-15867000.0,277782000.0,-184904000.0,,-140140000.0,-384727000.0,-171151000.0,-19682000.0,1102000.0,-196021000.0,-302966000,2016-03-31,189.2100067138672,190.1999969482422,188.22000122070312,190.1999969482422,159.5806427001953,930700.0
2016-06-30,502307000.0,,502307000.0,-314490000.0,-12011000.0,,-132469000.0,187817000.0,-19430000.0,-46581000.0,168387000,28968000.0,197355000,-36000.0,197319000,,197444000,197444000,182306000.0,,,321315000.0,16498094000.0,,575658000.0,17073752000.0,17395067000,491675000.0,2514826000.0,3108926000.0,4319165000.0,4419653000.0,7528579000,10094324000.0,,-134808000.0,9866488000.0,17395067000,197320000.0,132469000.0,-54923000.0,530000.0,,,,530000.0,275396000.0,-13733000.0,,-392984000.0,-327764000.0,-185084000.0,336968000.0,11702000.0,137133000.0,84765000,2016-06-30,178.3699951171875,180.4199981689453,176.8000030517578,180.38999938964844,152.5266876220703,807400.0
2016-09-30,516211000.0,,516211000.0,-320784000.0,-11928000.0,,-131729000.0,195427000.0,-48213000.0,-47871000.0,147214000,209137000.0,356351000,-22000.0,356329000,,356392000,356392000,65899000.0,,,264828000.0,16871410000.0,,452419000.0,17323829000.0,17588657000,520633000.0,2575723000.0,3370314000.0,4070247000.0,4171769000.0,7542083000,10101112000.0,,36043000.0,10046574000.0,17588657000,356328000.0,131729000.0,-206688000.0,26180000.0,,,,26180000.0,307549000.0,-243812000.0,,160812000.0,-154100000.0,-185250000.0,-83543000.0,1343000.0,-269856000.0,-116407000,2016-09-30,180.92999267578125,181.5200042724609,177.77999877929688,177.83999633789062,151.49574279785156,1153300.0
2016-12-31,518239000.0,,518239000.0,-319892000.0,-10428000.0,,-140020000.0,198347000.0,-39464000.0,-49648000.0,158883000,83510000.0,242393000,-210000.0,242183000,,242235000,242235000,214994000.0,,,362048000.0,17032994000.0,,472229000.0,17505223000.0,17867271000,460073000.0,2567578000.0,3129457000.0,4463302000.0,4558632000.0,7688089000,10107027000.0,,94899000.0,10179182000.0,17867271000,242183000.0,140020000.0,-85798000.0,3140000.0,,,,3140000.0,299545000.0,-23719000.0,,-194149000.0,-165761000.0,-185264000.0,216266000.0,1379000.0,25473000.0,159257000,2016-12-30,175.25999450683594,177.77000427246094,174.88999938964844,177.14999389648438,152.0756378173828,756300.0
2017-03-31,522326000.0,,522326000.0,-329801000.0,-13206000.0,,-140621000.0,192525000.0,-32623000.0,-49295000.0,159902000,75899000.0,235801000,-20000.0,235781000,,235875000,235875000,121705000.0,,,400887000.0,17066891000.0,,510643000.0,17577534000.0,17978421000,489294000.0,2541183000.0,3127149000.0,4464546000.0,4575872000.0,7703021000,10161561000.0,,133674000.0,10275400000.0,17978421000,235781000.0,140621000.0,-87551000.0,11044000.0,,,,11044000.0,299895000.0,-10444000.0,,-93410000.0,-108880000.0,-185192000.0,-21905000.0,56817000.0,-152272000.0,38743000,2017-03-31,182.5399932861328,184.75,182.5,183.6000061035156,158.83148193359375,659400.0
2017-06-30,530512000.0,,530512000.0,-335639000.0,-13947000.0,,-141439000.0,194873000.0,-48956000.0,-50102000.0,145917000,19335000.0,165252000,-58000.0,165194000,,165225000,165225000,53477000.0,,,326807000.0,17135018000.0,,481920000.0,17616938000.0,17943745000,472019000.0,1480862000.0,2152538000.0,5405897000.0,5499953000.0,7652491000,10222855000.0,,102546000.0,10291254000.0,17943745000,165194000.0,141439000.0,-11152000.0,-19720000.0,,,,-19720000.0,275761000.0,-18305000.0,,-120225000.0,-144844000.0,-195531000.0,-44849000.0,53216000.0,-206484000.0,-75567000,2017-06-30,192.7100067138672,194.19000244140625,191.63999938964844,192.1699981689453,167.478759765625,617400.0
2017-09-30,550500000.0,,550500000.0,-343933000.0,-11655000.0,,-144990000.0,206567000.0,4827000.0,-47741000.0,211394000,26829000.0,238223000,-24000.0,238199000,,238248000,238248000,36042000.0,,,250588000.0,17446153000.0,,481096000.0,17927249000.0,18177837000,506712000.0,1478939000.0,2312589000.0,5407091000.0,5522696000.0,7835285000,10230029000.0,,144647000.0,10342552000.0,18177837000,238199000.0,144990000.0,-71161000.0,46094000.0,,,,46094000.0,358122000.0,-246379000.0,,-118353000.0,-371028000.0,-195962000.0,134553000.0,84000.0,-63136000.0,-76042000,2017-09-29,177.97000122070312,179.25999450683594,177.7100067138672,178.4199981689453,156.74478149414062,894600.0
2017-12-31,555290000.0,,555290000.0,-350771000.0,-11865000.0,,-157100000.0,204519000.0,-52165000.0,-52523000.0,152354000,85171000.0,237525000,-39000.0,237486000,,237573000,237573000,67088000.0,,,234592000.0,17717557000.0,,462672000.0,18180229000.0,18414821000,504283000.0,1476706000.0,2066366000.0,5852764000.0,5954353000.0,8020719000,10236856000.0,,188609000.0,10394102000.0,18414821000,237486000.0,157100000.0,-70519000.0,-1588000.0,,,,-1588000.0,322479000.0,-261179000.0,,-80108000.0,-340629000.0,-195972000.0,203851000.0,976000.0,2945000.0,-15205000,2017-12-29,179.05999755859375,179.05999755859375,178.0500030517578,178.41000366210938,157.99234008789062,403800.0
2018-03-31,560792000.0,,560792000.0,-364643000.0,-13664000.0,,-159059000.0,196149000.0,-53373000.0,-55113000.0,142776000,-1186000.0,141590000,0.0,141590000,,141643000,141643000,137244000.0,,,304537000.0,17884547000.0,,457363000.0,18341910000.0,18646447000,502592000.0,1448822000.0,2035867000.0,6150633000.0,6269504000.0,8305371000,10231120000.0,,128166000.0,10341076000.0,18646447000,141590000.0,159059000.0,10195000.0,5069000.0,,,,5069000.0,315913000.0,-16975000.0,,-303051000.0,-319280000.0,-195999000.0,270591000.0,0.0,72868000.0,69501000,2018-03-29,164.47999572753906,165.44000244140625,161.22000122070312,164.4600067138672,146.98387145996094,842900.0
2018-06-30,569239000.0,,569239000.0,-362882000.0,-14444000.0,,-156685000.0,206357000.0,-55796000.0,-56585000.0,150561000,104040000.0,254601000,-58000.0,254543000,,254662000,254662000,101565000.0,,,384371000.0,17860597000.0,,426040000.0,18286637000.0,18671008000,489130000.0,1419035000.0,2001559000.0,6152243000.0,6265254000.0,8266813000,10241829000.0,,179066000.0,10404195000.0,18671008000,254543000.0,156684000.0,-92639000.0,-9204000.0,,,,-9204000.0,309384000.0,-22002000.0,,-7352000.0,2599000.0,-203071000.0,-30998000.0,833000.0,-233493000.0,78490000,2018-06-29,170.9600067138672,173.4600067138672,169.77000427246094,171.88999938964844,154.96737670898438,1234800.0
2018-09-30,575982000.0,,575982000.0,-364591000.0,-13905000.0,,-156538000.0,211391000.0,-44066000.0,-54097000.0,167325000,25111000.0,192436000,-29000.0,192407000,,192486000,192486000,55887000.0,,,315723000.0,17930213000.0,,416183000.0,18346396000.0,18662119000,504451000.0,1323283000.0,1977094000.0,6153945000.0,6281550000.0,8258644000,10250693000.0,,167946000.0,10403475000.0,18662119000,192407000.0,156539000.0,-23452000.0,30568000.0,,,,30568000.0,356062000.0,-107203000.0,,-93926000.0,-178775000.0,-203082000.0,-42117000.0,391000.0,-245593000.0,-68306000,2018-09-28,177.52000427246094,181.22999572753903,177.52000427246094,181.1499938964844,164.67408752441406,874000.0
2018-12-31,578522000.0,,578522000.0,-366005000.0,-18356000.0,,-158914000.0,212517000.0,-52469000.0,-55179000.0,160048000,225340000.0,385388000,247000.0,385635000,,385734000,385734000,91659000.0,,,249680000.0,17730930000.0,,399590000.0,18130520000.0,18380200000,501891000.0,1134270000.0,1733294000.0,5905993000.0,6011056000.0,7744350000,10307973000.0,,350777000.0,10635850000.0,18380200000,385635000.0,158914000.0,-218615000.0,-6182000.0,,,,-6182000.0,319752000.0,-1419326000.0,,1287642000.0,-101195000.0,-203087000.0,-117196000.0,51037000.0,-282284000.0,-63727000,2018-12-31,173.13999938964844,174.05999755859375,170.77999877929688,174.0500030517578,159.57254028320312,589800.0
2019-03-31,566184000.0,,566184000.0,-360529000.0,-13688000.0,,-162057000.0,205655000.0,-48952000.0,-47892000.0,156703000,13727000.0,170430000,-12000.0,170418000,,170366000,170366000,62999000.0,,,227954000.0,17876090000.0,,535939000.0,18412029000.0,18639983000,492691000.0,1132740000.0,1728892000.0,5907327000.0,6173696000.0,7902588000,10459045000.0,,306861000.0,10737395000.0,18639983000,170418000.0,162057000.0,78000.0,29500000.0,,,,29500000.0,362053000.0,-112105000.0,,-278799000.0,-313186000.0,-203499000.0,-1935000.0,155561000.0,-71524000.0,-22657000,2019-03-29,201.1999969482422,201.50999450683597,199.6999969482422,200.72999572753903,185.4366455078125,737800.0
2019-06-30,577263000.0,,577263000.0,-376769000.0,-18965000.0,,-162693000.0,200494000.0,-49813000.0,-50010000.0,150681000,17624000.0,168305000,0.0,168305000,,168281000,168281000,243576000.0,,,365128000.0,18009444000.0,,558003000.0,18567447000.0,18932575000,471889000.0,997085000.0,1574060000.0,6355132000.0,6604647000.0,8178707000,10520636000.0,,262548000.0,10753868000.0,18932575000,168305000.0,162692000.0,-2666000.0,-52117000.0,,,,-52117000.0,276214000.0,-92383000.0,,-282804000.0,-276838000.0,-211796000.0,313550000.0,50632000.0,135461000.0,134837000,2019-06-28,201.6499938964844,203.83999633789062,201.19000244140625,203.17999267578125,189.12823486328125,818300.0
2019-09-30,587613000.0,,587613000.0,-376051000.0,-12769000.0,,-165463000.0,211562000.0,-49850000.0,-51493000.0,161712000,129181000.0,290893000,-11184000.0,279709000,,279677000,279677000,246425000.0,,453686000.0,822612000.0,17665779000.0,,572076000.0,18237855000.0,19060467000,518327000.0,1004389000.0,1616309000.0,6356890000.0,6625730000.0,8242039000,10530184000.0,,329323000.0,10818428000.0,19060467000,279709000.0,165464000.0,-118887000.0,50369000.0,,,,50369000.0,376655000.0,-179364000.0,,191228000.0,-167180000.0,-212172000.0,7730000.0,1596000.0,-204765000.0,4710000,2019-09-30,213.97999572753903,216.3300018310547,213.8500061035156,215.3300018310547,201.86122131347656,907700.0
2019-12-31,593566000.0,,593566000.0,-374377000.0,-12620000.0,,-171365000.0,219189000.0,-46318000.0,-54190000.0,172871000,-3393000.0,169478000,-1807000.0,167671000,,167650000,167650000,39687000.0,,,161838000.0,17936253000.0,,1022960000.0,18959213000.0,19121051000,489427000.0,937642000.0,1519579000.0,6358648000.0,6608022000.0,8127601000,10738139000.0,,282913000.0,10993450000.0,19121051000,167671000.0,171365000.0,6095000.0,-38249000.0,,,,-38249000.0,306882000.0,-1229568000.0,,792416000.0,-436665000.0,-212179000.0,-66861000.0,201936000.0,-77357000.0,-207140000,2019-12-31,207.47000122070312,209.72999572753903,207.19000244140625,209.6999969482422,198.0246734619141,576000.0
2020-03-31,602267000.0,,602267000.0,-394866000.0,-17320000.0,,-177911000.0,207401000.0,-54739000.0,-55914000.0,152662000,15435000.0,168097000,-91000.0,168006000,,167971000,167971000,777995000.0,,,903325000.0,18043519000.0,,944492000.0,18988011000.0,19891336000,483007000.0,937025000.0,2262989000.0,6404432000.0,6713105000.0,8976094000,10733429000.0,,225656000.0,10915242000.0,19891336000,168006000.0,177911000.0,-6773000.0,2560000.0,,,,2560000.0,341704000.0,-190584000.0,,53274000.0,-136067000.0,-213671000.0,790113000.0,125000.0,535170000.0,740807000,2020-03-31,150.42999267578125,152.24000549316406,142.75999450683594,147.1699981689453,140.36865234375,2165100.0
2020-06-30,576405000.0,,576405000.0,-389925000.0,-15573000.0,,-176249000.0,186480000.0,-52887000.0,-53399000.0,133593000,36143000.0,169736000,1133000.0,170869000,,170828000,170828000,322817000.0,,,449499000.0,17989080000.0,,912911000.0,18901991000.0,19351490000,478753000.0,931772000.0,1491113000.0,6698438000.0,6986818000.0,8477931000,10744203000.0,,172304000.0,10873559000.0,19351490000,170869000.0,176249000.0,-24692000.0,-35213000.0,,,,-35213000.0,287213000.0,-103657000.0,,65357000.0,-49061000.0,-223655000.0,-458064000.0,1488000.0,-690879000.0,-452727000,2020-06-30,152.72000122070312,155.3699951171875,151.9600067138672,154.63999938964844,149.05908203125,1405000.0
