Report Date,Revenue,Cost of Revenue,Gross Profit,Operating Expenses,"Selling, General & Administrative",Research & Development,Depreciation & Amortization,Operating Income (Loss),Non-Operating Income (Loss),"Interest Expense, Net","Pretax Income (Loss), Adj.",Abnormal Gains (Losses),Pretax Income (Loss),"Income Tax (Expense) Benefit, Net",Income (Loss) from Continuing Operations,Net Extraordinary Gains (Losses),Net Income,Net Income (Common),"Cash, Cash Equivalents & Short Term Investments",Accounts & Notes Receivable,Inventories,Total Current Assets,"Property, Plant & Equipment, Net",Long Term Investments & Receivables,Other Long Term Assets,Total Noncurrent Assets,Total Assets,Payables & Accruals,Short Term Debt,Total Current Liabilities,Long Term Debt,Total Noncurrent Liabilities,Total Liabilities,Share Capital & Additional Paid-In Capital,Treasury Stock,Retained Earnings,Total Equity,Total Liabilities & Equity,Net Income/Starting Line,Depreciation & Amortization,Non-Cash Items,Change in Working Capital,Change in Accounts Receivable,Change in Inventories,Change in Accounts Payable,Change in Other,Net Cash from Operating Activities,Change in Fixed Assets & Intangibles,Net Change in Long Term Investment,Net Cash from Acquisitions & Divestitures,Net Cash from Investing Activities,Dividends Paid,Cash from (Repayment of) Debt,Cash from (Repurchase of) Equity,Net Cash from Financing Activities,Net Change in Cash,Price Date,Open,High,Low,Close,Adj Close,Volume
2010-06-30,634910000.0,,634910000.0,-447335000.0,-314016000.0,,-81695000.0,187575000.0,-76457000.0,-78444000.0,111118000,3473000.0,114591000,-46570000.0,68021000,4730000.0,72751000,72751000,20610000.0,171905000.0,29908000.0,590113000.0,10872323000.0,,2311080000.0,13183403000.0,13773516000,262476000.0,309825000.0,753437000.0,5305167000.0,8952275000.0,9705712000,6148191000.0,,-2046326000.0,4067804000.0,13773516000,72751000.0,80698000.0,39619000.0,-71549000.0,,,,,121519000.0,-195771000.0,,-1044000.0,-193444000.0,-36689000.0,113330000.0,1058000.0,79902000.0,7977000,2010-06-30,20.68000030517578,20.940000534057614,20.51000022888184,20.600000381469727,15.881001472473145,903800.0
2010-09-30,748953000.0,,748953000.0,-483489000.0,-346180000.0,,-84005000.0,265464000.0,-74063000.0,-74568000.0,191401000,3718000.0,195119000,-75762000.0,119357000,4757000.0,124114000,124114000,23501000.0,201354000.0,31345000.0,627399000.0,11013347000.0,,2342929000.0,13356276000.0,13983675000,326509000.0,225825000.0,741424000.0,5371548000.0,9082696000.0,9824120000,6153098000.0,,-1960806000.0,4159555000.0,13983675000,124114000.0,84005000.0,73296000.0,8103000.0,,,,,289518000.0,-205934000.0,,-98000.0,-174726000.0,-38457000.0,-76390000.0,1824000.0,-111901000.0,2891000,2010-09-30,23.239999771118164,23.5,23.15999984741211,23.270000457763672,18.115238189697266,1489300.0
2010-12-31,604410000.0,,604410000.0,-457109000.0,-325103000.0,,-82508000.0,147301000.0,-79904000.0,-82057000.0,67397000,3968000.0,71365000,-33351000.0,38014000,2140000.0,40154000,40154000,13112000.0,145747000.0,27743000.0,1457775000.0,10381640000.0,,2246831000.0,12628471000.0,14086246000,285747000.0,264997000.0,1106764000.0,5394135000.0,8825075000.0,9931839000,6158425000.0,-19000.0,-1959235000.0,4154407000.0,14086246000,40154000.0,83505000.0,-10026000.0,74273000.0,,,,,187906000.0,-258882000.0,,28000.0,-240791000.0,-38476000.0,77625000.0,2810000.0,42496000.0,-10389000,2010-12-31,25.53000068664551,25.559999465942386,25.290000915527344,25.290000915527344,19.863561630249023,504000.0
2011-03-31,596715000.0,,596715000.0,-454489000.0,-310821000.0,,-86878000.0,142226000.0,-77346000.0,-76191000.0,64880000,3764000.0,68644000,-27945000.0,40699000,-14466000.0,26233000,26233000,13528000.0,138317000.0,30606000.0,1305539000.0,10555698000.0,,2267570000.0,12823268000.0,14128807000,301638000.0,335652000.0,1134880000.0,5362325000.0,8820006000.0,9954886000,6166636000.0,0.0,-1950571000.0,4173921000.0,14128807000,26233000.0,86878000.0,18445000.0,29970000.0,,,,,161526000.0,-184850000.0,,-1445000.0,-166188000.0,-38525000.0,32350000.0,6694000.0,5078000.0,416000,2011-03-31,28.03000068664551,28.32999992370605,27.76000022888184,28.04999923706055,22.210529327392575,1012900.0
2011-06-30,668873000.0,,668873000.0,-468705000.0,-327157000.0,,-87342000.0,200168000.0,-77789000.0,-78469000.0,122379000,3705000.0,126084000,-51267000.0,74817000,6293000.0,81110000,81110000,13466000.0,165686000.0,31414000.0,1493214000.0,10599942000.0,,2254060000.0,12854002000.0,14347216000,265655000.0,458379000.0,1327646000.0,5362604000.0,8834980000.0,10162626000,6171801000.0,0.0,-1945185000.0,4184590000.0,14347216000,81110000.0,87342000.0,42259000.0,-109841000.0,,,,,100870000.0,-224323000.0,,-3324000.0,-209237000.0,-38580000.0,138252000.0,2152000.0,108305000.0,-62000,2011-06-30,29.940000534057614,29.940000534057614,29.26000022888184,29.45000076293945,23.49506759643555,1841000.0
2011-09-30,760869000.0,,760869000.0,-482346000.0,-340339000.0,,-88323000.0,278523000.0,-78550000.0,-78562000.0,199973000,6917000.0,206890000,-78395000.0,128495000,8927000.0,137422000,137422000,15621000.0,184235000.0,30491000.0,1479461000.0,10787844000.0,,2271428000.0,13059272000.0,14538733000,341702000.0,417947000.0,1380014000.0,5361531000.0,8873545000.0,10253559000,6175536000.0,0.0,-1848338000.0,4285174000.0,14538733000,137422000.0,88323000.0,36830000.0,51073000.0,,,,,313648000.0,-244638000.0,,-1612000.0,-230576000.0,-40358000.0,-46509000.0,1377000.0,-80917000.0,2155000,2011-09-30,30.1200008392334,30.61000061035156,30.03000068664551,30.18000030517578,24.27795600891113,1472000.0
2011-12-31,639779000.0,,639779000.0,-463608000.0,-323477000.0,,-89278000.0,176171000.0,-79770000.0,-79193000.0,96401000,5661000.0,102062000,-41144000.0,60918000,3930000.0,64848000,64848000,14207000.0,200352000.0,28598000.0,1397659000.0,11021098000.0,,2357634000.0,13378732000.0,14776391000,339382000.0,543908000.0,1489105000.0,5339947000.0,9025765000.0,10514870000,6182315000.0,,-1848801000.0,4261521000.0,14776391000,64848000.0,89278000.0,41484000.0,36703000.0,,,,,232313000.0,-314209000.0,,-839000.0,-306396000.0,-40392000.0,104534000.0,1755000.0,72669000.0,-1414000,2011-12-30,32.27000045776367,32.400001525878906,31.86000061035156,31.86000061035156,25.82061767578125,439200.0
2012-03-31,618554000.0,,618554000.0,-460495000.0,-310004000.0,,-92104000.0,158059000.0,-80270000.0,-79654000.0,77789000,6856000.0,84645000,-35393000.0,49252000,-7498000.0,41754000,41754000,9502000.0,141415000.0,30355000.0,589109000.0,11139499000.0,,2359131000.0,13498630000.0,14087739000,324588000.0,177338000.0,743689000.0,5350514000.0,9069334000.0,9813023000,6194188000.0,,-1847750000.0,4274716000.0,14087739000,41754000.0,92104000.0,13204000.0,1037000.0,,,,,148099000.0,217082000.0,,-104000.0,229605000.0,-40414000.0,-360378000.0,8534000.0,-382409000.0,-4705000,2012-03-30,34.09000015258789,34.189998626708984,33.950000762939446,34.029998779296875,27.768632888793945,837900.0
2012-06-30,745607000.0,,745607000.0,-476549000.0,-327577000.0,,-92329000.0,269058000.0,-79395000.0,-79730000.0,189663000,7602000.0,197265000,-80602000.0,116663000,-9637000.0,107026000,107026000,12919000.0,187738000.0,31712000.0,606374000.0,11387311000.0,,2419076000.0,13806387000.0,14412761000,280436000.0,482261000.0,1017964000.0,5203133000.0,9049547000.0,10067511000,6200357000.0,,-1785039000.0,4345250000.0,14412761000,107026000.0,92329000.0,44838000.0,-75421000.0,,,,,168772000.0,-158006000.0,,-44189000.0,-199936000.0,-40529000.0,63031000.0,2960000.0,34581000.0,3417000,2012-06-29,34.52000045776367,34.59999847412109,34.06999969482422,34.279998779296875,28.16676139831543,1024000.0
2012-09-30,831815000.0,,831815000.0,-505528000.0,-355126000.0,,-96219000.0,326287000.0,-76577000.0,-76616000.0,249710000,5314000.0,255024000,-100913000.0,154111000,-299000.0,153812000,153812000,18531000.0,219157000.0,31925000.0,642525000.0,11534327000.0,,2422683000.0,13957010000.0,14599535000,352027000.0,332823000.0,1005874000.0,5184546000.0,9125000000.0,10130874000,6214805000.0,,-1675678000.0,4468661000.0,14599535000,153812000.0,96219000.0,97586000.0,70526000.0,,,,,418143000.0,-217944000.0,,-40000.0,-215025000.0,-44080000.0,-167234000.0,6641000.0,-197506000.0,5612000,2012-09-28,36.83000183105469,37.099998474121094,36.68000030517578,37.060001373291016,30.67216491699219,643800.0
2012-12-31,657950000.0,,657950000.0,-493446000.0,-336793000.0,,-99750000.0,164504000.0,-75478000.0,-74794000.0,89026000,4429000.0,93455000,-39879000.0,53576000,1902000.0,55478000,55478000,24433000.0,221655000.0,29772000.0,499447000.0,11739364000.0,,2480165000.0,14219529000.0,14718976000,368978000.0,385904000.0,994832000.0,5190509000.0,9260295000.0,10255127000,6224414000.0,0.0,-1664955000.0,4463849000.0,14718976000,55478000.0,100851000.0,21585000.0,42670000.0,,,,,220584000.0,-265068000.0,,-227000.0,-197000000.0,-88436000.0,62181000.0,5349000.0,-17682000.0,5902000,2012-12-31,36.77999877929688,37.2400016784668,36.560001373291016,37.13000106811523,31.14567756652832,947800.0
2013-03-31,636137000.0,,636137000.0,-473579000.0,-312203000.0,,-99649000.0,162558000.0,-78890000.0,-78114000.0,83668000,5143000.0,88811000,-31168000.0,57643000,,57643000,57643000,21181000.0,208276000.0,31150000.0,491850000.0,11792935000.0,,2484431000.0,14277366000.0,14769216000,318976000.0,449710000.0,958332000.0,5184943000.0,9283570000.0,10241902000,6234592000.0,-5043000.0,-1607321000.0,4527314000.0,14769216000,57643000.0,99649000.0,12255000.0,-19922000.0,,,,,149625000.0,-223527000.0,,-2836000.0,-227710000.0,0.0,62787000.0,6941000.0,74833000.0,-3252000,2013-03-28,41.11999893188477,41.45000076293945,41.040000915527344,41.43999862670898,34.76101303100586,926600.0
2013-06-30,724265000.0,,724265000.0,-484116000.0,-323320000.0,,-101366000.0,240149000.0,-78013000.0,-77757000.0,162136000,5583000.0,167719000,-66456000.0,101263000,,101263000,101263000,20366000.0,263120000.0,33819000.0,545840000.0,11927870000.0,,2503667000.0,14431537000.0,14977377000,270380000.0,580326000.0,1049306000.0,5180682000.0,9338301000.0,10387607000,6245630000.0,-5043000.0,-1555993000.0,4589770000.0,14977377000,101263000.0,101366000.0,56829000.0,-118886000.0,,,,,140572000.0,-236149000.0,,-1766000.0,-231677000.0,-49744000.0,129359000.0,4919000.0,90290000.0,-815000,2013-06-28,40.52000045776367,41.70000076293945,40.38000106811523,41.22999954223633,34.81319808959961,1527900.0
2013-09-30,822190000.0,,822190000.0,-499780000.0,-337674000.0,,-102495000.0,322410000.0,-77838000.0,-77389000.0,244572000,3711000.0,248283000,-98374000.0,149909000,756000.0,150665000,150665000,32454000.0,288788000.0,35053000.0,613220000.0,12112567000.0,,2502659000.0,14615226000.0,15228446000,357327000.0,503096000.0,1141473000.0,5174077000.0,9436406000.0,10577879000,6253067000.0,-5043000.0,-1505191000.0,4650567000.0,15228446000,150665000.0,101987000.0,111535000.0,34165000.0,,,,,398479000.0,-254189000.0,,-11952000.0,-259980000.0,-49810000.0,-83108000.0,5008000.0,-126411000.0,12088000,2013-09-30,40.5099983215332,41.29999923706055,40.5099983215332,41.27999877929688,35.089073181152344,925400.0
2013-12-31,696408000.0,,696408000.0,-472525000.0,-315803000.0,,-103490000.0,223883000.0,-64259000.0,-74740000.0,159624000,-56437000.0,103187000,-41002000.0,62185000,-2756000.0,59429000,59429000,26964000.0,241926000.0,32973000.0,571807000.0,12388354000.0,,2127981000.0,14516335000.0,15088142000,348368000.0,644481000.0,1235533000.0,5212881000.0,9107628000.0,10343161000,6263180000.0,-5043000.0,-1495698000.0,4744981000.0,15088142000,59429000.0,103998000.0,76381000.0,-32357000.0,,,,,207324000.0,-330135000.0,,-7446000.0,-333633000.0,-49446000.0,158962000.0,9132000.0,121288000.0,-5021000,2013-12-31,42.27000045776367,42.29999923706055,42.04999923706055,42.2599983215332,36.15937805175781,497100.0
2014-03-31,679003000.0,,679003000.0,-493444000.0,-325180000.0,,-105924000.0,185559000.0,-75101000.0,-73560000.0,110458000,3894000.0,114352000,-45239000.0,69113000,-990000.0,68123000,68123000,30755000.0,259306000.0,35242000.0,687994000.0,12469981000.0,,2116846000.0,14586827000.0,15274821000,331623000.0,653128000.0,1197699000.0,5208668000.0,9260064000.0,10457763000,6274067000.0,-10020000.0,-1427809000.0,4817058000.0,15274821000,68123000.0,106078000.0,57318000.0,13355000.0,,,,,244874000.0,-202683000.0,,-2279000.0,-205200000.0,-49968000.0,5728000.0,6999000.0,-35883000.0,3791000,2014-03-31,45.27999877929688,45.7400016784668,44.97000122070313,45.4000015258789,39.1070442199707,1052600.0
2014-06-30,754778000.0,,754778000.0,-501965000.0,-337849000.0,,-105685000.0,252813000.0,-73984000.0,-73668000.0,178829000,3674000.0,182503000,-72329000.0,110174000,-875000.0,109299000,109299000,32133000.0,277780000.0,36845000.0,707635000.0,12582511000.0,,2136301000.0,14718812000.0,15426447000,285565000.0,717468000.0,1234911000.0,5217544000.0,9302446000.0,10537357000,6292193000.0,-10222000.0,-1374174000.0,4889090000.0,15426447000,109299000.0,105862000.0,80354000.0,-89774000.0,,,,,205741000.0,-229799000.0,,-590000.0,-232974000.0,-55422000.0,61838000.0,5170000.0,28611000.0,1378000,2014-06-30,49.1500015258789,49.5,48.7599983215332,49.45000076293945,42.87895965576172,725600.0
2014-09-30,846169000.0,,846169000.0,-510613000.0,-341348000.0,,-106789000.0,335556000.0,-76178000.0,-75445000.0,259378000,4435000.0,263813000,-107205000.0,156608000,-4423000.0,152185000,152185000,74128000.0,284273000.0,37203000.0,756961000.0,12799358000.0,,2159328000.0,14958686000.0,15715647000,404720000.0,369560000.0,1058935000.0,5540648000.0,9721102000.0,10780037000,6298980000.0,-10222000.0,-1333164000.0,4935610000.0,15715647000,152185000.0,107110000.0,84435000.0,45917000.0,,,,,389647000.0,-283544000.0,,-3184000.0,-283167000.0,-55458000.0,-21336000.0,3277000.0,-64485000.0,41995000,2014-09-30,48.25,48.91999816894531,48.20000076293945,48.22999954223633,42.10230255126953,826400.0
2014-12-31,731050000.0,,731050000.0,-503978000.0,-345623000.0,,-105602000.0,227072000.0,-67737000.0,-76327000.0,159335000,-10003000.0,149332000,-55227000.0,94105000,-712000.0,93393000,93393000,23000000.0,232000000.0,37000000.0,575000000.0,13029000000.0,,2434000000.0,15463000000.0,16038000000,577000000.0,511000000.0,1241000000.0,5427000000.0,9867000000.0,11108000000,6304000000.0,-11000000.0,-1296000000.0,4930000000.0,16038000000,93393000.0,104950000.0,24893000.0,33502000.0,,,,,256738000.0,-303974000.0,,-2947000.0,-292659000.0,-55152000.0,34770000.0,5554000.0,-15243000.0,-51164000,2014-12-31,54.52999877929688,54.56000137329102,53.209999084472656,53.29999923706055,46.80258560180664,633700.0
2015-03-31,698000000.0,,698000000.0,-495000000.0,-324000000.0,,-107000000.0,203000000.0,-71000000.0,-75000000.0,132000000,1000000.0,133000000,-53000000.0,80000000,,80000000,80000000,24294000.0,267204000.0,38622000.0,729019000.0,13098567000.0,,2435945000.0,15534512000.0,16263531000,354057000.0,605680000.0,1227548000.0,5428901000.0,10028749000.0,11256297000,6315041000.0,-16592000.0,-1224008000.0,5007234000.0,16263531000,80000000.0,107000000.0,30000000.0,-19000000.0,,,,,198000000.0,-239000000.0,,,-246000000.0,-56000000.0,91000000.0,6000000.0,49000000.0,1000000,2015-03-31,54.31000137329102,54.63000106811523,54.16999816894531,54.209999084472656,47.86835479736328,1189200.0
2015-06-30,782000000.0,,782000000.0,-505000000.0,-336000000.0,,-109000000.0,277000000.0,-74000000.0,-76000000.0,203000000,1000000.0,204000000,-81000000.0,123000000,,123000000,123000000,144752000.0,281195000.0,38332000.0,890085000.0,13357981000.0,,2484266000.0,15842247000.0,16732332000,380703000.0,882944000.0,1512188000.0,5433239000.0,10152463000.0,11664651000,6325840000.0,-30051000.0,-1162346000.0,5067681000.0,16732332000,123000000.0,109000000.0,97000000.0,-109000000.0,,,,,220000000.0,-281000000.0,,-41000000.0,-321000000.0,-61000000.0,282000000.0,-6000000.0,222000000.0,121000000,2015-06-30,49.2400016784668,49.41999816894531,48.36000061035156,48.63000106811523,43.218055725097656,1375700.0
2015-09-30,896000000.0,,896000000.0,-535000000.0,-364000000.0,,-111000000.0,361000000.0,-74000000.0,-77000000.0,287000000,,287000000,-113000000.0,174000000,,174000000,174000000,75224000.0,341686000.0,37965000.0,879009000.0,13605510000.0,,2620654000.0,16226164000.0,17105173000,424665000.0,401967000.0,1165387000.0,5940615000.0,10760048000.0,11925435000,6350416000.0,-56124000.0,-1049665000.0,5179738000.0,17105173000,174000000.0,111000000.0,95000000.0,58000000.0,,,,,438000000.0,-340000000.0,,-135000000.0,-478000000.0,-61000000.0,33000000.0,-7000000.0,-30000000.0,-70000000,2015-09-30,54.54999923706055,55.099998474121094,54.38000106811523,55.08000183105469,49.27493286132813,1109500.0
2015-12-31,783000000.0,,783000000.0,-552000000.0,-380000000.0,,-113000000.0,231000000.0,-74000000.0,-80000000.0,157000000,1000000.0,158000000,-59000000.0,99000000,,99000000,99000000,45000000.0,255000000.0,38000000.0,657000000.0,13933000000.0,,2651000000.0,16584000000.0,17241000000,707000000.0,682000000.0,1533000000.0,5862000000.0,10647000000.0,12180000000,6353000000.0,-143000000.0,-1073000000.0,5061000000.0,17241000000,99000000.0,113000000.0,70000000.0,57000000.0,,,,,339000000.0,-402000000.0,,-21000000.0,-414000000.0,-61000000.0,207000000.0,-80000000.0,49000000.0,-26000000,2015-12-31,60.38000106811523,60.52999877929688,59.58000183105469,59.75,53.768043518066406,538500.0
2016-03-31,743000000.0,,743000000.0,-530000000.0,-348000000.0,,-116000000.0,213000000.0,-78000000.0,-80000000.0,135000000,1000000.0,136000000,-54000000.0,82000000,,82000000,82000000,66000000.0,220000000.0,41000000.0,638000000.0,14098000000.0,,2681000000.0,16779000000.0,17417000000,638000000.0,893000000.0,1614000000.0,5850000000.0,10710000000.0,12324000000,6370000000.0,-210000000.0,-991000000.0,5093000000.0,17417000000,82000000.0,116000000.0,47000000.0,15000000.0,,,,,260000000.0,-300000000.0,,-22000000.0,-323000000.0,-61000000.0,200000000.0,-52000000.0,84000000.0,21000000,2016-03-31,68.75,69.40000152587889,68.47000122070311,68.93000030517578,62.35075378417969,1404200.0
2016-06-30,827000000.0,,827000000.0,-530000000.0,-351000000.0,,-115000000.0,297000000.0,-74000000.0,-81000000.0,223000000,2000000.0,225000000,-88000000.0,137000000,,137000000,137000000,52000000.0,240000000.0,42000000.0,691000000.0,14317000000.0,,2698000000.0,17015000000.0,17706000000,625000000.0,1004000000.0,1740000000.0,5850000000.0,10802000000.0,12542000000,6384000000.0,-214000000.0,-921000000.0,5164000000.0,17706000000,137000000.0,115000000.0,82000000.0,-58000000.0,,,,,276000000.0,-339000000.0,,-2000000.0,-342000000.0,-66000000.0,110000000.0,5000000.0,52000000.0,-14000000,2016-06-30,82.58999633789062,84.54000091552734,82.4000015258789,84.51000213623047,76.83067321777344,1951800.0
2016-09-30,930000000.0,,930000000.0,-616000000.0,-432000000.0,,-119000000.0,314000000.0,-76000000.0,-81000000.0,238000000,5000000.0,243000000,-95000000.0,148000000,,148000000,148000000,46000000.0,302000000.0,40000000.0,801000000.0,14559000000.0,,2611000000.0,17170000000.0,17971000000,806000000.0,1004000000.0,1928000000.0,5842000000.0,10794000000.0,12722000000,6390000000.0,-214000000.0,-839000000.0,5249000000.0,17971000000,148000000.0,119000000.0,77000000.0,65000000.0,,,,,409000000.0,-346000000.0,,-5000000.0,-349000000.0,-67000000.0,-6000000.0,4000000.0,-66000000.0,-6000000,2016-09-30,75.51000213623047,75.72000122070312,74.51000213623047,74.83999633789062,68.35514831542969,1738900.0
2016-12-31,802000000.0,,802000000.0,-556000000.0,-373000000.0,,-120000000.0,246000000.0,-82000000.0,-83000000.0,164000000,2000000.0,166000000,-65000000.0,101000000,,101000000,101000000,75000000.0,269000000.0,39000000.0,784000000.0,14992000000.0,,2706000000.0,17698000000.0,18482000000,857000000.0,1423000000.0,2392000000.0,5749000000.0,10862000000.0,13254000000,6390000000.0,-213000000.0,-873000000.0,5228000000.0,18482000000,101000000.0,120000000.0,136000000.0,-13000000.0,,,,,344000000.0,-401000000.0,,-175000000.0,-576000000.0,-67000000.0,326000000.0,4000000.0,258000000.0,26000000,2016-12-30,72.66000366210938,72.88999938964844,72.02999877929688,72.36000061035156,66.44303131103516,775400.0
2017-03-31,756000000.0,,756000000.0,-526000000.0,-334000000.0,,-124000000.0,230000000.0,-85000000.0,-85000000.0,145000000,0.0,145000000,-52000000.0,93000000,,93000000,93000000,78000000.0,250000000.0,41000000.0,767000000.0,15128000000.0,,2715000000.0,17843000000.0,18610000000,729000000.0,1554000000.0,2418000000.0,5744000000.0,10896000000.0,13314000000,6402000000.0,-274000000.0,-759000000.0,5296000000.0,18610000000,93000000.0,124000000.0,54000000.0,6000000.0,,,,,277000000.0,-283000000.0,,-2000000.0,-285000000.0,-67000000.0,127000000.0,-44000000.0,14000000.0,6000000,2017-03-31,77.08999633789062,78.05000305175781,77.05999755859375,77.7699966430664,71.77940368652344,1453700.0
2017-06-30,844000000.0,,844000000.0,-536000000.0,-347000000.0,,-126000000.0,308000000.0,-84000000.0,-85000000.0,224000000,2000000.0,226000000,-95000000.0,131000000,,131000000,131000000,64000000.0,288000000.0,41000000.0,808000000.0,15391000000.0,,2767000000.0,18158000000.0,18966000000,733000000.0,1803000000.0,2661000000.0,5650000000.0,10912000000.0,13573000000,6418000000.0,-247000000.0,-702000000.0,5393000000.0,18966000000,131000000.0,126000000.0,48000000.0,-58000000.0,,,,,247000000.0,-343000000.0,,-7000000.0,-350000000.0,-74000000.0,155000000.0,6000000.0,91000000.0,-12000000,2017-06-30,78.0999984741211,78.77999877929688,77.8499984741211,77.94999694824219,72.32496643066406,993000.0
2017-09-30,936000000.0,,936000000.0,-511000000.0,-322000000.0,,-128000000.0,425000000.0,-86000000.0,-89000000.0,339000000,1000000.0,340000000,-137000000.0,203000000,,203000000,203000000,93000000.0,312000000.0,42000000.0,860000000.0,15681000000.0,,2820000000.0,18501000000.0,19361000000,806000000.0,790000000.0,1747000000.0,6672000000.0,12087000000.0,13834000000,6425000000.0,-247000000.0,-573000000.0,5527000000.0,19361000000,203000000.0,128000000.0,143000000.0,22000000.0,,,,,496000000.0,-380000000.0,,-1000000.0,-381000000.0,-74000000.0,20000000.0,5000000.0,-86000000.0,29000000,2017-09-29,80.86000061035156,81.05000305175781,80.37999725341797,80.91000366210938,75.45759582519531,1985400.0
2017-12-31,821000000.0,,821000000.0,-547000000.0,-366000000.0,,-114000000.0,274000000.0,-79000000.0,-83000000.0,195000000,6000000.0,201000000,-202000000.0,-1000000,,-1000000,-1000000,55000000.0,272000000.0,41000000.0,720000000.0,16246000000.0,,2516000000.0,18762000000.0,19482000000,931000000.0,1227000000.0,2325000000.0,6490000000.0,11764000000.0,14089000000,6434000000.0,-247000000.0,-723000000.0,5393000000.0,19482000000,-1000000.0,114000000.0,163000000.0,153000000.0,,,,,429000000.0,-489000000.0,,-167000000.0,-656000000.0,-74000000.0,252000000.0,-6000000.0,188000000.0,-39000000,2017-12-29,91.81999969482422,92.2699966430664,91.33999633789062,91.48999786376952,85.71882629394531,802400.0
2018-03-31,761000000.0,,761000000.0,-546000000.0,-347000000.0,,-129000000.0,215000000.0,-77000000.0,-84000000.0,138000000,2000000.0,140000000,-34000000.0,106000000,,106000000,106000000,55000000.0,273000000.0,42000000.0,729000000.0,16477000000.0,,2522000000.0,18999000000.0,19728000000,776000000.0,1604000000.0,2539000000.0,6396000000.0,11731000000.0,14270000000,6440000000.0,-297000000.0,-617000000.0,5458000000.0,19728000000,106000000.0,129000000.0,32000000.0,-48000000.0,,,,,219000000.0,-378000000.0,,-8000000.0,-386000000.0,-74000000.0,282000000.0,-46000000.0,166000000.0,-1000000,2018-03-29,81.33999633789062,82.54000091552734,81.33999633789062,82.12999725341797,77.35655212402344,1069600.0
2018-06-30,853000000.0,,853000000.0,-551000000.0,-348000000.0,,-134000000.0,302000000.0,-80000000.0,-86000000.0,222000000,0.0,222000000,-60000000.0,162000000,,162000000,162000000,68000000.0,324000000.0,42000000.0,833000000.0,16777000000.0,,2861000000.0,19638000000.0,20471000000,786000000.0,2013000000.0,2951000000.0,6345000000.0,11777000000.0,14728000000,6639000000.0,-297000000.0,-537000000.0,5743000000.0,20471000000,162000000.0,134000000.0,74000000.0,-64000000.0,,,,,306000000.0,-394000000.0,,-369000000.0,-763000000.0,-81000000.0,360000000.0,196000000.0,472000000.0,15000000,2018-06-29,85.37999725341797,86.02999877929688,84.91000366210938,85.37999725341797,80.85970306396484,833200.0
2018-09-30,976000000.0,,976000000.0,-602000000.0,-390000000.0,,-141000000.0,374000000.0,-78000000.0,-89000000.0,296000000,-41000000.0,255000000,-70000000.0,185000000,,185000000,185000000,86000000.0,347000000.0,42000000.0,800000000.0,17063000000.0,,3017000000.0,20080000000.0,20880000000,752000000.0,827000000.0,1748000000.0,7570000000.0,13265000000.0,15013000000,6649000000.0,-297000000.0,-432000000.0,5867000000.0,20880000000,185000000.0,141000000.0,130000000.0,11000000.0,,,,,467000000.0,-392000000.0,,-4000000.0,-396000000.0,-82000000.0,42000000.0,3000000.0,-52000000.0,19000000,2018-09-28,87.18000030517578,88.04000091552734,87.18000030517578,87.97000122070312,83.74500274658203,698500.0
2018-12-31,850000000.0,,850000000.0,-602000000.0,-394000000.0,,-141000000.0,248000000.0,-80000000.0,-91000000.0,168000000,2000000.0,170000000,-58000000.0,112000000,,114000000,114000000,130000000.0,301000000.0,41000000.0,781000000.0,17409000000.0,,3033000000.0,20442000000.0,21223000000,863000000.0,1035000000.0,2094000000.0,7569000000.0,13258000000.0,15352000000,6659000000.0,-297000000.0,-464000000.0,5871000000.0,21223000000,112000000.0,141000000.0,50000000.0,91000000.0,,,,,394000000.0,-474000000.0,,-17000000.0,-491000000.0,-82000000.0,208000000.0,-15000000.0,140000000.0,43000000,2018-12-31,90.05999755859375,90.80999755859376,89.29000091552734,90.7699966430664,86.84915161132812,585800.0
2019-03-31,813000000.0,,813000000.0,-578000000.0,-365000000.0,,-144000000.0,235000000.0,-86000000.0,-93000000.0,149000000,3000000.0,152000000,-39000000.0,113000000,,113000000,113000000,63000000.0,307000000.0,44000000.0,691000000.0,17623000000.0,,3150000000.0,20773000000.0,21464000000,683000000.0,1269000000.0,2156000000.0,7562000000.0,13370000000.0,15526000000,6670000000.0,-338000000.0,-353000000.0,5938000000.0,21464000000,113000000.0,144000000.0,6000000.0,-95000000.0,,,,,168000000.0,-329000000.0,,-22000000.0,-351000000.0,-82000000.0,227000000.0,-37000000.0,110000000.0,-73000000,2019-03-29,104.44000244140624,104.62000274658205,103.87000274658205,104.26000213623048,100.23218536376952,1532100.0
2019-06-30,882000000.0,,882000000.0,-586000000.0,-372000000.0,,-142000000.0,296000000.0,-75000000.0,-94000000.0,221000000,6000000.0,227000000,-57000000.0,170000000,,170000000,170000000,64000000.0,337000000.0,48000000.0,741000000.0,17798000000.0,,3315000000.0,21113000000.0,21854000000,718000000.0,422000000.0,1317000000.0,8642000000.0,14504000000.0,15821000000,6685000000.0,-338000000.0,-273000000.0,6033000000.0,21854000000,170000000.0,142000000.0,29000000.0,-29000000.0,,,,,312000000.0,-408000000.0,,-58000000.0,-466000000.0,-91000000.0,243000000.0,7000000.0,155000000.0,1000000,2019-06-28,115.0500030517578,116.2300033569336,114.98999786376952,116.0,112.04576110839844,1366200.0
2019-09-30,1013000000.0,,1013000000.0,-607000000.0,-395000000.0,,-144000000.0,406000000.0,-88000000.0,-97000000.0,318000000,,318000000,-78000000.0,240000000,,240000000,240000000,94000000.0,335000000.0,46000000.0,799000000.0,18151000000.0,,3288000000.0,21439000000.0,22238000000,813000000.0,503000000.0,1488000000.0,8640000000.0,14554000000.0,16042000000,6697000000.0,-338000000.0,-123000000.0,6196000000.0,22238000000,240000000.0,144000000.0,76000000.0,5000000.0,,,,,465000000.0,-432000000.0,,-5000000.0,-437000000.0,-90000000.0,77000000.0,7000000.0,1000000.0,29000000,2019-09-30,124.54000091552734,125.20999908447266,123.80999755859376,124.2300033569336,120.50389099121094,1404200.0
2019-12-31,902000000.0,,902000000.0,-635000000.0,-412000000.0,,-152000000.0,267000000.0,-88000000.0,-98000000.0,179000000,-43000000.0,136000000,-38000000.0,98000000,,98000000,98000000,60000000.0,294000000.0,44000000.0,1285000000.0,18232000000.0,,3165000000.0,21397000000.0,22682000000,929000000.0,814000000.0,2045000000.0,8639000000.0,14511000000.0,16556000000,6702000000.0,-338000000.0,-207000000.0,6126000000.0,22682000000,98000000.0,152000000.0,104000000.0,84000000.0,,,,,438000000.0,-541000000.0,,-150000000.0,-691000000.0,-90000000.0,310000000.0,-13000000.0,228000000.0,-25000000,2019-12-31,123.25,123.81999969482422,122.33999633789062,122.8499984741211,119.67172241210938,766800.0
2020-03-31,844000000.0,,844000000.0,-605000000.0,-383000000.0,,-145000000.0,239000000.0,-80000000.0,-96000000.0,159000000,,159000000,-35000000.0,124000000,,124000000,124000000,556000000.0,292000000.0,50000000.0,1801000000.0,18588000000.0,,3157000000.0,21745000000.0,23546000000,783000000.0,1690000000.0,2767000000.0,8621000000.0,14532000000.0,17299000000,6715000000.0,-348000000.0,-83000000.0,6247000000.0,23546000000,124000000.0,145000000.0,15000000.0,-104000000.0,,,,,180000000.0,-429000000.0,,-21000000.0,-450000000.0,-90000000.0,863000000.0,,768000000.0,498000000,2020-03-31,124.91999816894531,126.5,117.19000244140624,119.55999755859376,116.89958190917969,2831000.0
2020-06-30,931000000.0,,931000000.0,-618000000.0,-391000000.0,,-152000000.0,313000000.0,-81000000.0,-101000000.0,232000000,,232000000,-56000000.0,176000000,,176000000,176000000,569000000.0,298000000.0,51000000.0,1896000000.0,18944000000.0,,3169000000.0,22113000000.0,24009000000,829000000.0,989000000.0,2113000000.0,9589000000.0,15554000000.0,17667000000,6732000000.0,-348000000.0,-7000000.0,6342000000.0,24009000000,176000000.0,152000000.0,29000000.0,-6000000.0,,,,,351000000.0,-489000000.0,,-19000000.0,-508000000.0,-100000000.0,269000000.0,11000000.0,173000000.0,16000000,2020-06-30,125.47000122070312,129.42999267578122,125.47000122070312,128.66000366210938,126.38603973388672,1228700.0
