Report Date,Revenue,Cost of Revenue,Gross Profit,Operating Expenses,"Selling, General & Administrative",Research & Development,Depreciation & Amortization,Operating Income (Loss),Non-Operating Income (Loss),"Interest Expense, Net","Pretax Income (Loss), Adj.",Abnormal Gains (Losses),Pretax Income (Loss),"Income Tax (Expense) Benefit, Net",Income (Loss) from Continuing Operations,Net Extraordinary Gains (Losses),Net Income,Net Income (Common),"Cash, Cash Equivalents & Short Term Investments",Accounts & Notes Receivable,Inventories,Total Current Assets,"Property, Plant & Equipment, Net",Long Term Investments & Receivables,Other Long Term Assets,Total Noncurrent Assets,Total Assets,Payables & Accruals,Short Term Debt,Total Current Liabilities,Long Term Debt,Total Noncurrent Liabilities,Total Liabilities,Share Capital & Additional Paid-In Capital,Treasury Stock,Retained Earnings,Total Equity,Total Liabilities & Equity,Net Income/Starting Line,Depreciation & Amortization,Non-Cash Items,Change in Working Capital,Change in Accounts Receivable,Change in Inventories,Change in Accounts Payable,Change in Other,Net Cash from Operating Activities,Change in Fixed Assets & Intangibles,Net Change in Long Term Investment,Net Cash from Acquisitions & Divestitures,Net Cash from Investing Activities,Dividends Paid,Cash from (Repayment of) Debt,Cash from (Repurchase of) Equity,Net Cash from Financing Activities,Net Change in Cash,Price Date,Open,High,Low,Close,Adj Close,Volume
2009-06-30,17154000000.0,-13807000000.0,3347000000.0,-1885000000.0,-925000000.0,-960000000.0,,1462000000.0,37000000.0,-80000000.0,1499000000,-3000000.0,1496000000,-499000000.0,997000000,1000000.0,998000000,998000000,4770000000.0,6588000000.0,17200000000.0,30120000000.0,8808000000.0,1188000000.0,17596000000.0,27592000000.0,57712000000,18485000000.0,416000000.0,31272000000.0,8700000000.0,26106000000.0,57378000000,7373000000.0,-17741000000.0,23668000000.0,334000000.0,57712000000,998000000.0,331000000.0,162000000.0,-490000000.0,-346000000.0,-1511000000.0,160000000.0,1207000000.0,1001000000.0,-296000000.0,65000000.0,-17000000.0,-248000000.0,-305000000.0,-131000000.0,7000000.0,-431000000.0,362000000,2009-06-30,43.63000106811523,43.790000915527344,42.099998474121094,42.5,32.516170501708984,8321200.0
2009-09-30,16688000000.0,-14480000000.0,2208000000.0,-4442000000.0,-868000000.0,-3574000000.0,,-2234000000.0,-12000000.0,-92000000.0,-2246000000,-1000000.0,-2247000000,687000000.0,-1560000000,-4000000.0,-1564000000,-1564000000,6446000000.0,6718000000.0,15981000000.0,30227000000.0,8912000000.0,1120000000.0,18408000000.0,28440000000.0,58667000000,19270000000.0,973000000.0,32049000000.0,10065000000.0,27495000000.0,59544000000,7422000000.0,-17733000000.0,22104000000.0,-877000000.0,58667000000,-1564000000.0,381000000.0,249000000.0,2131000000.0,397000000.0,1011000000.0,365000000.0,358000000.0,1197000000.0,-227000000.0,-36000000.0,-592000000.0,-1303000000.0,-305000000.0,1891000000.0,1000000.0,1585000000.0,1496000000,2009-09-30,54.86000061035156,55.25,53.459999084472656,54.1500015258789,41.82725143432617,5939600.0
2009-12-31,17937000000.0,-14508000000.0,3429000000.0,-1782000000.0,-780000000.0,-1002000000.0,,1647000000.0,-80000000.0,-110000000.0,1567000000,-17000000.0,1550000000,-267000000.0,1283000000,-15000000.0,1268000000,1268000000,11223000000.0,5785000000.0,16933000000.0,35275000000.0,8784000000.0,1030000000.0,16964000000.0,26778000000.0,62053000000,19918000000.0,707000000.0,32883000000.0,12217000000.0,26945000000.0,59828000000,7170000000.0,-15911000000.0,22746000000.0,2225000000.0,62053000000,1268000000.0,412000000.0,301000000.0,1231000000.0,427000000.0,-943000000.0,-28000000.0,1775000000.0,3212000000.0,-219000000.0,-1466000000.0,0.0,-1645000000.0,-305000000.0,1894000000.0,2000000.0,1549000000.0,3120000000,2009-12-31,55.0,55.22000122070313,54.04999923706055,54.13000106811523,42.18011474609375,2189400.0
2010-03-31,15216000000.0,-12144000000.0,3072000000.0,-1953000000.0,-953000000.0,-1000000000.0,,1119000000.0,-65000000.0,-122000000.0,1054000000,-4000000.0,1050000000,-531000000.0,519000000,,519000000,519000000,10362000000.0,6359000000.0,18773000000.0,36798000000.0,8693000000.0,1030000000.0,16449000000.0,26172000000.0,62970000000,19736000000.0,1479000000.0,33484000000.0,11464000000.0,26447000000.0,59931000000,7168000000.0,-15744000000.0,23265000000.0,3039000000.0,62970000000,519000000.0,350000000.0,179000000.0,-1333000000.0,-572000000.0,-1833000000.0,225000000.0,847000000.0,-285000000.0,-183000000.0,-3834000000.0,-24000000.0,-4041000000.0,-318000000.0,-45000000.0,23000000.0,-347000000.0,-4698000000,2010-03-31,72.91999816894531,73.05999755859375,71.94999694824219,72.61000061035156,56.9666862487793,5884600.0
2010-06-30,15573000000.0,-12540000000.0,3033000000.0,-1779000000.0,-778000000.0,-1001000000.0,,1254000000.0,-43000000.0,-132000000.0,1211000000,-1000000.0,1210000000,-421000000.0,789000000,-2000000.0,787000000,787000000,10026000000.0,6565000000.0,20368000000.0,38327000000.0,8584000000.0,1008000000.0,15836000000.0,25428000000.0,63755000000,19859000000.0,1507000000.0,34088000000.0,11439000000.0,26494000000.0,60582000000,6994000000.0,-15582000000.0,23409000000.0,3173000000.0,63755000000,787000000.0,393000000.0,135000000.0,-1049000000.0,-255000000.0,-1592000000.0,-354000000.0,1152000000.0,266000000.0,-238000000.0,290000000.0,0.0,149000000.0,-319000000.0,-154000000.0,38000000.0,-431000000.0,-49000000,2010-06-30,63.04999923706055,64.20999908447266,62.58000183105469,62.75,49.51666641235352,7102200.0
2010-09-30,16967000000.0,-13746000000.0,3221000000.0,-1922000000.0,-936000000.0,-986000000.0,,1299000000.0,-69000000.0,-130000000.0,1230000000,14000000.0,1244000000,-407000000.0,837000000,,837000000,837000000,9966000000.0,6445000000.0,21692000000.0,39454000000.0,8671000000.0,1035000000.0,16062000000.0,25768000000.0,65222000000,20323000000.0,953000000.0,34238000000.0,11466000000.0,26432000000.0,60670000000,8887000000.0,-17302000000.0,24244000000.0,4552000000.0,65222000000,837000000.0,358000000.0,273000000.0,387000000.0,126000000.0,-1261000000.0,364000000.0,1158000000.0,1855000000.0,-259000000.0,-1544000000.0,-843000000.0,-2588000000.0,-308000000.0,-563000000.0,10000000.0,-867000000.0,-1604000000,2010-09-30,67.08999633789061,67.97000122070311,66.05000305175781,66.54000091552734,52.82644653320313,8214300.0
2010-12-31,16550000000.0,-13413000000.0,3137000000.0,-2111000000.0,-977000000.0,-1134000000.0,,1026000000.0,-20000000.0,-132000000.0,1006000000,-3000000.0,1003000000,163000000.0,1166000000,-2000000.0,1164000000,1164000000,10517000000.0,5422000000.0,24317000000.0,40572000000.0,8931000000.0,1111000000.0,17951000000.0,27993000000.0,68565000000,21517000000.0,948000000.0,35395000000.0,11473000000.0,30308000000.0,65703000000,8927000000.0,-17187000000.0,24784000000.0,2862000000.0,68565000000,1164000000.0,645000000.0,346000000.0,-1039000000.0,709000000.0,-2701000000.0,78000000.0,875000000.0,1116000000.0,-384000000.0,1965000000.0,-65000000.0,1649000000.0,-308000000.0,-23000000.0,16000000.0,-317000000.0,2495000000,2010-12-31,64.90000152587889,65.29000091552734,64.62000274658203,65.26000213623047,52.12398147583008,2137400.0
2011-03-31,14910000000.0,-12049000000.0,2861000000.0,-1923000000.0,-866000000.0,-1057000000.0,,938000000.0,-55000000.0,-130000000.0,883000000,,883000000,-295000000.0,588000000,-2000000.0,586000000,586000000,7772000000.0,6036000000.0,26912000000.0,41009000000.0,8973000000.0,1091000000.0,17687000000.0,27751000000.0,68760000000,21139000000.0,966000000.0,35257000000.0,10723000000.0,29496000000.0,64753000000,8964000000.0,-17021000000.0,25370000000.0,4007000000.0,68760000000,586000000.0,384000000.0,140000000.0,-2063000000.0,-633000000.0,-2622000000.0,969000000.0,223000000.0,-953000000.0,-403000000.0,3057000000.0,-16000000.0,2707000000.0,-309000000.0,-1190000000.0,24000000.0,-1468000000.0,311000000,2011-03-31,73.80999755859375,74.47000122070312,73.47000122070312,73.93000030517578,59.39189147949219,4199200.0
2011-06-30,16543000000.0,-13200000000.0,3343000000.0,-1917000000.0,-870000000.0,-1047000000.0,,1426000000.0,-21000000.0,-123000000.0,1405000000,20000000.0,1425000000,-483000000.0,942000000,-1000000.0,941000000,941000000,8802000000.0,6162000000.0,29094000000.0,44353000000.0,9044000000.0,1117000000.0,17605000000.0,27766000000.0,72119000000,21832000000.0,1304000000.0,37370000000.0,10324000000.0,29925000000.0,67295000000,9006000000.0,-16859000000.0,25681000000.0,4824000000.0,72119000000,941000000.0,432000000.0,82000000.0,141000000.0,-114000000.0,-2267000000.0,165000000.0,2357000000.0,1596000000.0,-340000000.0,-1609000000.0,0.0,-1949000000.0,-311000000.0,-31000000.0,56000000.0,-279000000.0,-620000000,2011-06-30,73.0,74.0999984741211,72.9000015258789,73.93000030517578,59.70553970336914,4245300.0
2011-09-30,17727000000.0,-14357000000.0,3370000000.0,-1708000000.0,-807000000.0,-901000000.0,,1662000000.0,-20000000.0,-121000000.0,1642000000,0.0,1642000000,-548000000.0,1094000000,4000000.0,1098000000,1098000000,9233000000.0,6296000000.0,30493000000.0,46347000000.0,9190000000.0,1109000000.0,17517000000.0,27816000000.0,74163000000,19715000000.0,1603000000.0,37593000000.0,10777000000.0,30509000000.0,68102000000,9049000000.0,-16715000000.0,26779000000.0,6061000000.0,74163000000,1098000000.0,421000000.0,51000000.0,-1121000000.0,-164000000.0,-3356000000.0,313000000.0,2086000000.0,449000000.0,-345000000.0,469000000.0,-26000000.0,98000000.0,-312000000.0,679000000.0,26000000.0,393000000.0,904000000,2011-09-30,61.5,62.18000030517578,60.45000076293945,60.5099983215332,49.199073791503906,5464300.0
2011-12-31,19555000000.0,-16282000000.0,3273000000.0,-1778000000.0,-865000000.0,-913000000.0,,1495000000.0,-56000000.0,-103000000.0,1439000000,4000000.0,1443000000,-56000000.0,1387000000,6000000.0,1393000000,1393000000,11272000000.0,5793000000.0,32240000000.0,49810000000.0,9313000000.0,1043000000.0,19820000000.0,30176000000.0,79986000000,20645000000.0,2353000000.0,41274000000.0,10018000000.0,35104000000.0,76378000000,9094000000.0,-16603000000.0,27524000000.0,3608000000.0,79986000000,1393000000.0,438000000.0,192000000.0,908000000.0,619000000.0,-1767000000.0,-283000000.0,2339000000.0,2931000000.0,-531000000.0,2044000000.0,0.0,1513000000.0,-312000000.0,-40000000.0,8000000.0,-346000000.0,4095000000,2011-12-30,73.86000061035156,74.08000183105469,73.23999786376953,73.3499984741211,60.01922225952149,2811800.0
2012-03-31,19383000000.0,-16074000000.0,3309000000.0,-1790000000.0,-955000000.0,-835000000.0,,1519000000.0,-56000000.0,-114000000.0,1463000000,0.0,1463000000,-539000000.0,924000000,-1000000.0,923000000,923000000,10516000000.0,6475000000.0,32738000000.0,50131000000.0,9399000000.0,1037000000.0,19638000000.0,30074000000.0,80205000000,19984000000.0,2807000000.0,41305000000.0,8817000000.0,33780000000.0,75085000000,9038000000.0,-16364000000.0,28447000000.0,5120000000.0,80205000000,923000000.0,426000000.0,198000000.0,-710000000.0,-729000000.0,-497000000.0,506000000.0,10000000.0,837000000.0,-420000000.0,-2583000000.0,0.0,-3003000000.0,-328000000.0,-863000000.0,28000000.0,-1187000000.0,-3331000000,2012-03-30,74.31999969482422,74.44000244140625,73.77999877929688,74.37000274658203,61.21198654174805,3203800.0
2012-06-30,20005000000.0,-16746000000.0,3259000000.0,-1760000000.0,-903000000.0,-857000000.0,,1499000000.0,-51000000.0,-106000000.0,1448000000,-2000000.0,1446000000,-479000000.0,967000000,0.0,967000000,967000000,10307000000.0,5894000000.0,35033000000.0,51608000000.0,9453000000.0,1004000000.0,19530000000.0,29987000000.0,81595000000,20972000000.0,2466000000.0,42450000000.0,8735000000.0,33253000000.0,75703000000,9079000000.0,-16202000000.0,28743000000.0,5892000000.0,81595000000,967000000.0,422000000.0,271000000.0,-752000000.0,419000000.0,-2240000000.0,236000000.0,833000000.0,908000000.0,-350000000.0,-217000000.0,-18000000.0,-585000000.0,-330000000.0,-418000000.0,43000000.0,-710000000.0,-413000000,2012-06-29,73.05999755859375,74.37000274658203,72.88999938964844,74.30000305175781,61.513343811035156,4419400.0
2012-09-30,20008000000.0,-16799000000.0,3209000000.0,-1769000000.0,-916000000.0,-853000000.0,,1440000000.0,27000000.0,-110000000.0,1467000000,-1000000.0,1466000000,-432000000.0,1034000000,-2000000.0,1032000000,1032000000,11172000000.0,5437000000.0,36817000000.0,53778000000.0,9496000000.0,1195000000.0,19185000000.0,29876000000.0,83654000000,20925000000.0,2172000000.0,42852000000.0,9014000000.0,33120000000.0,75972000000,9129000000.0,-16055000000.0,29775000000.0,7682000000.0,83654000000,1032000000.0,465000000.0,258000000.0,-159000000.0,460000000.0,-1851000000.0,115000000.0,1117000000.0,1596000000.0,-415000000.0,-590000000.0,0.0,-1005000000.0,-332000000.0,-30000000.0,25000000.0,-337000000.0,277000000,2012-09-28,69.75,70.05000305175781,69.18000030517578,69.59999847412111,57.967735290527344,4057500.0
2012-12-31,22302000000.0,-19046000000.0,3256000000.0,-1696000000.0,-943000000.0,-753000000.0,,1560000000.0,-32000000.0,-112000000.0,1528000000,7000000.0,1535000000,-557000000.0,978000000,0.0,978000000,978000000,13558000000.0,5608000000.0,37751000000.0,57309000000.0,9660000000.0,1180000000.0,20747000000.0,31587000000.0,88896000000,22389000000.0,1436000000.0,44982000000.0,8973000000.0,37947000000.0,82929000000,9183000000.0,-15937000000.0,30037000000.0,5967000000.0,88896000000,978000000.0,498000000.0,190000000.0,2501000000.0,-177000000.0,-1093000000.0,342000000.0,3429000000.0,4167000000.0,-428000000.0,1370000000.0,-106000000.0,836000000.0,-332000000.0,-933000000.0,24000000.0,-1243000000.0,3759000000,2012-12-31,74.61000061035156,75.41000366210938,74.0,75.36000061035156,63.15087890625,4939000.0
2013-03-31,18893000000.0,-15756000000.0,3137000000.0,-1676000000.0,-971000000.0,-705000000.0,,1461000000.0,-45000000.0,-99000000.0,1416000000,22000000.0,1438000000,-332000000.0,1106000000,0.0,1106000000,1106000000,11853000000.0,6351000000.0,40797000000.0,59490000000.0,9736000000.0,1177000000.0,20044000000.0,30957000000.0,90447000000,21406000000.0,917000000.0,45666000000.0,8254000000.0,37221000000.0,82887000000,9140000000.0,-15780000000.0,31143000000.0,7560000000.0,90447000000,1106000000.0,429000000.0,89000000.0,-1100000000.0,-437000000.0,-3000000000.0,654000000.0,1683000000.0,524000000.0,-488000000.0,-300000000.0,-26000000.0,-814000000.0,-367000000.0,-1385000000.0,76000000.0,-1705000000.0,-2006000000,2013-03-28,86.41000366210938,86.5,85.41999816894531,85.8499984741211,72.40349578857422,4884300.0
2013-06-30,21815000000.0,-18450000000.0,3365000000.0,-1692000000.0,-929000000.0,-763000000.0,,1673000000.0,-40000000.0,-96000000.0,1633000000,0.0,1633000000,-546000000.0,1087000000,1000000.0,1088000000,1088000000,14325000000.0,6406000000.0,40234000000.0,61310000000.0,9814000000.0,1166000000.0,19801000000.0,30781000000.0,92091000000,22849000000.0,883000000.0,46949000000.0,8695000000.0,37510000000.0,84459000000,9242000000.0,-16412000000.0,31490000000.0,7632000000.0,92091000000,1088000000.0,436000000.0,0.0,1943000000.0,-113000000.0,386000000.0,194000000.0,1476000000.0,3467000000.0,-444000000.0,-2113000000.0,0.0,-2557000000.0,-368000000.0,416000000.0,-592000000.0,-525000000.0,359000000,2013-06-28,102.86000061035156,103.48999786376952,102.31999969482422,102.44000244140624,86.8393783569336,5432500.0
2013-09-30,22130000000.0,-18674000000.0,3456000000.0,-1711000000.0,-956000000.0,-755000000.0,,1745000000.0,-17000000.0,-95000000.0,1728000000,-1000000.0,1727000000,-567000000.0,1160000000,-2000000.0,1158000000,1158000000,15911000000.0,6652000000.0,41240000000.0,64162000000.0,9987000000.0,1168000000.0,19316000000.0,30471000000.0,94633000000,23041000000.0,919000000.0,49680000000.0,8677000000.0,35886000000.0,85566000000,9356000000.0,-16865000000.0,32647000000.0,9067000000.0,94633000000,1158000000.0,458000000.0,40000000.0,1152000000.0,-456000000.0,-1017000000.0,95000000.0,2530000000.0,2808000000.0,-481000000.0,-230000000.0,0.0,-711000000.0,-367000000.0,-20000000.0,-412000000.0,-763000000.0,1347000000,2013-09-30,117.3499984741211,117.88999938964844,116.37000274658205,117.5,100.0592269897461,4032900.0
2013-12-31,23785000000.0,-20388000000.0,3397000000.0,-1948000000.0,-1100000000.0,-848000000.0,,1449000000.0,-14000000.0,-96000000.0,1435000000,-1000000.0,1434000000,-201000000.0,1233000000,0.0,1233000000,1233000000,15258000000.0,6546000000.0,42912000000.0,65074000000.0,10224000000.0,1204000000.0,16161000000.0,27589000000.0,92663000000,23629000000.0,1563000000.0,51486000000.0,8072000000.0,26180000000.0,77666000000,9476000000.0,-17671000000.0,32964000000.0,14997000000.0,92663000000,1233000000.0,521000000.0,543000000.0,-917000000.0,127000000.0,-1931000000.0,-1241000000.0,2128000000.0,1380000000.0,-774000000.0,-298000000.0,0.0,-1072000000.0,-365000000.0,-154000000.0,-776000000.0,-1256000000.0,-953000000,2013-12-31,136.16000366210938,137.05000305175778,135.74000549316406,136.49000549316406,116.6540985107422,2096000.0
2014-03-31,20465000000.0,-17296000000.0,3169000000.0,-1686000000.0,-877000000.0,-809000000.0,,1483000000.0,-24000000.0,-92000000.0,1459000000,0.0,1459000000,-494000000.0,965000000,,965000000,965000000,12224000000.0,7341000000.0,44941000000.0,64777000000.0,10263000000.0,1208000000.0,15327000000.0,26798000000.0,91575000000,22998000000.0,1660000000.0,52502000000.0,7275000000.0,24440000000.0,76942000000,9502000000.0,-20028000000.0,33929000000.0,14633000000.0,91575000000,965000000.0,448000000.0,36000000.0,-337000000.0,-792000000.0,-2049000000.0,1350000000.0,1154000000.0,1112000000.0,-482000000.0,888000000.0,,406000000.0,-540000000.0,-706000000.0,-2391000000.0,-3668000000.0,-2146000000,2014-03-31,125.36000061035156,126.04000091552734,124.8000030517578,125.48999786376952,107.85763549804688,2962000.0
2014-06-30,22045000000.0,-18670000000.0,3375000000.0,-1651000000.0,-918000000.0,-733000000.0,,1724000000.0,-9000000.0,-81000000.0,1715000000,2000000.0,1717000000,-64000000.0,1653000000,,1653000000,1653000000,11330000000.0,7694000000.0,46251000000.0,65527000000.0,10449000000.0,1196000000.0,15565000000.0,27210000000.0,92737000000,24282000000.0,1591000000.0,53339000000.0,7292000000.0,25214000000.0,78553000000,9585000000.0,-21381000000.0,34516000000.0,14184000000.0,92737000000,1653000000.0,452000000.0,63000000.0,-359000000.0,-494000000.0,-1353000000.0,433000000.0,1055000000.0,1809000000.0,-447000000.0,1485000000.0,-163000000.0,875000000.0,-531000000.0,-247000000.0,-1346000000.0,-2096000000.0,591000000,2014-06-30,127.91000366210938,127.91000366210938,126.1999969482422,127.2300033569336,109.96675872802734,5712900.0
2014-09-30,23784000000.0,-20075000000.0,3709000000.0,-1682000000.0,-932000000.0,-750000000.0,,2027000000.0,4000000.0,-79000000.0,2031000000,0.0,2031000000,-669000000.0,1362000000,,1362000000,1362000000,10077000000.0,7799000000.0,47058000000.0,65218000000.0,10707000000.0,1203000000.0,15525000000.0,27435000000.0,92653000000,23813000000.0,1579000000.0,53204000000.0,7301000000.0,24812000000.0,78016000000,9633000000.0,-22349000000.0,35880000000.0,14637000000.0,92653000000,1362000000.0,478000000.0,206000000.0,-1107000000.0,-99000000.0,-1023000000.0,36000000.0,-21000000.0,939000000.0,-612000000.0,361000000.0,0.0,-247000000.0,-525000000.0,-36000000.0,-970000000.0,-1530000000.0,-878000000,2014-09-30,128.57000732421878,129.38999938964844,127.30999755859376,127.37999725341795,110.7631378173828,4000200.0
2014-12-31,24468000000.0,-20711000000.0,3757000000.0,-1795000000.0,-1040000000.0,-755000000.0,,1962000000.0,-20000000.0,-81000000.0,1942000000,-12000000.0,1930000000,-464000000.0,1466000000,,1466000000,1466000000,13092000000.0,7729000000.0,46756000000.0,67767000000.0,11007000000.0,1154000000.0,12993000000.0,25154000000.0,92921000000,24129000000.0,929000000.0,48233000000.0,8141000000.0,35898000000.0,84131000000,9686000000.0,-23298000000.0,36180000000.0,8790000000.0,92921000000,1466000000.0,528000000.0,304000000.0,2700000000.0,57000000.0,95000000.0,-480000000.0,3028000000.0,4998000000.0,-661000000.0,2065000000.0,0.0,1433000000.0,-519000000.0,165000000.0,-951000000.0,-1299000000.0,5078000000,2014-12-31,132.25,132.30000305175778,129.86000061035156,129.97999572753906,113.6834487915039,2712400.0
2015-03-31,22149000000.0,-18496000000.0,3653000000.0,-1714000000.0,-945000000.0,-769000000.0,,1939000000.0,6000000.0,-61000000.0,1945000000,1000000.0,1946000000,-610000000.0,1336000000,,1336000000,1336000000,9631000000.0,8087000000.0,48502000000.0,66421000000.0,11172000000.0,1154000000.0,19028000000.0,31354000000.0,97775000000,23455000000.0,133000000.0,55256000000.0,8905000000.0,34489000000.0,89745000000,9718000000.0,-25513000000.0,37516000000.0,8030000000.0,97775000000,1336000000.0,459000000.0,28000000.0,-1735000000.0,-389000000.0,-1822000000.0,848000000.0,-372000000.0,88000000.0,-574000000.0,352000000.0,,-214000000.0,-639000000.0,-52000000.0,-2269000000.0,-2935000000.0,-3078000000,2015-03-31,152.22999572753906,152.25,149.94000244140625,150.0800018310547,132.07524108886722,2975600.0
2015-06-30,24543000000.0,-21350000000.0,3193000000.0,-1560000000.0,-760000000.0,-800000000.0,,1633000000.0,-10000000.0,-75000000.0,1623000000,0.0,1623000000,-513000000.0,1110000000,,1110000000,1110000000,9625000000.0,7927000000.0,49028000000.0,66806000000.0,11338000000.0,1256000000.0,18702000000.0,31296000000.0,98102000000,24757000000.0,112000000.0,57136000000.0,8904000000.0,34659000000.0,91795000000,9782000000.0,-27463000000.0,37365000000.0,6307000000.0,98102000000,1110000000.0,453000000.0,150000000.0,1584000000.0,76000000.0,-573000000.0,40000000.0,2041000000.0,3297000000.0,-672000000.0,483000000.0,-23000000.0,-198000000.0,-625000000.0,-33000000.0,-1956000000.0,-2605000000.0,502000000,2015-06-30,140.05999755859378,140.05999755859378,138.44000244140622,138.72000122070312,122.8603973388672,3434800.0
2015-09-30,25849000000.0,-21600000000.0,4249000000.0,-1746000000.0,-889000000.0,-857000000.0,,2503000000.0,-15000000.0,-67000000.0,2488000000,-1000000.0,2487000000,-783000000.0,1704000000,,1704000000,1704000000,9857000000.0,8854000000.0,48624000000.0,67576000000.0,11614000000.0,1277000000.0,18531000000.0,31422000000.0,98998000000,24547000000.0,614000000.0,57808000000.0,8402000000.0,34404000000.0,92212000000,9832000000.0,-28898000000.0,39069000000.0,6786000000.0,98998000000,1704000000.0,437000000.0,175000000.0,543000000.0,-889000000.0,209000000.0,170000000.0,1053000000.0,2859000000.0,-557000000.0,-7000000.0,0.0,-553000000.0,-618000000.0,-18000000.0,-1445000000.0,-2069000000.0,226000000,2015-09-30,130.27000427246094,131.41000366210938,129.6199951171875,130.94999694824222,116.71868133544922,3062500.0
2015-12-31,23573000000.0,-20642000000.0,2931000000.0,-1836000000.0,-931000000.0,-905000000.0,,1095000000.0,5000000.0,-72000000.0,1100000000,-1000000.0,1099000000,-73000000.0,1026000000,,1026000000,1026000000,12052000000.0,8713000000.0,47257000000.0,68234000000.0,12076000000.0,1284000000.0,12814000000.0,26174000000.0,94408000000,24814000000.0,1234000000.0,50412000000.0,8730000000.0,37599000000.0,88011000000,9895000000.0,-29568000000.0,38756000000.0,6397000000.0,94408000000,1026000000.0,484000000.0,206000000.0,1403000000.0,133000000.0,1076000000.0,-1296000000.0,1490000000.0,3119000000.0,-605000000.0,-274000000.0,-8000000.0,-881000000.0,-608000000.0,964000000.0,-682000000.0,-311000000.0,1919000000,2015-12-31,145.9600067138672,145.9600067138672,144.5,144.58999633789062,129.67315673828122,2105200.0
2016-03-31,22632000000.0,-19097000000.0,3535000000.0,-1805000000.0,-888000000.0,-917000000.0,,1730000000.0,7000000.0,-73000000.0,1737000000,4000000.0,1741000000,-522000000.0,1219000000,,1219000000,1219000000,8352000000.0,9711000000.0,47266000000.0,65587000000.0,12269000000.0,1297000000.0,12394000000.0,25960000000.0,91547000000,24348000000.0,1243000000.0,49517000000.0,8721000000.0,37924000000.0,87441000000,9845000000.0,-32939000000.0,39975000000.0,4106000000.0,91547000000,1219000000.0,443000000.0,162000000.0,-549000000.0,-1002000000.0,-56000000.0,960000000.0,-451000000.0,1275000000.0,-737000000.0,289000000.0,,-438000000.0,-717000000.0,-13000000.0,-3459000000.0,-4265000000.0,-3416000000,2016-03-31,128.08999633789062,128.3800048828125,125.25,126.94000244140624,114.89752197265624,8758300.0
2016-06-30,24755000000.0,-22325000000.0,2430000000.0,-2933000000.0,-806000000.0,-2127000000.0,,-503000000.0,37000000.0,-73000000.0,-466000000,-13000000.0,-479000000,245000000.0,-234000000,,-234000000,-234000000,9265000000.0,9809000000.0,44182000000.0,63507000000.0,12533000000.0,1312000000.0,12257000000.0,26102000000.0,89609000000,25282000000.0,1168000000.0,49859000000.0,9847000000.0,39103000000.0,88962000000,9839000000.0,-34821000000.0,38362000000.0,647000000.0,89609000000,-234000000.0,447000000.0,131000000.0,2846000000.0,499000000.0,3060000000.0,261000000.0,-974000000.0,3190000000.0,-669000000.0,-241000000.0,,-912000000.0,-691000000.0,1045000000.0,-1895000000.0,-1544000000.0,719000000,2016-06-30,127.08000183105469,129.8699951171875,127.08000183105469,129.8699951171875,118.50841522216795,4110800.0
2016-09-30,23898000000.0,-19904000000.0,3994000000.0,-1780000000.0,-923000000.0,-857000000.0,,2214000000.0,-10000000.0,-81000000.0,2204000000,-1000000.0,2203000000,76000000.0,2279000000,,2279000000,2279000000,9668000000.0,9524000000.0,42680000000.0,62237000000.0,12713000000.0,1303000000.0,12697000000.0,26713000000.0,88950000000,25211000000.0,632000000.0,48489000000.0,9824000000.0,38311000000.0,86800000000,9869000000.0,-35763000000.0,40641000000.0,2150000000.0,88950000000,2279000000.0,474000000.0,136000000.0,313000000.0,-14000000.0,1330000000.0,145000000.0,-1148000000.0,3202000000.0,-594000000.0,-20000000.0,,-614000000.0,-676000000.0,-569000000.0,-955000000.0,-2204000000.0,381000000,2016-09-30,132.08999633789062,132.6300048828125,131.27000427246094,131.74000549316406,121.2110366821289,3118900.0
2016-12-31,23286000000.0,-19464000000.0,3822000000.0,-1725000000.0,-999000000.0,-726000000.0,,2097000000.0,3000000.0,-79000000.0,2100000000,3000000.0,2103000000,-472000000.0,1631000000,,1631000000,1631000000,10029000000.0,8832000000.0,43199000000.0,62488000000.0,12807000000.0,1317000000.0,13385000000.0,27509000000.0,89997000000,25881000000.0,384000000.0,50134000000.0,9568000000.0,38986000000.0,89120000000,9823000000.0,-36097000000.0,40714000000.0,877000000.0,89997000000,1631000000.0,546000000.0,220000000.0,435000000.0,629000000.0,-579000000.0,-744000000.0,1129000000.0,2832000000.0,-575000000.0,-538000000.0,-297000000.0,-1416000000.0,-672000000.0,-521000000.0,-371000000.0,-1574000000.0,-185000000,2016-12-30,156.49000549316406,156.7899932861328,154.9600067138672,155.67999267578125,144.33763122558594,2027700.0
2017-03-31,20976000000.0,-17264000000.0,3712000000.0,-1771000000.0,-933000000.0,-838000000.0,,1941000000.0,16000000.0,-87000000.0,1957000000,2000000.0,1959000000,-508000000.0,1451000000,,1451000000,1451000000,9205000000.0,9335000000.0,43247000000.0,62367000000.0,12842000000.0,1319000000.0,13145000000.0,27306000000.0,89673000000,25296000000.0,367000000.0,49781000000.0,10432000000.0,39737000000.0,89518000000,9665000000.0,-38320000000.0,42165000000.0,155000000.0,89673000000,1451000000.0,471000000.0,130000000.0,42000000.0,-769000000.0,-31000000.0,616000000.0,226000000.0,2094000000.0,-457000000.0,198000000.0,,-262000000.0,-868000000.0,838000000.0,-2326000000.0,-2463000000.0,-611000000,2017-03-31,178.02000427246094,178.17999267578125,176.80999755859375,176.86000061035156,165.3850555419922,2032700.0
2017-06-30,22739000000.0,-18388000000.0,4351000000.0,-1853000000.0,-1040000000.0,-813000000.0,,2498000000.0,-27000000.0,-93000000.0,2471000000,-2000000.0,2469000000,-708000000.0,1761000000,,1761000000,1761000000,10326000000.0,9503000000.0,42453000000.0,62831000000.0,12820000000.0,1278000000.0,13107000000.0,27205000000.0,90036000000,26387000000.0,720000000.0,52909000000.0,10055000000.0,39105000000.0,92014000000,9705000000.0,-40730000000.0,42222000000.0,-1978000000.0,90036000000,1877000000.0,485000000.0,154000000.0,2437000000.0,606000000.0,-1005000000.0,-197000000.0,3033000000.0,4953000000.0,-554000000.0,-577000000.0,,-1121000000.0,-852000000.0,-20000000.0,-2434000000.0,-3311000000.0,553000000,2017-06-30,198.5,199.44000244140625,197.38999938964844,197.75,186.33529663085938,2225600.0
2017-09-30,24223000000.0,-19956000000.0,4267000000.0,-1686000000.0,-918000000.0,-768000000.0,,2581000000.0,2000000.0,-87000000.0,2583000000,0.0,2583000000,-773000000.0,1810000000,,1810000000,1810000000,10032000000.0,10644000000.0,43031000000.0,64142000000.0,12712000000.0,1270000000.0,12883000000.0,26865000000.0,91007000000,26726000000.0,988000000.0,54409000000.0,9780000000.0,35453000000.0,89862000000,11815000000.0,-41745000000.0,44052000000.0,1145000000.0,91007000000,1810000000.0,514000000.0,142000000.0,930000000.0,-395000000.0,236000000.0,361000000.0,728000000.0,3396000000.0,-394000000.0,176000000.0,0.0,-218000000.0,-855000000.0,-25000000.0,-2449000000.0,-3335000000.0,-136000000,2017-09-29,253.8500061035156,255.25999450683597,252.58999633789062,254.2100067138672,240.96495056152344,2531100.0
2017-12-31,26067000000.0,-21004000000.0,5063000000.0,-1964000000.0,-1204000000.0,-760000000.0,,3099000000.0,-24000000.0,-93000000.0,3075000000,21000000.0,3096000000,340000000.0,3436000000,,3436000000,3436000000,9992000000.0,2894000000.0,61388000000.0,85194000000.0,12672000000.0,1260000000.0,13236000000.0,27168000000.0,112362000000,25271000000.0,1335000000.0,74648000000.0,9782000000.0,36001000000.0,110649000000,11865000000.0,-43454000000.0,49618000000.0,1713000000.0,112362000000,3320000000.0,577000000.0,163000000.0,-1157000000.0,-282000000.0,-603000000.0,-650000000.0,378000000.0,2903000000.0,-373000000.0,241000000.0,-324000000.0,-457000000.0,-842000000.0,331000000.0,-1716000000.0,-2241000000.0,212000000,2017-12-29,296.94000244140625,297.29998779296875,294.8299865722656,294.9100036621094,281.04714965820307,1824600.0
2018-03-31,23382000000.0,-18824000000.0,4558000000.0,-1761000000.0,-997000000.0,-764000000.0,,2797000000.0,38000000.0,-102000000.0,2835000000,4000000.0,2839000000,-362000000.0,2477000000,,2477000000,2477000000,9891000000.0,2802000000.0,61303000000.0,86543000000.0,12628000000.0,1248000000.0,13130000000.0,27006000000.0,113549000000,23596000000.0,1981000000.0,75532000000.0,10471000000.0,36719000000.0,112251000000,11685000000.0,-46396000000.0,52095000000.0,1298000000.0,113549000000,2477000000.0,501000000.0,120000000.0,38000000.0,92000000.0,283000000.0,591000000.0,-928000000.0,3136000000.0,-387000000.0,503000000.0,,119000000.0,-1006000000.0,1316000000.0,-2949000000.0,-2845000000.0,418000000,2018-03-29,323.3800048828125,330.4800109863281,322.0,327.8800048828125,314.009765625,3652100.0
2018-06-30,24258000000.0,-19536000000.0,4722000000.0,-2021000000.0,-1194000000.0,-827000000.0,,2701000000.0,-118000000.0,-109000000.0,2583000000,3000000.0,2586000000,-390000000.0,2196000000,,2196000000,2196000000,9770000000.0,2823000000.0,61250000000.0,86401000000.0,12605000000.0,1203000000.0,12986000000.0,26794000000.0,113195000000,25144000000.0,1611000000.0,77725000000.0,10507000000.0,36844000000.0,114569000000,11737000000.0,-49342000000.0,52303000000.0,-1374000000.0,113195000000,2196000000.0,507000000.0,125000000.0,1852000000.0,-30000000.0,125000000.0,91000000.0,1666000000.0,4680000000.0,-398000000.0,-1012000000.0,,-1414000000.0,-991000000.0,-376000000.0,-2955000000.0,-4332000000.0,-1110000000,2018-06-29,337.19000244140625,340.0,335.3599853515625,335.510009765625,322.9198303222656,3108500.0
2018-09-30,25146000000.0,-21040000000.0,4106000000.0,-1980000000.0,-1154000000.0,-826000000.0,,2126000000.0,-62000000.0,-106000000.0,2064000000,69000000.0,2133000000,230000000.0,2363000000,,2363000000,2363000000,9990000000.0,2893000000.0,62038000000.0,87686000000.0,12571000000.0,1190000000.0,13212000000.0,26973000000.0,114659000000,26532000000.0,1389000000.0,79417000000.0,10487000000.0,36451000000.0,115868000000,11775000000.0,-51781000000.0,54666000000.0,-1209000000.0,114659000000,2363000000.0,523000000.0,47000000.0,1626000000.0,-52000000.0,-581000000.0,499000000.0,1760000000.0,4559000000.0,-381000000.0,-267000000.0,-250000000.0,-902000000.0,-979000000.0,-273000000.0,-2441000000.0,-3689000000.0,-33000000,2018-09-28,368.6300048828125,374.2200012207031,366.2200012207031,371.8999938964844,359.71295166015625,3600500.0
2018-12-31,28341000000.0,-22090000000.0,6251000000.0,-2074000000.0,-1222000000.0,-852000000.0,,4177000000.0,-130000000.0,-158000000.0,4047000000,-1000000.0,4046000000,-622000000.0,3424000000,,3424000000,3424000000,8564000000.0,3879000000.0,62567000000.0,87830000000.0,12645000000.0,1087000000.0,15797000000.0,29529000000.0,117359000000,27724000000.0,3190000000.0,81590000000.0,10657000000.0,35359000000.0,116949000000,11829000000.0,-52348000000.0,55941000000.0,410000000.0,117359000000,3424000000.0,583000000.0,172000000.0,-1232000000.0,-805000000.0,3377000000.0,-1179000000.0,-2625000000.0,2947000000.0,-436000000.0,3674000000.0,-2980000000.0,-2424000000.0,-970000000.0,698000000.0,-574000000.0,-856000000.0,-349000000,2018-12-31,320.5,323.6400146484375,318.75,322.5,313.3722229003906,3557700.0
2019-03-31,22917000000.0,-18645000000.0,4272000000.0,-2050000000.0,-1184000000.0,-866000000.0,,2222000000.0,3000000.0,-123000000.0,2225000000,108000000.0,2333000000,-184000000.0,2149000000,,2149000000,2149000000,7729000000.0,3669000000.0,65369000000.0,89509000000.0,12594000000.0,1183000000.0,16923000000.0,30700000000.0,120209000000,27700000000.0,3381000000.0,83615000000.0,11363000000.0,36362000000.0,119977000000,11634000000.0,-54630000000.0,58090000000.0,232000000.0,120209000000,2149000000.0,521000000.0,296000000.0,-178000000.0,206000000.0,-2725000000.0,1624000000.0,717000000.0,2788000000.0,-391000000.0,-91000000.0,-276000000.0,-767000000.0,-1161000000.0,863000000.0,-2299000000.0,-2823000000.0,-801000000,2019-03-29,376.5199890136719,382.17999267578125,374.739990234375,381.4200134277344,372.486572265625,7694700.0
2019-06-30,15751000000.0,-17810000000.0,-2059000000.0,-1498000000.0,-672000000.0,-826000000.0,,-3557000000.0,-62000000.0,-154000000.0,-3619000000,192000000.0,-3427000000,485000000.0,-2942000000,,-2942000000,-2942000000,9606000000.0,3291000000.0,68492000000.0,95111000000.0,12601000000.0,1142000000.0,17407000000.0,31150000000.0,126261000000,35309000000.0,4357000000.0,92189000000.0,14859000000.0,39015000000.0,131204000000,11699000000.0,-54932000000.0,52819000000.0,-4943000000.0,126261000000,-2942000000.0,546000000.0,-28000000.0,1834000000.0,382000000.0,-666000000.0,378000000.0,1740000000.0,-590000000.0,-220000000.0,353000000.0,-216000000.0,-86000000.0,-1156000000.0,4385000000.0,-305000000.0,2919000000.0,2240000000,2019-06-28,363.9200134277344,366.2300109863281,361.5700073242188,364.010009765625,357.5265808105469,4737100.0
2019-09-30,19980000000.0,-16930000000.0,3050000000.0,-1779000000.0,-1001000000.0,-778000000.0,,1271000000.0,-90000000.0,-203000000.0,1181000000,-4000000.0,1177000000,-10000000.0,1167000000,,1167000000,1167000000,10913000000.0,3564000000.0,73279000000.0,101656000000.0,12527000000.0,1117000000.0,17298000000.0,30942000000.0,132598000000,34325000000.0,4354000000.0,91846000000.0,20298000000.0,44561000000.0,136407000000,11749000000.0,-54924000000.0,53986000000.0,-3809000000.0,132598000000,1167000000.0,576000000.0,141000000.0,-4308000000.0,-273000000.0,-3819000000.0,-376000000.0,160000000.0,-2424000000.0,-462000000.0,-734000000.0,0.0,-1194000000.0,-1156000000.0,5395000000.0,4000000.0,4240000000.0,597000000,2019-09-30,383.0,383.7699890136719,376.6900024414063,380.4700012207031,376.0252685546875,3183300.0
2019-12-31,17911000000.0,-18708000000.0,-797000000.0,-1801000000.0,-1052000000.0,-749000000.0,,-2598000000.0,-139000000.0,-242000000.0,-2737000000,395000000.0,-2342000000,1332000000.0,-1010000000,,-1010000000,-1010000000,10030000000.0,3266000000.0,76622000000.0,102229000000.0,12502000000.0,1092000000.0,17802000000.0,31396000000.0,133625000000,38421000000.0,7340000000.0,97312000000.0,19962000000.0,44613000000.0,141925000000,11806000000.0,-54914000000.0,50644000000.0,-8300000000.0,133625000000,-1010000000.0,628000000.0,139000000.0,-1977000000.0,288000000.0,-4444000000.0,-26000000.0,2205000000.0,-2220000000.0,37000000.0,2231000000.0,37000000.0,517000000.0,-1157000000.0,2575000000.0,7000000.0,1403000000.0,-278000000,2019-12-31,325.4100036621094,326.57000732421875,323.32000732421875,325.760009765625,323.83331298828125,4958800.0
2020-03-31,16908000000.0,-16768000000.0,140000000.0,-1545000000.0,-873000000.0,-672000000.0,,-1405000000.0,-152000000.0,-262000000.0,-1557000000,54000000.0,-1503000000,862000000.0,-641000000,,-628000000,-628000000,15527000000.0,3211000000.0,80020000000.0,111011000000.0,12405000000.0,1124000000.0,18535000000.0,32064000000.0,143075000000,36446000000.0,5173000000.0,94502000000.0,33754000000.0,57933000000.0,152435000000,11656000000.0,-54842000000.0,49854000000.0,-9360000000.0,143075000000,-641000000.0,556000000.0,124000000.0,-4341000000.0,-54000000.0,-1636000000.0,-1030000000.0,-1621000000.0,-4302000000.0,-370000000.0,227000000.0,,-379000000.0,-1158000000.0,11579000000.0,21000000.0,10280000000.0,5552000000,2020-03-31,155.0,160.63999938964844,149.0,149.13999938964844,149.13999938964844,29954000.0
2020-06-30,11807000000.0,-12978000000.0,-1171000000.0,-1786000000.0,-1161000000.0,-625000000.0,,-2957000000.0,-504000000.0,-553000000.0,-3461000000,38000000.0,-3423000000,1028000000.0,-2395000000,,-2376000000,-2376000000,32430000000.0,2793000000.0,83745000000.0,130277000000.0,12182000000.0,1066000000.0,19347000000.0,32595000000.0,162872000000,36193000000.0,2922000000.0,92482000000.0,58457000000.0,81772000000.0,174254000000,11709000000.0,-54829000000.0,47478000000.0,-11382000000.0,162872000000,-2395000000.0,547000000.0,188000000.0,-3620000000.0,197000000.0,-3283000000.0,-2151000000.0,1617000000.0,-5280000000.0,-310000000.0,316000000.0,,-12307000000.0,0.0,22458000000.0,6000000.0,22462000000.0,4911000000,2020-06-30,188.0200042724609,188.4900054931641,180.3800048828125,183.3000030517578,183.3000030517578,65493100.0
