Report Date,Revenue,Cost of Revenue,Gross Profit,Operating Expenses,"Selling, General & Administrative",Research & Development,Depreciation & Amortization,Operating Income (Loss),Non-Operating Income (Loss),"Interest Expense, Net","Pretax Income (Loss), Adj.",Abnormal Gains (Losses),Pretax Income (Loss),"Income Tax (Expense) Benefit, Net",Income (Loss) from Continuing Operations,Net Extraordinary Gains (Losses),Net Income,Net Income (Common),"Cash, Cash Equivalents & Short Term Investments",Accounts & Notes Receivable,Inventories,Total Current Assets,"Property, Plant & Equipment, Net",Long Term Investments & Receivables,Other Long Term Assets,Total Noncurrent Assets,Total Assets,Payables & Accruals,Short Term Debt,Total Current Liabilities,Long Term Debt,Total Noncurrent Liabilities,Total Liabilities,Share Capital & Additional Paid-In Capital,Treasury Stock,Retained Earnings,Total Equity,Total Liabilities & Equity,Net Income/Starting Line,Depreciation & Amortization,Non-Cash Items,Change in Working Capital,Change in Accounts Receivable,Change in Inventories,Change in Accounts Payable,Change in Other,Net Cash from Operating Activities,Change in Fixed Assets & Intangibles,Net Change in Long Term Investment,Net Cash from Acquisitions & Divestitures,Net Cash from Investing Activities,Dividends Paid,Cash from (Repayment of) Debt,Cash from (Repurchase of) Equity,Net Cash from Financing Activities,Net Change in Cash,Price Date,Open,High,Low,Close,Adj Close,Volume
2009-10-31,11500000000.0,-8639000000.0,2861000000.0,-2587000000.0,-2587000000.0,,,274000000.0,-38000000.0,-35000000.0,236000000,-111000000.0,125000000,-68000000.0,63000000,,52000000,52000000,594000000.0,2638000000.0,8207000000.0,12318000000.0,4268000000.0,435000000.0,3626000000.0,8329000000.0,20647000000,10526000000.0,2201000000.0,13195000000.0,1125000000.0,2218000000.0,15413000000,213000000.0,,4202000000.0,5234000000.0,20647000000,63000000.0,208000000.0,142000000.0,-543000000.0,-975000000.0,-2311000000.0,2503000000.0,240000000.0,-130000000.0,-425000000.0,47000000.0,-78000000.0,-469000000.0,-58000000.0,658000000.0,32000000.0,636000000.0,25000000,2009-10-30,39.150001525878906,39.52999877929688,38.060001373291016,38.18000030517578,27.51774024963379,4972200.0
2010-01-31,14724000000.0,-11101000000.0,3623000000.0,-2499000000.0,-2499000000.0,,,1124000000.0,-17000000.0,-25000000.0,1107000000,-144000000.0,963000000,-378000000.0,587000000,,570000000,570000000,509000000.0,1868000000.0,4753000000.0,8192000000.0,4174000000.0,395000000.0,3065000000.0,7634000000.0,15826000000,7119000000.0,837000000.0,8435000000.0,1126000000.0,2235000000.0,10670000000,246000000.0,,4714000000.0,5156000000.0,15826000000,587000000.0,210000000.0,224000000.0,936000000.0,613000000.0,3468000000.0,-3146000000.0,1000000.0,1957000000.0,-376000000.0,5000000.0,-3000000.0,-458000000.0,-58000000.0,-1338000000.0,5000000.0,-1550000000.0,-71000000,2010-01-29,36.63999938964844,37.13000106811523,36.5099983215332,36.650001525878906,26.50701713562012,9076900.0
2010-04-30,10095000000.0,-7538000000.0,2557000000.0,-2209000000.0,-2209000000.0,,,348000000.0,-14000000.0,-23000000.0,334000000,-52000000.0,282000000,-126000000.0,156000000,,153000000,153000000,543000000.0,1427000000.0,5486000000.0,8410000000.0,4184000000.0,421000000.0,3199000000.0,7804000000.0,16214000000,6857000000.0,1071000000.0,8356000000.0,1121000000.0,2357000000.0,10713000000,336000000.0,,4808000000.0,5501000000.0,16214000000,156000000.0,196000000.0,123000000.0,-528000000.0,421000000.0,-668000000.0,-33000000.0,-248000000.0,-53000000.0,-186000000.0,19000000.0,,-171000000.0,-58000000.0,248000000.0,71000000.0,261000000.0,37000000,2010-04-30,47.65999984741211,48.0,45.5,45.52000045776367,33.024425506591804,7580000.0
2010-07-31,11022000000.0,-8338000000.0,2684000000.0,-2404000000.0,-2404000000.0,,,280000000.0,-4000000.0,-22000000.0,276000000,,276000000,-119000000.0,157000000,,158000000,158000000,761000000.0,1770000000.0,5738000000.0,9304000000.0,4162000000.0,334000000.0,3391000000.0,7887000000.0,17191000000,7428000000.0,1136000000.0,8964000000.0,1111000000.0,2328000000.0,11292000000,371000000.0,,4908000000.0,5899000000.0,17191000000,157000000.0,211000000.0,27000000.0,-104000000.0,-256000000.0,-215000000.0,349000000.0,18000000.0,291000000.0,-124000000.0,11000000.0,,-67000000.0,-59000000.0,39000000.0,6000000.0,-43000000.0,133000000,2010-07-30,34.25,34.81999969482422,34.0,34.65999984741211,25.24997520446777,7350700.0
2010-10-31,12024000000.0,-9082000000.0,2942000000.0,-2566000000.0,-2566000000.0,,,376000000.0,-12000000.0,-23000000.0,364000000,,364000000,-93000000.0,271000000,,227000000,227000000,657000000.0,2630000000.0,8978000000.0,13267000000.0,4123000000.0,332000000.0,3378000000.0,7833000000.0,21100000000,11476000000.0,777000000.0,12678000000.0,1104000000.0,2298000000.0,14976000000,446000000.0,,5076000000.0,6124000000.0,21100000000,271000000.0,207000000.0,8000000.0,-45000000.0,-856000000.0,-3204000000.0,3620000000.0,395000000.0,441000000.0,-159000000.0,6000000.0,,-167000000.0,-58000000.0,-397000000.0,43000000.0,-426000000.0,-104000000,2010-10-29,42.84000015258789,43.060001373291016,42.65999984741211,42.97999954223633,31.42658996582031,3546000.0
2011-01-31,16102000000.0,-12243000000.0,3859000000.0,-2443000000.0,-2443000000.0,,,1416000000.0,-9000000.0,-24000000.0,1407000000,0.0,1407000000,-497000000.0,911000000,-101000000.0,779000000,779000000,1916000000.0,2020000000.0,5486000000.0,10566000000.0,4070000000.0,324000000.0,3342000000.0,7736000000.0,18302000000,7817000000.0,698000000.0,8978000000.0,1104000000.0,2360000000.0,11338000000,483000000.0,,5797000000.0,6964000000.0,18302000000,810000000.0,224000000.0,63000000.0,430000000.0,628000000.0,3478000000.0,-3795000000.0,119000000.0,1527000000.0,-146000000.0,4000000.0,-7000000.0,-135000000.0,-59000000.0,-100000000.0,18000000.0,-140000000.0,1262000000,2011-01-31,34.009998321533196,34.240001678466804,33.59999847412109,34.0,24.969696044921875,6027400.0
2011-04-30,10787000000.0,-7994000000.0,2793000000.0,-2480000000.0,-2480000000.0,,,313000000.0,-11000000.0,-23000000.0,302000000,,302000000,-121000000.0,181000000,,155000000,155000000,1444000000.0,1579000000.0,6335000000.0,10388000000.0,3982000000.0,323000000.0,3263000000.0,7568000000.0,17956000000,7948000000.0,231000000.0,8603000000.0,1093000000.0,2346000000.0,10949000000,516000000.0,,5892000000.0,7007000000.0,17956000000,181000000.0,221000000.0,48000000.0,-281000000.0,388000000.0,-873000000.0,620000000.0,-416000000.0,169000000.0,-161000000.0,-115000000.0,,-254000000.0,-59000000.0,-444000000.0,-1000000.0,-494000000.0,-587000000,2011-04-29,30.899999618530273,31.32999992370605,30.649999618530273,31.21999931335449,23.04133224487305,6626800.0
2011-07-31,11339000000.0,-8421000000.0,2918000000.0,-2507000000.0,-2507000000.0,,,411000000.0,-8000000.0,-21000000.0,403000000,0.0,403000000,-146000000.0,257000000,,254000000,254000000,845000000.0,1720000000.0,6346000000.0,9959000000.0,3915000000.0,293000000.0,3195000000.0,7403000000.0,17362000000,7656000000.0,415000000.0,8471000000.0,1088000000.0,2269000000.0,10740000000,40000000.0,,6000000000.0,6622000000.0,17362000000,257000000.0,217000000.0,98000000.0,-657000000.0,-191000000.0,-36000000.0,-259000000.0,-171000000.0,-85000000.0,-181000000.0,253000000.0,21000000.0,94000000.0,-59000000.0,192000000.0,-553000000.0,-411000000.0,-396000000,2011-07-29,27.70000076293945,27.940000534057614,27.25,27.60000038146973,20.466594696044922,7637200.0
2011-10-31,11890000000.0,-8907000000.0,2983000000.0,-2598000000.0,-2598000000.0,,,385000000.0,-12000000.0,-20000000.0,373000000,0.0,373000000,-133000000.0,240000000,,217000000,217000000,927000000.0,2793000000.0,10064000000.0,14829000000.0,3994000000.0,343000000.0,3186000000.0,7523000000.0,22352000000,12273000000.0,723000000.0,13420000000.0,1101000000.0,2267000000.0,15687000000,39000000.0,,5824000000.0,6665000000.0,22352000000,240000000.0,230000000.0,1000000.0,-10000000.0,-1002000000.0,-3652000000.0,4131000000.0,513000000.0,461000000.0,-187000000.0,0.0,0.0,-201000000.0,-60000000.0,293000000.0,-403000000.0,-188000000.0,82000000,2011-10-31,26.649999618530273,26.959999084472656,26.10000038146973,26.229999542236328,19.579172134399414,6598600.0
2012-01-31,15731000000.0,-11884000000.0,3847000000.0,-2444000000.0,-2444000000.0,,,1403000000.0,-12000000.0,-22000000.0,1391000000,-138000000.0,1253000000,-379000000.0,876000000,-188000000.0,651000000,651000000,1125000000.0,2348000000.0,5897000000.0,10473000000.0,3823000000.0,328000000.0,3225000000.0,7376000000.0,17849000000,7191000000.0,998000000.0,8663000000.0,711000000.0,1894000000.0,10557000000,57000000.0,,6372000000.0,7292000000.0,17849000000,688000000.0,228000000.0,144000000.0,-415000000.0,434000000.0,4161000000.0,-4935000000.0,-75000000.0,645000000.0,-215000000.0,10000000.0,0.0,-208000000.0,-59000000.0,-140000000.0,-57000000.0,-264000000.0,178000000,2012-01-31,24.54999923706055,24.60000038146973,23.68000030517578,23.95000076293945,18.002521514892578,9743500.0
2012-04-30,11369000000.0,-8448000000.0,2921000000.0,-2457000000.0,-2457000000.0,,,464000000.0,-11000000.0,-28000000.0,453000000,-4000000.0,449000000,-155000000.0,293000000,-54000000.0,212000000,212000000,2813000000.0,1713000000.0,6508000000.0,12169000000.0,3797000000.0,316000000.0,3290000000.0,7403000000.0,19572000000,8533000000.0,481000000.0,9467000000.0,1704000000.0,2883000000.0,12350000000,38000000.0,,6175000000.0,7222000000.0,19572000000,239000000.0,222000000.0,-45000000.0,927000000.0,616000000.0,926000000.0,-561000000.0,-54000000.0,1343000000.0,-172000000.0,23000000.0,0.0,-143000000.0,,461000000.0,-212000000.0,237000000.0,1455000000,2012-04-30,22.32999992370605,22.420000076293945,21.93000030517578,22.06999969482422,16.71175765991211,3474900.0
2012-07-31,10856000000.0,-8094000000.0,2762000000.0,-2502000000.0,-2502000000.0,,,260000000.0,-25000000.0,-33000000.0,235000000,0.0,235000000,-87000000.0,148000000,-37000000.0,128000000,128000000,2159000000.0,1868000000.0,6784000000.0,11891000000.0,3781000000.0,316000000.0,3308000000.0,7405000000.0,19296000000,8278000000.0,836000000.0,9540000000.0,1701000000.0,2869000000.0,12409000000,37000000.0,,5846000000.0,6887000000.0,19296000000,111000000.0,226000000.0,125000000.0,-636000000.0,-140000000.0,-267000000.0,60000000.0,-289000000.0,-174000000.0,-205000000.0,-57000000.0,0.0,-299000000.0,-115000000.0,348000000.0,-474000000.0,-241000000.0,-714000000,2012-07-31,17.920000076293945,18.31999969482422,17.84000015258789,18.09000015258789,13.810202598571776,7382400.0
2012-10-31,11145000000.0,-8292000000.0,2853000000.0,-2472000000.0,-2472000000.0,,,381000000.0,-37000000.0,-37000000.0,344000000,0.0,344000000,-122000000.0,220000000,-46000000.0,156000000,156000000,2093000000.0,1968000000.0,7780000000.0,12939000000.0,3697000000.0,279000000.0,3212000000.0,7188000000.0,20127000000,9693000000.0,605000000.0,10711000000.0,1692000000.0,2853000000.0,13564000000,36000000.0,,5676000000.0,6563000000.0,20127000000,174000000.0,221000000.0,70000000.0,266000000.0,-154000000.0,-1052000000.0,1439000000.0,33000000.0,731000000.0,-203000000.0,76000000.0,,-113000000.0,-57000000.0,-228000000.0,-303000000.0,-607000000.0,-6000000,2012-10-31,14.9399995803833,15.329999923706055,14.880000114440918,15.210000038146973,11.720800399780273,5129400.0
2013-01-31,7941000000.0,-6569000000.0,1372000000.0,-555000000.0,-555000000.0,,,817000000.0,-5000000.0,-3000000.0,812000000,35000000.0,847000000,-294000000.0,556000000,-1257000000.0,-1921000000,-1921000000,1199000000.0,2288000000.0,5731000000.0,10297000000.0,3471000000.0,140000000.0,2097000000.0,5708000000.0,16005000000,7876000000.0,523000000.0,8855000000.0,1685000000.0,2784000000.0,11639000000,34000000.0,,3621000000.0,4366000000.0,16005000000,-701000000.0,142000000.0,1564000000.0,192000000.0,-664000000.0,-674000000.0,1157000000.0,373000000.0,1197000000.0,-129000000.0,137000000.0,-173000000.0,-92000000.0,-56000000.0,138000000.0,-313000000.0,-1530000000.0,-432000000,2013-01-31,15.75,16.329999923706055,15.619999885559082,16.260000228881836,12.704671859741213,6401400.0
2013-04-30,10373000000.0,-7789000000.0,2584000000.0,-2193000000.0,-2193000000.0,,,391000000.0,-25000000.0,-28000000.0,366000000,-127000000.0,239000000,-70000000.0,169000000,-17000000.0,158000000,158000000,1386000000.0,1846000000.0,6065000000.0,10316000000.0,3407000000.0,128000000.0,2160000000.0,5695000000.0,16011000000,8236000000.0,349000000.0,9001000000.0,1678000000.0,2703000000.0,11704000000,54000000.0,,3520000000.0,4307000000.0,16011000000,152000000.0,227000000.0,98000000.0,-98000000.0,623000000.0,765000000.0,-1153000000.0,-333000000.0,379000000.0,-141000000.0,12000000.0,15000000.0,-94000000.0,0.0,-195000000.0,-119000000.0,-305000000.0,-15000000,2013-04-30,25.709999084472656,26.920000076293945,25.649999618530273,25.989999771118164,20.46437263488769,23284900.0
2013-07-31,9339000000.0,-7078000000.0,2261000000.0,-2082000000.0,-2082000000.0,,,179000000.0,-24000000.0,-26000000.0,155000000,-91000000.0,64000000,-33000000.0,31000000,-38000000.0,12000000,12000000,680000000.0,2135000000.0,6299000000.0,10184000000.0,3407000000.0,91000000.0,2167000000.0,5665000000.0,15849000000,8002000000.0,1061000000.0,9448000000.0,1165000000.0,2290000000.0,11738000000,34000000.0,,3395000000.0,4111000000.0,15849000000,-7000000.0,218000000.0,142000000.0,-954000000.0,-323000000.0,-253000000.0,319000000.0,-697000000.0,-601000000.0,-175000000.0,41000000.0,-20000000.0,-101000000.0,-109000000.0,218000000.0,-121000000.0,-29000000.0,-706000000,2013-07-31,29.31999969482422,30.36000061035156,29.26000022888184,30.09000015258789,23.839094161987305,3978100.0
2013-10-31,9381000000.0,-7153000000.0,2228000000.0,-2192000000.0,-2192000000.0,,,36000000.0,-17000000.0,-27000000.0,19000000,-34000000.0,-15000000,6000000.0,-9000000,10000000.0,-10000000,-10000000,309000000.0,2250000000.0,8156000000.0,11846000000.0,3407000000.0,91000000.0,2212000000.0,5710000000.0,17556000000,9902000000.0,854000000.0,11148000000.0,1158000000.0,2280000000.0,13428000000,74000000.0,,3328000000.0,4128000000.0,17556000000,1000000.0,212000000.0,59000000.0,-171000000.0,-84000000.0,-1842000000.0,1801000000.0,-46000000.0,101000000.0,-206000000.0,2000000.0,1000000.0,-217000000.0,-57000000.0,-223000000.0,11000000.0,-273000000.0,-371000000,2013-10-31,42.459999084472656,43.27999877929688,41.810001373291016,42.79999923706055,34.063175201416016,3416300.0
2014-01-31,9159000000.0,-7209000000.0,1950000000.0,-1438000000.0,-1438000000.0,,,512000000.0,-20000000.0,-18000000.0,492000000,-776000000.0,-284000000,-166000000.0,-450000000,-116000000.0,-601000000,-601000000,1826000000.0,2704000000.0,6571000000.0,12047000000.0,3270000000.0,,1470000000.0,4740000000.0,16787000000,8788000000.0,1143000000.0,10810000000.0,1153000000.0,2262000000.0,13072000000,88000000.0,,2861000000.0,3715000000.0,16787000000,-566000000.0,137000000.0,1139000000.0,865000000.0,-767000000.0,418000000.0,768000000.0,446000000.0,1575000000.0,-183000000.0,1000000.0,-2000000.0,-126000000.0,-58000000.0,327000000.0,132000000.0,396000000.0,1793000000,2014-01-31,22.350000381469727,23.940000534057614,22.149999618530273,23.540000915527344,18.811620712280273,13508100.0
2014-04-30,9347000000.0,-7189000000.0,2158000000.0,-1984000000.0,-1984000000.0,,,174000000.0,-22000000.0,-27000000.0,152000000,-6000000.0,146000000,-49000000.0,97000000,-170000000.0,-81000000,-81000000,908000000.0,937000000.0,5461000000.0,10006000000.0,2830000000.0,,1495000000.0,4325000000.0,14331000000,5864000000.0,544000000.0,8561000000.0,1142000000.0,2222000000.0,10783000000,111000000.0,,2723000000.0,3548000000.0,14331000000,-73000000.0,200000000.0,235000000.0,-367000000.0,473000000.0,702000000.0,-1118000000.0,-424000000.0,-5000000.0,-174000000.0,11000000.0,26000000.0,-116000000.0,-58000000.0,-592000000.0,9000000.0,-641000000.0,-755000000,2014-04-30,25.75,26.059999465942386,25.479999542236328,25.93000030517578,20.85787582397461,4610300.0
2014-07-31,9266000000.0,-6808000000.0,2458000000.0,-2038000000.0,-2038000000.0,,,420000000.0,-21000000.0,-26000000.0,399000000,7000000.0,406000000,-169000000.0,237000000,11000000.0,266000000,266000000,1910000000.0,1188000000.0,5437000000.0,9414000000.0,2744000000.0,,1126000000.0,3870000000.0,13284000000,6217000000.0,44000000.0,7028000000.0,1634000000.0,2651000000.0,9679000000,143000000.0,,2930000000.0,3605000000.0,13284000000,248000000.0,175000000.0,70000000.0,-469000000.0,-328000000.0,-133000000.0,4000000.0,-12000000.0,24000000.0,-127000000.0,22000000.0,41000000.0,-87000000.0,-58000000.0,985000000.0,13000000.0,933000000.0,839000000,2014-07-31,30.459999084472656,30.46999931335449,29.239999771118164,29.729999542236328,24.055727005004886,6448800.0
2014-10-31,9327000000.0,-7170000000.0,2157000000.0,-2036000000.0,-2036000000.0,,,121000000.0,-16000000.0,-24000000.0,105000000,-27000000.0,78000000,-34000000.0,44000000,10000000.0,54000000,54000000,2170000000.0,1123000000.0,6978000000.0,11234000000.0,2726000000.0,,1108000000.0,3834000000.0,15068000000,7834000000.0,45000000.0,8665000000.0,1624000000.0,2659000000.0,11324000000,288000000.0,,2926000000.0,3744000000.0,15068000000,54000000.0,162000000.0,48000000.0,41000000.0,63000000.0,-1543000000.0,1579000000.0,-58000000.0,305000000.0,-121000000.0,11000000.0,0.0,-112000000.0,-58000000.0,-6000000.0,125000000.0,67000000.0,260000000,2014-10-31,34.299999237060554,34.68000030517578,33.939998626708984,34.139999389648445,27.78830146789551,6809900.0
2015-01-31,12399000000.0,-10125000000.0,2274000000.0,-1534000000.0,-1534000000.0,,,740000000.0,-17000000.0,-13000000.0,723000000,34000000.0,757000000,111000000.0,868000000,138000000.0,994000000,994000000,2901000000.0,1308000000.0,5376000000.0,10485000000.0,2598000000.0,,930000000.0,3528000000.0,14013000000,6586000000.0,45000000.0,7436000000.0,1612000000.0,2588000000.0,10024000000,335000000.0,,3159000000.0,3989000000.0,14013000000,1006000000.0,119000000.0,-533000000.0,1019000000.0,-227000000.0,833000000.0,-31000000.0,444000000.0,1611000000.0,-139000000.0,-1268000000.0,-28000000.0,-1397000000.0,-77000000.0,-411000000.0,-97000000.0,-582000000.0,-396000000,2015-01-30,35.970001220703125,36.34000015258789,35.02000045776367,35.20000076293945,28.8006534576416,7277300.0
2015-04-30,8639000000.0,-6672000000.0,1967000000.0,-1755000000.0,-1755000000.0,,,212000000.0,-19000000.0,-23000000.0,193000000,-2000000.0,191000000,278000000.0,469000000,-8000000.0,461000000,461000000,3066000000.0,871000000.0,5255000000.0,10118000000.0,2525000000.0,,1268000000.0,3793000000.0,13911000000,6080000000.0,44000000.0,6880000000.0,1604000000.0,2607000000.0,9487000000,365000000.0,,3562000000.0,4424000000.0,13911000000,461000000.0,161000000.0,-372000000.0,58000000.0,436000000.0,121000000.0,-144000000.0,-355000000.0,308000000.0,-111000000.0,-272000000.0,0.0,-362000000.0,-59000000.0,-6000000.0,9000000.0,-53000000.0,-109000000,2015-04-30,34.669998168945305,35.169998168945305,34.490001678466804,34.650001525878906,28.86408805847168,3504700.0
2015-07-31,8459000000.0,-6481000000.0,1978000000.0,-1748000000.0,-1748000000.0,,,230000000.0,-17000000.0,-23000000.0,213000000,-3000000.0,210000000,-73000000.0,137000000,10000000.0,146000000,146000000,3080000000.0,1005000000.0,5583000000.0,10611000000.0,2532000000.0,,1206000000.0,3738000000.0,14349000000,6395000000.0,43000000.0,7251000000.0,1592000000.0,2568000000.0,9819000000,383000000.0,,3649000000.0,4530000000.0,14349000000,147000000.0,158000000.0,33000000.0,-159000000.0,-135000000.0,-326000000.0,264000000.0,38000000.0,179000000.0,-147000000.0,-443000000.0,37000000.0,-545000000.0,-59000000.0,-6000000.0,8000000.0,-61000000.0,-428000000,2015-07-31,32.259998321533196,32.450000762939446,32.110000610351555,32.290000915527344,27.079797744750977,3505400.0
2015-10-31,9032000000.0,-6956000000.0,2076000000.0,-1866000000.0,-1866000000.0,,,210000000.0,-22000000.0,-22000000.0,188000000,0.0,188000000,-72000000.0,116000000,-9000000.0,107000000,107000000,3138000000.0,1066000000.0,6900000000.0,12063000000.0,2524000000.0,,1175000000.0,3699000000.0,15762000000,7752000000.0,44000000.0,8626000000.0,1591000000.0,2563000000.0,11189000000,412000000.0,,3689000000.0,4573000000.0,15762000000,107000000.0,165000000.0,41000000.0,-26000000.0,-64000000.0,-1336000000.0,1406000000.0,-32000000.0,287000000.0,-167000000.0,-268000000.0,1000000.0,-435000000.0,-67000000.0,-7000000.0,10000000.0,-61000000.0,-212000000,2015-10-30,34.59999847412109,35.20000076293945,34.299999237060554,35.029998779296875,29.559852600097656,4199900.0
2016-01-31,13398000000.0,-10228000000.0,3170000000.0,-2249000000.0,-2249000000.0,,,921000000.0,-9000000.0,-12000000.0,912000000,-191000000.0,721000000,-636000000.0,85000000,97000000.0,183000000,183000000,3281000000.0,1162000000.0,5051000000.0,9886000000.0,2346000000.0,,1287000000.0,3633000000.0,13519000000,5764000000.0,395000000.0,6925000000.0,1339000000.0,2216000000.0,9141000000,32000000.0,-55000000.0,4130000000.0,4378000000.0,13519000000,182000000.0,173000000.0,612000000.0,-398000000.0,-114000000.0,1627000000.0,-2062000000.0,151000000.0,569000000.0,-224000000.0,1129000000.0,-89000000.0,816000000.0,-314000000.0,-9000000.0,-1035000000.0,-1361000000.0,-8000000,2016-01-29,27.20000076293945,28.13999938964844,27.170000076293945,27.93000030517578,23.745256423950195,5835100.0
2016-04-30,8443000000.0,-6298000000.0,2145000000.0,-1744000000.0,-1744000000.0,,,401000000.0,-14000000.0,-20000000.0,387000000,-27000000.0,360000000,-134000000.0,226000000,3000000.0,229000000,229000000,3065000000.0,1097000000.0,4719000000.0,9282000000.0,2332000000.0,,1287000000.0,3619000000.0,12901000000,5562000000.0,44000000.0,6334000000.0,1334000000.0,2141000000.0,8475000000,32000000.0,,4078000000.0,4426000000.0,12901000000,229000000.0,162000000.0,65000000.0,36000000.0,73000000.0,365000000.0,-73000000.0,-329000000.0,492000000.0,-136000000.0,92000000.0,,-40000000.0,-238000000.0,-362000000.0,-31000000.0,-621000000.0,-129000000,2016-04-29,32.59000015258789,32.709999084472656,31.8700008392334,32.080001831054695,27.881948471069336,2898300.0
2016-07-31,8533000000.0,-6471000000.0,2062000000.0,-1773000000.0,-1773000000.0,,,289000000.0,-10000000.0,-18000000.0,279000000,0.0,279000000,-97000000.0,182000000,16000000.0,198000000,198000000,3451000000.0,926000000.0,4908000000.0,9694000000.0,2295000000.0,,1265000000.0,3560000000.0,13254000000,6008000000.0,43000000.0,6800000000.0,1341000000.0,2135000000.0,8935000000,32000000.0,,3991000000.0,4319000000.0,13254000000,198000000.0,165000000.0,-8000000.0,450000000.0,166000000.0,-204000000.0,428000000.0,60000000.0,805000000.0,-84000000.0,-368000000.0,,-451000000.0,-90000000.0,-12000000.0,-217000000.0,-321000000.0,18000000,2016-07-29,33.240001678466804,33.630001068115234,33.029998779296875,33.59999847412109,29.47724533081055,3931300.0
2016-10-31,8945000000.0,-6742000000.0,2203000000.0,-1890000000.0,-1890000000.0,,,313000000.0,-8000000.0,-16000000.0,305000000,-1000000.0,304000000,-112000000.0,192000000,2000000.0,194000000,194000000,3118000000.0,1174000000.0,6331000000.0,11021000000.0,2298000000.0,,1223000000.0,3521000000.0,14542000000,7366000000.0,43000000.0,8166000000.0,1324000000.0,2115000000.0,10281000000,31000000.0,,3953000000.0,4261000000.0,14542000000,194000000.0,164000000.0,61000000.0,-309000000.0,-160000000.0,-1530000000.0,1446000000.0,-65000000.0,110000000.0,-169000000.0,-188000000.0,,-357000000.0,-89000000.0,-10000000.0,-158000000.0,-257000000.0,-516000000,2016-10-31,38.77999877929688,39.209999084472656,38.66999816894531,38.90999984741211,34.38962936401367,2903400.0
2017-01-31,13482000000.0,-10452000000.0,3030000000.0,-2140000000.0,-2140000000.0,,,890000000.0,-9000000.0,-18000000.0,881000000,-8000000.0,873000000,-266000000.0,607000000,0.0,607000000,607000000,3921000000.0,1347000000.0,4864000000.0,10516000000.0,2293000000.0,,1047000000.0,3340000000.0,13856000000,6233000000.0,44000000.0,7122000000.0,1321000000.0,2025000000.0,9147000000,31000000.0,,4399000000.0,4709000000.0,13856000000,607000000.0,163000000.0,213000000.0,167000000.0,-272000000.0,1568000000.0,-1283000000.0,154000000.0,1150000000.0,-135000000.0,108000000.0,0.0,-29000000.0,-88000000.0,-10000000.0,-121000000.0,-219000000.0,899000000,2017-01-31,43.77999877929688,44.650001525878906,43.36000061035156,44.52000045776367,39.58462142944336,4565100.0
2017-04-30,8528000000.0,-6506000000.0,2022000000.0,-1722000000.0,-1722000000.0,,,300000000.0,-8000000.0,-19000000.0,292000000,0.0,292000000,-104000000.0,188000000,,188000000,188000000,3599000000.0,1011000000.0,4637000000.0,9656000000.0,2287000000.0,,1012000000.0,3299000000.0,12955000000,5665000000.0,45000000.0,6470000000.0,1302000000.0,1986000000.0,8456000000,31000000.0,,4202000000.0,4499000000.0,12955000000,188000000.0,161000000.0,42000000.0,-148000000.0,333000000.0,223000000.0,-382000000.0,-322000000.0,243000000.0,-153000000.0,-271000000.0,,-423000000.0,-105000000.0,-10000000.0,-298000000.0,-413000000.0,-599000000,2017-04-28,52.41999816894531,52.45000076293945,51.4900016784668,51.81000137329102,46.41146087646485,3001400.0
2017-07-31,8940000000.0,-6787000000.0,2153000000.0,-1830000000.0,-1830000000.0,,,323000000.0,-11000000.0,-18000000.0,312000000,-2000000.0,310000000,-101000000.0,209000000,,209000000,209000000,3490000000.0,965000000.0,5167000000.0,10078000000.0,2327000000.0,,1039000000.0,3366000000.0,13444000000,6251000000.0,44000000.0,7105000000.0,1310000000.0,1992000000.0,9097000000,30000000.0,,3996000000.0,4347000000.0,13444000000,209000000.0,168000000.0,34000000.0,38000000.0,68000000.0,-508000000.0,397000000.0,81000000.0,449000000.0,-143000000.0,-144000000.0,,-285000000.0,-103000000.0,-9000000.0,-348000000.0,-461000000.0,-273000000,2017-07-31,57.68000030517578,58.77999877929688,57.68000030517578,58.34000015258789,52.57397842407226,3036800.0
2017-10-31,9320000000.0,-7040000000.0,2280000000.0,-1932000000.0,-1932000000.0,,,348000000.0,-8000000.0,-20000000.0,340000000,2000000.0,342000000,-104000000.0,238000000,1000000.0,239000000,239000000,3340000000.0,971000000.0,6663000000.0,11405000000.0,2352000000.0,,1028000000.0,3380000000.0,14785000000,7806000000.0,545000000.0,9152000000.0,784000000.0,1481000000.0,10633000000,30000000.0,,3818000000.0,4152000000.0,14785000000,239000000.0,171000000.0,20000000.0,81000000.0,12000000.0,-1526000000.0,1515000000.0,80000000.0,511000000.0,-191000000.0,-114000000.0,,-308000000.0,-102000000.0,-12000000.0,-347000000.0,-461000000.0,-261000000,2017-10-31,55.5,56.38000106811523,55.4000015258789,55.97999954223633,50.7415885925293,2195600.0
2018-01-31,15363000000.0,-11942000000.0,3421000000.0,-2539000000.0,-2539000000.0,,,882000000.0,0.0,-18000000.0,882000000,-9000000.0,873000000,-509000000.0,364000000,0.0,364000000,364000000,3133000000.0,1049000000.0,5209000000.0,9829000000.0,2421000000.0,,799000000.0,3220000000.0,13049000000,6435000000.0,544000000.0,7817000000.0,811000000.0,1620000000.0,9437000000,28000000.0,,3270000000.0,3612000000.0,13049000000,364000000.0,183000000.0,192000000.0,199000000.0,-98000000.0,1476000000.0,-1726000000.0,547000000.0,938000000.0,-199000000.0,222000000.0,0.0,14000000.0,-99000000.0,-15000000.0,-848000000.0,-962000000.0,0,2018-01-31,75.36000061035156,75.43000030517578,72.47000122070312,73.05999755859375,66.58857727050781,5266800.0
2018-04-30,9109000000.0,-6984000000.0,2125000000.0,-1830000000.0,-1830000000.0,,,295000000.0,-8000000.0,-19000000.0,287000000,-30000000.0,257000000,-49000000.0,208000000,,208000000,208000000,2633000000.0,860000000.0,4964000000.0,8930000000.0,2385000000.0,,767000000.0,3152000000.0,12082000000,5849000000.0,550000000.0,7055000000.0,792000000.0,1607000000.0,8662000000,28000000.0,,3082000000.0,3420000000.0,12082000000,208000000.0,176000000.0,69000000.0,-249000000.0,189000000.0,243000000.0,-214000000.0,-467000000.0,204000000.0,-181000000.0,1245000000.0,,1073000000.0,-128000000.0,-11000000.0,-376000000.0,-516000000.0,749000000,2018-04-30,77.5,78.22000122070312,76.36000061035156,76.52999877929688,70.20223999023439,3078100.0
2018-07-31,9379000000.0,-7150000000.0,2229000000.0,-1877000000.0,-1877000000.0,,,352000000.0,-6000000.0,-19000000.0,346000000,-17000000.0,329000000,-85000000.0,244000000,,244000000,244000000,2330000000.0,915000000.0,5016000000.0,8771000000.0,2432000000.0,,790000000.0,3222000000.0,11993000000,6469000000.0,47000000.0,7229000000.0,801000000.0,1578000000.0,8807000000,27000000.0,,2863000000.0,3186000000.0,11993000000,244000000.0,182000000.0,46000000.0,432000000.0,-69000000.0,-56000000.0,699000000.0,-142000000.0,904000000.0,-194000000.0,320000000.0,,127000000.0,-125000000.0,-512000000.0,-369000000.0,-1008000000.0,19000000,2018-07-31,74.56999969482422,75.48999786376953,74.4000015258789,75.02999877929688,69.24710083007811,2195200.0
2018-10-31,9590000000.0,-7266000000.0,2324000000.0,-2002000000.0,-2002000000.0,,,322000000.0,-4000000.0,-15000000.0,318000000,12000000.0,330000000,-53000000.0,277000000,0.0,277000000,277000000,1304000000.0,921000000.0,8168000000.0,10901000000.0,2525000000.0,,1574000000.0,4099000000.0,15000000000,9157000000.0,46000000.0,9933000000.0,1280000000.0,2055000000.0,11988000000,27000000.0,,2685000000.0,3012000000.0,15000000000,277000000.0,192000000.0,29000000.0,-499000000.0,1000000.0,-3137000000.0,2600000000.0,37000000.0,-1000000.0,-244000000.0,405000000.0,-792000000.0,-626000000.0,-123000000.0,486000000.0,-362000000.0,-2000000.0,-629000000,2018-10-31,71.26000213623047,71.70999908447266,70.12999725341797,70.16000366210939,65.12631988525389,2509400.0
2019-01-31,14801000000.0,-11518000000.0,3283000000.0,-2306000000.0,-2306000000.0,,,977000000.0,-6000000.0,-20000000.0,971000000,1000000.0,972000000,-237000000.0,735000000,0.0,735000000,735000000,1980000000.0,1015000000.0,5409000000.0,8870000000.0,2510000000.0,,1521000000.0,4031000000.0,12901000000,6721000000.0,56000000.0,7513000000.0,1332000000.0,2082000000.0,9595000000,27000000.0,,2985000000.0,3306000000.0,12901000000,735000000.0,220000000.0,10000000.0,336000000.0,-93000000.0,2756000000.0,-2653000000.0,326000000.0,1301000000.0,-200000000.0,128000000.0,5000000.0,-66000000.0,-121000000.0,-11000000.0,-360000000.0,-492000000.0,745000000,2019-01-31,58.97999954223633,59.47000122070313,58.81999969482422,59.2400016784668,55.40130615234375,3653300.0
2019-04-30,9142000000.0,-6973000000.0,2169000000.0,-1835000000.0,-1835000000.0,,,334000000.0,-4000000.0,-18000000.0,330000000,,330000000,-65000000.0,265000000,,265000000,265000000,1561000000.0,833000000.0,5195000000.0,8014000000.0,2334000000.0,,4202000000.0,6536000000.0,14550000000,5844000000.0,14000000.0,7171000000.0,1193000000.0,4025000000.0,11196000000,27000000.0,,3038000000.0,3354000000.0,14550000000,265000000.0,200000000.0,50000000.0,-513000000.0,182000000.0,207000000.0,-519000000.0,-383000000.0,2000000.0,-193000000.0,,,-192000000.0,-134000000.0,-4000000.0,-87000000.0,-226000000.0,-417000000,2019-04-30,73.13999938964844,74.54000091552734,73.13999938964844,74.41000366210938,70.08721923828125,2552800.0
2019-07-31,9536000000.0,-7253000000.0,2283000000.0,-1922000000.0,-1922000000.0,,,361000000.0,-6000000.0,-16000000.0,355000000,-48000000.0,307000000,-69000000.0,238000000,,238000000,238000000,1609000000.0,966000000.0,5208000000.0,8192000000.0,2361000000.0,,4425000000.0,6786000000.0,14978000000,6187000000.0,14000000.0,7576000000.0,1247000000.0,4117000000.0,11693000000,26000000.0,,2965000000.0,3285000000.0,14978000000,238000000.0,201000000.0,91000000.0,93000000.0,-125000000.0,-8000000.0,306000000.0,-80000000.0,623000000.0,-192000000.0,-319000000.0,-125000000.0,-636000000.0,-133000000.0,-4000000.0,-214000000.0,-350000000.0,-363000000,2019-07-31,76.83000183105469,77.62000274658203,75.55999755859375,76.52999877929688,72.63837432861328,1848100.0
2019-10-31,9764000000.0,-7403000000.0,2361000000.0,-1973000000.0,-1973000000.0,,,388000000.0,-7000000.0,-16000000.0,381000000,8000000.0,389000000,-96000000.0,293000000,,293000000,293000000,1205000000.0,1056000000.0,7569000000.0,10175000000.0,2359000000.0,,4392000000.0,6751000000.0,16926000000,8352000000.0,14000000.0,9726000000.0,1239000000.0,4075000000.0,13801000000,26000000.0,,2809000000.0,3125000000.0,16926000000,293000000.0,206000000.0,45000000.0,-232000000.0,-93000000.0,-2358000000.0,2197000000.0,22000000.0,312000000.0,-201000000.0,322000000.0,-20000000.0,101000000.0,-131000000.0,-3000000.0,-350000000.0,-484000000.0,-72000000,2019-10-31,72.31999969482422,72.69999694824219,71.12000274658203,71.83000183105469,68.67929077148439,1949300.0
2020-01-31,15196000000.0,-11961000000.0,3235000000.0,-2268000000.0,-2268000000.0,,,967000000.0,0.0,-14000000.0,967000000,0.0,967000000,-222000000.0,745000000,,745000000,745000000,2229000000.0,1149000000.0,5174000000.0,8857000000.0,2328000000.0,,4406000000.0,6734000000.0,15591000000,6604000000.0,14000000.0,8060000000.0,1257000000.0,4052000000.0,12112000000,26000000.0,,3158000000.0,3479000000.0,15591000000,745000000.0,205000000.0,89000000.0,589000000.0,-95000000.0,2396000000.0,-1937000000.0,225000000.0,1628000000.0,-157000000.0,-11000000.0,0.0,-168000000.0,-129000000.0,-4000000.0,-304000000.0,-438000000.0,1023000000,2020-01-31,86.69000244140625,86.95999908447266,84.52999877929688,84.69000244140625,81.45553588867188,2841700.0
2020-04-30,8562000000.0,-6597000000.0,1965000000.0,-1735000000.0,-1735000000.0,,,230000000.0,-11000000.0,-17000000.0,219000000,-1000000.0,218000000,-59000000.0,159000000,,159000000,159000000,3919000000.0,749000000.0,3993000000.0,8996000000.0,2291000000.0,,4318000000.0,6609000000.0,15605000000,5410000000.0,1923000000.0,8804000000.0,621000000.0,3391000000.0,12195000000,41000000.0,,3126000000.0,3410000000.0,15605000000,159000000.0,207000000.0,36000000.0,425000000.0,383000000.0,1136000000.0,-816000000.0,-278000000.0,827000000.0,-178000000.0,-5000000.0,,-179000000.0,-141000000.0,1250000000.0,-62000000.0,1049000000.0,1679000000,2020-04-30,78.94000244140625,78.98999786376953,75.80000305175781,76.7300033569336,74.4786376953125,3898300.0
2020-07-31,9910000000.0,-7640000000.0,2270000000.0,-1702000000.0,-1702000000.0,,,568000000.0,-7000000.0,-15000000.0,561000000,,561000000,-129000000.0,432000000,,432000000,432000000,5305000000.0,906000000.0,4136000000.0,10683000000.0,2277000000.0,,4452000000.0,6729000000.0,17412000000,7759000000.0,681000000.0,10080000000.0,632000000.0,3554000000.0,13634000000,109000000.0,,3413000000.0,3778000000.0,17412000000,432000000.0,207000000.0,52000000.0,2270000000.0,-151000000.0,-122000000.0,2159000000.0,384000000.0,2961000000.0,-162000000.0,-41000000.0,,-204000000.0,-143000000.0,-1257000000.0,22000000.0,-1381000000.0,1388000000,2020-07-31,100.25,100.47000122070312,98.29000091552734,99.58999633789062,97.3237075805664,1888000.0
