Report Date,Revenue,Cost of Revenue,Gross Profit,Operating Expenses,"Selling, General & Administrative",Research & Development,Depreciation & Amortization,Operating Income (Loss),Non-Operating Income (Loss),"Interest Expense, Net","Pretax Income (Loss), Adj.",Abnormal Gains (Losses),Pretax Income (Loss),"Income Tax (Expense) Benefit, Net",Income (Loss) from Continuing Operations,Net Extraordinary Gains (Losses),Net Income,Net Income (Common),"Cash, Cash Equivalents & Short Term Investments",Accounts & Notes Receivable,Inventories,Total Current Assets,"Property, Plant & Equipment, Net",Long Term Investments & Receivables,Other Long Term Assets,Total Noncurrent Assets,Total Assets,Payables & Accruals,Short Term Debt,Total Current Liabilities,Long Term Debt,Total Noncurrent Liabilities,Total Liabilities,Share Capital & Additional Paid-In Capital,Treasury Stock,Retained Earnings,Total Equity,Total Liabilities & Equity,Net Income/Starting Line,Depreciation & Amortization,Non-Cash Items,Change in Working Capital,Change in Accounts Receivable,Change in Inventories,Change in Accounts Payable,Change in Other,Net Cash from Operating Activities,Change in Fixed Assets & Intangibles,Net Change in Long Term Investment,Net Cash from Acquisitions & Divestitures,Net Cash from Investing Activities,Dividends Paid,Cash from (Repayment of) Debt,Cash from (Repurchase of) Equity,Net Cash from Financing Activities,Net Change in Cash,Price Date,Open,High,Low,Close,Adj Close,Volume
2015-06-30,2031900000.0,-1602900000.0,429000000.0,-186500000.0,-167400000.0,,,242500000.0,-4900000.0,-16000000.0,237600000,,237600000,-80200000.0,157400000,,148100000,148100000,1107900000.0,1573000000.0,525700000.0,3401400000.0,2160500000.0,437500000.0,1766900000.0,4364900000.0,7766300000,1563500000.0,72100000.0,1635600000.0,1731700000.0,2379200000.0,4014800000,1102400000.0,-861600000.0,3985400000.0,3751500000.0,7766300000,157400000.0,72200000.0,32400000.0,24600000.0,27300000.0,-10500000.0,-3700000.0,11500000.0,286600000.0,-143300000.0,,0.0,-143300000.0,-29300000.0,-36000000.0,-15600000.0,-94700000.0,72400000,2015-06-30,57.97000122070313,57.97000122070313,56.66999816894531,56.84000015258789,51.73609924316406,2368800.0
2015-09-30,1884000000.0,-1485800000.0,398200000.0,-161100000.0,-148000000.0,,,237100000.0,-4300000.0,-13000000.0,232800000,,232800000,-66900000.0,165900000,,157400000,157400000,1033300000.0,1551500000.0,523100000.0,3301000000.0,2185200000.0,438500000.0,1762400000.0,4386100000.0,7687100000,1465200000.0,74600000.0,1539800000.0,1734500000.0,2359400000.0,3899200000,1111300000.0,-931200000.0,4113600000.0,3787900000.0,7687100000,165900000.0,74000000.0,29400000.0,-118400000.0,5300000.0,-3600000.0,-82100000.0,-38000000.0,150900000.0,-132900000.0,,0.0,-132900000.0,-29200000.0,12700000.0,-65900000.0,-82600000.0,-74600000,2015-09-30,41.20000076293945,42.15999984741211,41.0,41.59000015258789,37.96707534790039,3039800.0
2015-12-31,2123100000.0,-1676200000.0,446900000.0,-246400000.0,-178400000.0,,,200500000.0,-3900000.0,-15600000.0,196600000,,196600000,-61200000.0,135400000,,125300000,125300000,577700000.0,1665000000.0,723600000.0,3135200000.0,2448100000.0,460900000.0,2781500000.0,5690500000.0,8825700000,1915800000.0,441400000.0,2357200000.0,2108900000.0,2837000000.0,5194200000,1112200000.0,-1158400000.0,4210100000.0,3631500000.0,8825700000,135400000.0,96900000.0,12200000.0,153200000.0,87700000.0,-8200000.0,76400000.0,-2700000.0,397700000.0,-157200000.0,,-1187000000.0,-1331100000.0,-28800000.0,748600000.0,-234600000.0,497100000.0,-455600000,2015-12-31,43.70000076293945,44.099998474121094,43.22000122070313,43.22999954223633,39.58391189575195,1046900.0
2016-03-31,2268600000.0,-1804300000.0,464300000.0,-200100000.0,-188400000.0,,,264200000.0,-10600000.0,-19700000.0,253600000,,253600000,-80400000.0,173200000,,164100000,164100000,392300000.0,1861200000.0,756300000.0,3182400000.0,2498900000.0,487700000.0,2771700000.0,5758300000.0,8940700000,1843900000.0,466500000.0,2310400000.0,2131900000.0,2869200000.0,5179600000,1087800000.0,-1199800000.0,4346000000.0,3761100000.0,8940700000,173200000.0,94400000.0,17900000.0,-251100000.0,-155800000.0,-17900000.0,-43600000.0,-33800000.0,34400000.0,-103200000.0,,0.0,-103200000.0,-28200000.0,11000000.0,-79500000.0,-124800000.0,-185400000,2016-03-31,37.810001373291016,38.56999969482422,37.72999954223633,38.400001525878906,35.302059173583984,2217900.0
2016-06-30,2329200000.0,-1832500000.0,496700000.0,-227300000.0,-202300000.0,,,269400000.0,-9800000.0,-19900000.0,259600000,,259600000,-84200000.0,175400000,,164400000,164400000,495000000.0,1806900000.0,744600000.0,3206900000.0,2502800000.0,508900000.0,2770000000.0,5781700000.0,8988600000,1884500000.0,515300000.0,2399800000.0,2119500000.0,2832700000.0,5232500000,1094000000.0,-1300900000.0,4482400000.0,3756100000.0,8988600000,175400000.0,99000000.0,11400000.0,42000000.0,32700000.0,3800000.0,-10700000.0,16200000.0,327800000.0,-125700000.0,,0.0,-125700000.0,-28000000.0,44900000.0,-104300000.0,-86100000.0,102700000,2016-06-30,29.35000038146973,29.53000068664551,28.6200008392334,29.520000457763672,27.244659423828125,2616600.0
2016-09-30,2214200000.0,-1743100000.0,471100000.0,-320800000.0,-209700000.0,,,150300000.0,-8400000.0,-20800000.0,141900000,,141900000,-48800000.0,93100000,,83300000,83300000,518700000.0,1764000000.0,687200000.0,3117400000.0,2518500000.0,512700000.0,2858700000.0,5889900000.0,9007300000,1824400000.0,525400000.0,2445100000.0,2089900000.0,2771500000.0,5216600000,1095200000.0,-1352400000.0,4538100000.0,3790700000.0,9007300000,93100000.0,97800000.0,94900000.0,-54900000.0,-53100000.0,-31400000.0,40300000.0,-10700000.0,230900000.0,-118900000.0,,5400000.0,-113500000.0,-27600000.0,-16300000.0,-66200000.0,-99200000.0,23700000,2016-09-30,34.59000015258789,35.34000015258789,34.459999084472656,35.18000030517578,32.59301376342773,2263800.0
2016-12-31,2259000000.0,-1758000000.0,501000000.0,-959000000.0,-217100000.0,,,-458000000.0,-6600000.0,-17900000.0,-464600000,,-464600000,183100000.0,-281500000,,-293300000,-293300000,443700000.0,1689300000.0,641200000.0,2911600000.0,2501800000.0,502200000.0,2919100000.0,5923100000.0,8834700000,1915900000.0,175900000.0,2091800000.0,2043600000.0,3441000000.0,5532800000,1106800000.0,-1381600000.0,4215200000.0,3301900000.0,8834700000,-281500000.0,100200000.0,476200000.0,147700000.0,38700000.0,9000000.0,148900000.0,-48900000.0,442600000.0,-142200000.0,,80400000.0,-61800000.0,-29600000.0,-357700000.0,-38000000.0,-423700000.0,-75000000,2016-12-30,39.72000122070313,39.7599983215332,39.08000183105469,39.43999862670898,36.68487930297852,1326300.0
2017-03-31,2407000000.0,-1890700000.0,516300000.0,-224800000.0,-219000000.0,,,291500000.0,-6800000.0,-16500000.0,284700000,1200000.0,285900000,-86300000.0,199600000,,189200000,189200000,358400000.0,1934300000.0,656900000.0,3107300000.0,2553100000.0,530000000.0,2893300000.0,5976400000.0,9083700000,1896100000.0,255100000.0,2151200000.0,2040300000.0,3452800000.0,5604000000,1080100000.0,-1377200000.0,4374700000.0,3479700000.0,9083700000,199600000.0,97300000.0,24200000.0,-260800000.0,-215400000.0,-5500000.0,-16300000.0,-23600000.0,60300000.0,-131200000.0,,,-131200000.0,-29700000.0,68000000.0,-31000000.0,-17300000.0,-85300000,2017-03-31,41.86000061035156,42.11000061035156,41.72000122070313,41.790000915527344,39.002197265625,1642000.0
2017-06-30,2389700000.0,-1876800000.0,512900000.0,-214800000.0,-215100000.0,,,298100000.0,-2200000.0,-16600000.0,295900000,1400000.0,297300000,-76200000.0,221100000,,212000000,212000000,387100000.0,1939300000.0,701400000.0,3193200000.0,2663800000.0,528600000.0,2902900000.0,6095300000.0,9288500000,1964300000.0,141800000.0,2106100000.0,2077900000.0,3490500000.0,5596600000,1091200000.0,-1430100000.0,4557300000.0,3691900000.0,9288500000,221100000.0,99800000.0,28500000.0,-10500000.0,41400000.0,-25700000.0,15600000.0,-41800000.0,338900000.0,-122000000.0,,,-122000000.0,-29400000.0,-112500000.0,-53700000.0,-199000000.0,28700000,2017-06-30,41.66999816894531,42.56999969482422,41.33000183105469,42.36000061035156,39.66966247558594,2625300.0
2017-09-30,2416200000.0,-1894600000.0,521600000.0,-247000000.0,-225000000.0,,,274600000.0,-1900000.0,-16300000.0,272700000,1300000.0,274000000,-79400000.0,194600000,,184900000,184900000,414300000.0,2046100000.0,773400000.0,3401100000.0,2753700000.0,559500000.0,3101900000.0,6415100000.0,9816200000,2078000000.0,303200000.0,2381200000.0,2091900000.0,3518700000.0,5899900000,1102600000.0,-1444000000.0,4712800000.0,3916300000.0,9816200000,194600000.0,104900000.0,2100000.0,-76900000.0,-58000000.0,-39600000.0,50500000.0,-29800000.0,224700000.0,-134900000.0,,-180600000.0,-315500000.0,-29400000.0,154900000.0,-15300000.0,108100000.0,27200000,2017-09-29,50.27000045776367,51.54999923706055,49.97000122070313,51.22999954223633,48.12818145751953,2883900.0
2017-12-31,2586400000.0,-2021600000.0,564800000.0,-357000000.0,-240000000.0,,,207800000.0,-2600000.0,-15300000.0,205200000,1200000.0,206400000,-338400000.0,-132000000,,-146200000,-146200000,545300000.0,2018900000.0,766300000.0,3475900000.0,2863800000.0,547400000.0,2900500000.0,6311700000.0,9787600000,2311100000.0,84600000.0,2425200000.0,2103700000.0,3536500000.0,5961700000,1121200000.0,-1445400000.0,4531000000.0,3825900000.0,9787600000,-132000000.0,105800000.0,379200000.0,203400000.0,64100000.0,-13700000.0,183000000.0,-30000000.0,556400000.0,-167400000.0,,-5100000.0,-181000000.0,-35600000.0,-215000000.0,0.0,-256900000.0,131000000,2017-12-29,52.31000137329102,52.41999816894531,51.08000183105469,51.09000015258789,48.14584732055664,803200.0
2018-03-31,2784300000.0,-2192500000.0,591800000.0,-258300000.0,-253400000.0,,,333500000.0,-4400000.0,-14600000.0,329100000,2600000.0,331700000,-94900000.0,236800000,,225100000,225100000,409700000.0,2247100000.0,800400000.0,3628200000.0,2923800000.0,581800000.0,2901000000.0,6406600000.0,10034800000,2204800000.0,194000000.0,2436600000.0,2131500000.0,3582400000.0,6019000000,1104800000.0,-1486200000.0,4722400000.0,4015800000.0,10034800000,236800000.0,109200000.0,18800000.0,-330100000.0,-187100000.0,-27500000.0,-109100000.0,-6400000.0,34700000.0,-160300000.0,,,-160300000.0,-35600000.0,119500000.0,-55200000.0,-4100000.0,-135600000,2018-03-29,49.099998474121094,50.63000106811523,49.040000915527344,50.22999954223633,47.49659729003906,1608500.0
2018-06-30,2694000000.0,-2114800000.0,579200000.0,-266400000.0,-236000000.0,,,312800000.0,-500000.0,-13500000.0,312300000,2400000.0,314700000,-30400000.0,284300000,,271800000,271800000,361900000.0,2131000000.0,800200000.0,3478200000.0,2825700000.0,610500000.0,2862800000.0,6299000000.0,9777200000,2134500000.0,70500000.0,2236300000.0,2102500000.0,3486900000.0,5723200000,1113200000.0,-1544100000.0,4958800000.0,4054000000.0,9777200000,284300000.0,109100000.0,-27500000.0,-95400000.0,28500000.0,-34100000.0,2900000.0,-92700000.0,270500000.0,-103300000.0,,,-103300000.0,-35500000.0,-113600000.0,-55300000.0,-214600000.0,-47800000,2018-06-29,43.93999862670898,44.18999862670898,43.15999984741211,43.15999984741211,40.952064514160156,1489100.0
2018-09-30,2478500000.0,-1962900000.0,515600000.0,-237600000.0,-230500000.0,,,278000000.0,2300000.0,-12900000.0,280300000,2400000.0,282700000,-66800000.0,215900000,,203800000,203800000,361800000.0,2061100000.0,810300000.0,3426100000.0,2827800000.0,610300000.0,2852200000.0,6290300000.0,9716400000,2019000000.0,50700000.0,2099600000.0,2085600000.0,3446600000.0,5546200000,1129600000.0,-1581300000.0,5127300000.0,4170200000.0,9716400000,215900000.0,107500000.0,22800000.0,-95100000.0,47800000.0,-18800000.0,-95200000.0,-28900000.0,251100000.0,-125200000.0,,0.0,-125200000.0,-35200000.0,-30400000.0,-39500000.0,-108900000.0,-100000,2018-09-28,42.47000122070313,42.959999084472656,41.95000076293945,42.77999877929688,40.74713134765625,1372900.0
2018-12-31,2573200000.0,-2029800000.0,543400000.0,-277700000.0,-226100000.0,,,265700000.0,-1400000.0,-12000000.0,264300000,2600000.0,266900000,-18900000.0,248000000,,230300000,230300000,739400000.0,1987400000.0,780800000.0,3757600000.0,2903800000.0,591700000.0,2842200000.0,6337700000.0,10095300000,2203200000.0,172600000.0,2398900000.0,1940700000.0,3351600000.0,5750500000,1148300000.0,-1584800000.0,5336100000.0,4344800000.0,10095300000,,,,,,,,,569700000.0,-121200000.0,-6000000.0,0.0,-125200000.0,-35700000.0,-16500000.0,0.0,-55400000.0,377500000,2018-12-31,34.580001831054695,34.93000030517578,33.990001678466804,34.740001678466804,33.232688903808594,1228200.0
2019-03-31,2566000000.0,-2047000000.0,519000000.0,-255000000.0,-226000000.0,,,264000000.0,-2000000.0,-11000000.0,262000000,0.0,262000000,-91000000.0,171000000,,160000000,160000000,494000000.0,2065000000.0,807000000.0,3719000000.0,2895000000.0,617000000.0,2873000000.0,6385000000.0,10104000000,2113000000.0,164000000.0,2299000000.0,1923000000.0,3420000000.0,5719000000,1114000000.0,-1626000000.0,5461000000.0,4385000000.0,10104000000,171000000.0,107000000.0,41000000.0,-279000000.0,-95000000.0,-31000000.0,-120000000.0,-33000000.0,40000000.0,-116000000.0,,13000000.0,-104000000.0,-35000000.0,-15000000.0,-67000000.0,-153000000.0,-222000000,2019-03-29,38.18999862670898,38.63999938964844,38.18999862670898,38.40999984741211,36.895057678222656,2053500.0
2019-06-30,2551000000.0,-2038000000.0,513000000.0,-228000000.0,-212000000.0,,,285000000.0,-3000000.0,-12000000.0,282000000,-27000000.0,255000000,-73000000.0,182000000,,172000000,172000000,710000000.0,2063000000.0,817000000.0,3849000000.0,2891000000.0,690000000.0,2801000000.0,6382000000.0,10231000000,2142000000.0,171000000.0,2313000000.0,1929000000.0,3416000000.0,5729000000,1119000000.0,-1653000000.0,5598000000.0,4502000000.0,10231000000,182000000.0,107000000.0,61000000.0,77000000.0,5000000.0,-9000000.0,72000000.0,9000000.0,427000000.0,-127000000.0,-48000000.0,1000000.0,-173000000.0,-35000000.0,6000000.0,-33000000.0,-65000000.0,193000000,2019-06-28,42.15999984741211,42.58000183105469,41.91999816894531,41.97999954223633,40.51150131225586,2950100.0
2019-09-30,2492000000.0,-1968000000.0,524000000.0,-248000000.0,-230000000.0,,,276000000.0,-4000000.0,-11000000.0,272000000,1000000.0,273000000,-66000000.0,207000000,,194000000,194000000,916000000.0,1983000000.0,810000000.0,3987000000.0,2812000000.0,694000000.0,2706000000.0,6212000000.0,10199000000,2106000000.0,419000000.0,2525000000.0,1656000000.0,3096000000.0,5621000000,1132000000.0,-1653000000.0,5757000000.0,4578000000.0,10199000000,207000000.0,110000000.0,21000000.0,19000000.0,14000000.0,-16000000.0,30000000.0,-9000000.0,357000000.0,-99000000.0,-4000000.0,0.0,-103000000.0,-35000000.0,0.0,0.0,-30000000.0,206000000,2019-09-30,36.540000915527344,36.86000061035156,36.15999984741211,36.68000030517578,35.581600189208984,1276100.0
2019-12-31,2559000000.0,-2014000000.0,545000000.0,-67000000.0,-205000000.0,,,478000000.0,-2000000.0,-9000000.0,476000000,-1000000.0,475000000,-238000000.0,237000000,,220000000,220000000,832000000.0,1921000000.0,807000000.0,3836000000.0,2925000000.0,318000000.0,2623000000.0,5866000000.0,9702000000,1325000000.0,286000000.0,2329000000.0,1674000000.0,2529000000.0,4858000000,1148000000.0,-1657000000.0,5942000000.0,4844000000.0,9702000000,,,,183000000.0,76000000.0,56000000.0,18000000.0,33000000.0,184000000.0,-130000000.0,-1000000.0,0.0,-109000000.0,-35000000.0,-132000000.0,0.0,-172000000.0,-84000000,2019-12-31,43.34000015258789,43.75,43.27000045776367,43.38000106811523,42.24996948242188,662000.0
2020-03-31,2279000000.0,-1832000000.0,447000000.0,-249000000.0,-213000000.0,,,198000000.0,-3000000.0,-10000000.0,195000000,-9000000.0,186000000,-49000000.0,137000000,,129000000,129000000,901000000.0,1735000000.0,847000000.0,3741000000.0,2839000000.0,315000000.0,2607000000.0,5761000000.0,9502000000,1838000000.0,286000000.0,2124000000.0,1664000000.0,2514000000.0,4638000000,1112000000.0,-1623000000.0,6036000000.0,4864000000.0,9502000000,,,,,,,,,263000000.0,-121000000.0,,,-120000000.0,-35000000.0,-1000000.0,,-62000000.0,69000000,2020-03-31,25.57999992370605,26.729999542236328,24.25,24.3700008392334,23.86781311035156,7920600.0
2020-06-30,1426000000.0,-1252000000.0,174000000.0,-252000000.0,-184000000.0,,,-78000000.0,-12000000.0,-15000000.0,-90000000,,-90000000,6000000.0,-84000000,,-98000000,-98000000,2003000000.0,1535000000.0,836000000.0,4641000000.0,2781000000.0,315000000.0,2600000000.0,5696000000.0,10337000000,1673000000.0,297000000.0,1970000000.0,2762000000.0,3604000000.0,5574000000,1118000000.0,-1623000000.0,5903000000.0,4763000000.0,10337000000,,,,,,,,,64000000.0,-50000000.0,-2000000.0,-2000000.0,-27000000.0,-35000000.0,1109000000.0,,1061000000.0,1102000000,2020-06-30,34.790000915527344,35.61999893188477,34.419998168945305,35.29999923706055,34.75664520263672,2938800.0
