Report Date,Revenue,Cost of Revenue,Gross Profit,Operating Expenses,"Selling, General & Administrative",Research & Development,Depreciation & Amortization,Operating Income (Loss),Non-Operating Income (Loss),"Interest Expense, Net","Pretax Income (Loss), Adj.",Abnormal Gains (Losses),Pretax Income (Loss),"Income Tax (Expense) Benefit, Net",Income (Loss) from Continuing Operations,Net Extraordinary Gains (Losses),Net Income,Net Income (Common),"Cash, Cash Equivalents & Short Term Investments",Accounts & Notes Receivable,Inventories,Total Current Assets,"Property, Plant & Equipment, Net",Long Term Investments & Receivables,Other Long Term Assets,Total Noncurrent Assets,Total Assets,Payables & Accruals,Short Term Debt,Total Current Liabilities,Long Term Debt,Total Noncurrent Liabilities,Total Liabilities,Share Capital & Additional Paid-In Capital,Treasury Stock,Retained Earnings,Total Equity,Total Liabilities & Equity,Net Income/Starting Line,Depreciation & Amortization,Non-Cash Items,Change in Working Capital,Change in Accounts Receivable,Change in Inventories,Change in Accounts Payable,Change in Other,Net Cash from Operating Activities,Change in Fixed Assets & Intangibles,Net Change in Long Term Investment,Net Cash from Acquisitions & Divestitures,Net Cash from Investing Activities,Dividends Paid,Cash from (Repayment of) Debt,Cash from (Repurchase of) Equity,Net Cash from Financing Activities,Net Change in Cash,Price Date,Open,High,Low,Close,Adj Close,Volume
2009-08-31,4139000000.0,-2226000000.0,1913000000.0,-717000000.0,-381000000.0,,-336000000.0,1196000000.0,-99000000.0,-91000000.0,1097000000,,1097000000,-24000000.0,1073000000,,1073000000,1073000000,976000000.0,476000000.0,309000000.0,2098000000.0,28882000000.0,,5379000000.0,34261000000.0,36359000000,1498000000.0,1741000000.0,5775000000.0,8373000000.0,9024000000.0,14799000000,8055000000.0,-2271000000.0,15577000000.0,21560000000.0,36359000000,1073000000.0,336000000.0,26000000.0,-246000000.0,-53000000.0,0.0,66000000.0,-259000000.0,1189000000.0,-446000000.0,,,-492000000.0,0.0,-201000000.0,0.0,-211000000.0,491000000,2009-08-31,30.1299991607666,30.209999084472656,29.149999618530273,29.25,21.79860115051269,4662300.0
2009-11-30,3509000000.0,-2446000000.0,1063000000.0,-769000000.0,-424000000.0,,-345000000.0,294000000.0,-93000000.0,-95000000.0,201000000,,201000000,-8000000.0,193000000,,193000000,193000000,538000000.0,362000000.0,320000000.0,1518000000.0,29870000000.0,,5447000000.0,35317000000.0,36835000000,1442000000.0,950000000.0,4967000000.0,9097000000.0,9829000000.0,14796000000,8280000000.0,-2264000000.0,15561000000.0,22039000000.0,36835000000,193000000.0,345000000.0,25000000.0,149000000.0,122000000.0,-7000000.0,-3000000.0,37000000.0,712000000.0,-978000000.0,,,-930000000.0,0.0,-216000000.0,7000000.0,-216000000.0,-438000000,2009-11-30,31.84000015258789,32.34000015258789,31.51000022888184,32.029998779296875,23.87039375305176,2839100.0
2010-02-28,3178000000.0,-2182000000.0,996000000.0,-741000000.0,-396000000.0,,-345000000.0,255000000.0,-95000000.0,-92000000.0,160000000,,160000000,15000000.0,175000000,,175000000,175000000,753000000.0,392000000.0,321000000.0,1745000000.0,29702000000.0,,5285000000.0,34987000000.0,36732000000,1440000000.0,1712000000.0,5667000000.0,8933000000.0,9646000000.0,15313000000,8328000000.0,-2293000000.0,15657000000.0,21419000000.0,36732000000,175000000.0,345000000.0,-16000000.0,-108000000.0,-56000000.0,-12000000.0,-16000000.0,-24000000.0,396000000.0,-1169000000.0,,,-1116000000.0,,970000000.0,3000000.0,976000000.0,215000000,2010-02-26,34.959999084472656,36.15999984741211,34.959999084472656,35.959999084472656,26.8795166015625,5244500.0
2010-05-31,3267000000.0,-2165000000.0,1102000000.0,-753000000.0,-404000000.0,,-349000000.0,349000000.0,-98000000.0,-96000000.0,251000000,,251000000,1000000.0,252000000,,252000000,252000000,594000000.0,455000000.0,297000000.0,1586000000.0,29317000000.0,,5126000000.0,34443000000.0,36029000000,1476000000.0,2079000000.0,6763000000.0,7681000000.0,8402000000.0,15165000000,8420000000.0,-2357000000.0,15830000000.0,20864000000.0,36029000000,252000000.0,349000000.0,15000000.0,782000000.0,-66000000.0,14000000.0,47000000.0,787000000.0,1398000000.0,-999000000.0,,,-978000000.0,-79000000.0,-492000000.0,9000000.0,-551000000.0,-159000000,2010-05-28,36.75,37.11999893188477,35.84000015258789,36.22999954223633,27.153905868530273,5335600.0
2010-08-31,4527000000.0,-2389000000.0,2138000000.0,-736000000.0,-381000000.0,,-355000000.0,1402000000.0,-89000000.0,-87000000.0,1313000000,,1313000000,-10000000.0,1303000000,,1303000000,1303000000,527000000.0,388000000.0,291000000.0,1445000000.0,30162000000.0,,5240000000.0,35402000000.0,36847000000,1532000000.0,1568000000.0,5876000000.0,7644000000.0,8376000000.0,14252000000,8470000000.0,-2385000000.0,17055000000.0,22595000000.0,36847000000,1303000000.0,355000000.0,13000000.0,-381000000.0,64000000.0,11000000.0,-20000000.0,-436000000.0,1290000000.0,-670000000.0,,,-642000000.0,-79000000.0,-705000000.0,8000000.0,-752000000.0,-67000000,2010-08-31,30.709999084472656,31.40999984741211,30.5,31.18000030517578,23.43979072570801,4125200.0
2010-11-30,3497000000.0,-2356000000.0,1141000000.0,-800000000.0,-433000000.0,,-367000000.0,341000000.0,-86000000.0,-91000000.0,255000000,,255000000,-7000000.0,248000000,,248000000,248000000,429000000.0,248000000.0,320000000.0,1244000000.0,30967000000.0,,5279000000.0,36246000000.0,37490000000,1597000000.0,1353000000.0,5755000000.0,8011000000.0,8704000000.0,14459000000,8455000000.0,-2394000000.0,17224000000.0,23031000000.0,37490000000,248000000.0,367000000.0,16000000.0,103000000.0,164000000.0,-25000000.0,-47000000.0,11000000.0,734000000.0,-741000000.0,,,-765000000.0,-79000000.0,35000000.0,1000000.0,-77000000.0,-98000000,2010-11-30,40.7400016784668,41.72000122070313,40.560001373291016,41.310001373291016,31.130434036254886,5985800.0
2011-02-28,3419000000.0,-2395000000.0,1024000000.0,-789000000.0,-422000000.0,,-367000000.0,235000000.0,-78000000.0,-84000000.0,157000000,,157000000,-5000000.0,152000000,,152000000,152000000,465000000.0,308000000.0,343000000.0,1365000000.0,31225000000.0,,5375000000.0,36600000000.0,37965000000,1637000000.0,1490000000.0,6009000000.0,7815000000.0,8521000000.0,14530000000,8511000000.0,-2395000000.0,17178000000.0,23435000000.0,37965000000,152000000.0,367000000.0,19000000.0,-126000000.0,-71000000.0,-19000000.0,1000000.0,-37000000.0,412000000.0,-172000000.0,,,-158000000.0,-79000000.0,-198000000.0,,-230000000.0,36000000,2011-02-28,43.27999877929688,43.36999893188477,42.61000061035156,42.66999816894531,32.32781219482422,4088100.0
2011-05-31,3620000000.0,-2521000000.0,1099000000.0,-820000000.0,-440000000.0,,-380000000.0,279000000.0,-75000000.0,-88000000.0,204000000,,204000000,2000000.0,206000000,,206000000,206000000,557000000.0,360000000.0,365000000.0,1499000000.0,32822000000.0,,5442000000.0,38264000000.0,39763000000,1689000000.0,1164000000.0,6521000000.0,8678000000.0,9390000000.0,15911000000,8518000000.0,-2394000000.0,17186000000.0,23852000000.0,39763000000,206000000.0,380000000.0,20000000.0,783000000.0,-50000000.0,-16000000.0,25000000.0,824000000.0,1389000000.0,-1450000000.0,,,-1467000000.0,-198000000.0,397000000.0,,171000000.0,92000000,2011-05-31,39.04999923706055,39.04999923706055,38.47000122070313,38.810001373291016,29.586597442626953,3145200.0
2011-08-31,5058000000.0,-2814000000.0,2244000000.0,-811000000.0,-421000000.0,,-390000000.0,1433000000.0,-91000000.0,-93000000.0,1342000000,,1342000000,-5000000.0,1337000000,,1337000000,1337000000,430000000.0,353000000.0,366000000.0,1397000000.0,33243000000.0,,5386000000.0,38629000000.0,40026000000,1632000000.0,2108000000.0,6881000000.0,7714000000.0,8393000000.0,15274000000,8530000000.0,-2682000000.0,18319000000.0,24752000000.0,40026000000,1337000000.0,390000000.0,42000000.0,-554000000.0,3000000.0,-1000000.0,-9000000.0,-547000000.0,1215000000.0,-813000000.0,,,-785000000.0,-197000000.0,-65000000.0,-288000000.0,-549000000.0,-127000000,2011-08-31,33.09000015258789,33.630001068115234,32.700000762939446,33.029998779296875,25.385765075683594,5783400.0
2011-11-30,3696000000.0,-2569000000.0,1127000000.0,-819000000.0,-434000000.0,,-385000000.0,308000000.0,-100000000.0,-89000000.0,208000000,1000000.0,209000000,8000000.0,217000000,,217000000,217000000,450000000.0,263000000.0,374000000.0,1312000000.0,32054000000.0,,5271000000.0,37325000000.0,38637000000,1602000000.0,1300000000.0,6105000000.0,8053000000.0,8700000000.0,14805000000,8543000000.0,-2851000000.0,18349000000.0,23832000000.0,38637000000,217000000.0,385000000.0,13000000.0,135000000.0,75000000.0,-18000000.0,50000000.0,28000000.0,750000000.0,-261000000.0,,,-236000000.0,-197000000.0,-130000000.0,-166000000.0,-485000000.0,20000000,2011-11-30,33.490001678466804,33.59999847412109,32.72999954223633,33.200000762939446,25.71665382385254,5207500.0
2012-02-29,3582000000.0,-2694000000.0,888000000.0,-797000000.0,-421000000.0,,-376000000.0,91000000.0,-80000000.0,-85000000.0,11000000,-152000000.0,-141000000,2000000.0,-139000000,,-139000000,-139000000,471000000.0,286000000.0,381000000.0,2173000000.0,31475000000.0,,5315000000.0,36790000000.0,38963000000,1537000000.0,1563000000.0,6544000000.0,7964000000.0,8766000000.0,15310000000,8559000000.0,-2854000000.0,18015000000.0,23653000000.0,38963000000,-139000000.0,376000000.0,207000000.0,-122000000.0,-22000000.0,-4000000.0,-62000000.0,-34000000.0,322000000.0,-221000000.0,,,-248000000.0,-194000000.0,145000000.0,,-50000000.0,21000000,2012-02-29,30.15999984741211,30.45000076293945,29.979999542236328,30.290000915527344,23.65495109558105,5840300.0
2012-05-31,3538000000.0,-2478000000.0,1060000000.0,-807000000.0,-431000000.0,,-376000000.0,253000000.0,-94000000.0,-84000000.0,159000000,-145000000.0,14000000,0.0,14000000,,14000000,14000000,900000000.0,286000000.0,377000000.0,2169000000.0,32133000000.0,,5160000000.0,37293000000.0,39462000000,1541000000.0,1608000000.0,7262000000.0,8392000000.0,9174000000.0,16436000000,8568000000.0,-2856000000.0,17835000000.0,23026000000.0,39462000000,14000000.0,376000000.0,146000000.0,600000000.0,-7000000.0,-3000000.0,31000000.0,579000000.0,1136000000.0,-1730000000.0,,,-1208000000.0,-194000000.0,736000000.0,0.0,533000000.0,429000000,2012-05-31,32.029998779296875,32.330001831054695,31.690000534057614,32.09000015258789,25.25778770446777,5363200.0
2012-08-31,4684000000.0,-2597000000.0,2087000000.0,-792000000.0,-409000000.0,,-383000000.0,1295000000.0,-83000000.0,-82000000.0,1212000000,124000000.0,1336000000,-6000000.0,1330000000,,1330000000,1330000000,568000000.0,306000000.0,364000000.0,1941000000.0,31972000000.0,,5169000000.0,37141000000.0,39082000000,1531000000.0,763000000.0,5936000000.0,8289000000.0,8953000000.0,14889000000,8581000000.0,-2923000000.0,18969000000.0,24193000000.0,39082000000,1330000000.0,383000000.0,-112000000.0,-583000000.0,-25000000.0,14000000.0,27000000.0,-599000000.0,1018000000.0,-167000000.0,,,-144000000.0,-196000000.0,-958000000.0,-69000000.0,-1220000000.0,-332000000,2012-08-31,35.06999969482422,35.18000030517578,34.639999389648445,34.68000030517578,27.495027542114254,2897400.0
2012-11-30,3578000000.0,-2551000000.0,1027000000.0,-851000000.0,-459000000.0,,-392000000.0,176000000.0,-76000000.0,-75000000.0,100000000,-7000000.0,93000000,0.0,93000000,,93000000,93000000,465000000.0,270000000.0,390000000.0,1821000000.0,32137000000.0,,5203000000.0,37340000000.0,39161000000,1977000000.0,1734000000.0,7340000000.0,7168000000.0,7892000000.0,15232000000,8615000000.0,-2958000000.0,18479000000.0,23929000000.0,39161000000,93000000.0,392000000.0,39000000.0,-1000000.0,39000000.0,-23000000.0,-20000000.0,3000000.0,523000000.0,-168000000.0,,,-172000000.0,-195000000.0,-253000000.0,-21000000.0,-453000000.0,-103000000,2012-11-30,38.7599983215332,38.90999984741211,38.38000106811523,38.65999984741211,30.852161407470703,2958800.0
2013-02-28,3593000000.0,-2599000000.0,994000000.0,-849000000.0,-460000000.0,,-389000000.0,145000000.0,-78000000.0,-81000000.0,67000000,-28000000.0,39000000,-2000000.0,37000000,,37000000,37000000,476000000.0,400000000.0,383000000.0,1792000000.0,31726000000.0,,5157000000.0,36883000000.0,38675000000,1562000000.0,1765000000.0,6782000000.0,7622000000.0,8370000000.0,15152000000,8641000000.0,-3041000000.0,18322000000.0,23523000000.0,38675000000,37000000.0,389000000.0,65000000.0,-92000000.0,-134000000.0,5000000.0,23000000.0,14000000.0,399000000.0,-241000000.0,,,-167000000.0,-582000000.0,455000000.0,-78000000.0,-203000000.0,11000000,2013-02-28,35.61999893188477,36.150001525878906,35.560001373291016,35.77000045776367,29.128137588500977,5295300.0
2013-05-31,3479000000.0,-2487000000.0,992000000.0,-840000000.0,-449000000.0,,-391000000.0,152000000.0,-80000000.0,-75000000.0,72000000,-31000000.0,41000000,0.0,41000000,,41000000,41000000,711000000.0,408000000.0,381000000.0,2324000000.0,32481000000.0,,5174000000.0,37655000000.0,39979000000,1678000000.0,2014000000.0,8055000000.0,7848000000.0,8644000000.0,16699000000,8649000000.0,-3066000000.0,18170000000.0,23280000000.0,39979000000,41000000.0,391000000.0,33000000.0,692000000.0,-5000000.0,0.0,59000000.0,638000000.0,1157000000.0,-1136000000.0,,,-1206000000.0,-195000000.0,511000000.0,-25000000.0,287000000.0,235000000,2013-05-31,33.18000030517578,33.549999237060554,33.09000015258789,33.09999847412109,27.154695510864254,6778300.0
2013-08-31,4726000000.0,-2917000000.0,1809000000.0,-845000000.0,-439000000.0,,-406000000.0,964000000.0,-80000000.0,-74000000.0,884000000,51000000.0,935000000,-1000000.0,934000000,,934000000,934000000,981000000.0,444000000.0,388000000.0,2634000000.0,32498000000.0,,5261000000.0,37759000000.0,40393000000,1724000000.0,2226000000.0,7488000000.0,7792000000.0,8645000000.0,16133000000,8677000000.0,-3077000000.0,18911000000.0,24260000000.0,40393000000,934000000.0,406000000.0,145000000.0,-682000000.0,-33000000.0,-4000000.0,-32000000.0,-613000000.0,803000000.0,-365000000.0,,,-434000000.0,-193000000.0,71000000.0,0.0,-113000000.0,270000000,2013-08-30,36.040000915527344,36.16999816894531,35.81999969482422,36.09000015258789,29.81377220153809,2700700.0
2013-11-30,3658000000.0,-2642000000.0,1016000000.0,-935000000.0,-531000000.0,,-404000000.0,81000000.0,-78000000.0,-78000000.0,3000000,31000000.0,34000000,9000000.0,43000000,,43000000,43000000,462000000.0,405000000.0,374000000.0,1937000000.0,32905000000.0,,5262000000.0,38167000000.0,40104000000,1765000000.0,1468000000.0,6720000000.0,8092000000.0,8828000000.0,15548000000,8690000000.0,-3077000000.0,18782000000.0,24556000000.0,40104000000,43000000.0,404000000.0,-12000000.0,40000000.0,44000000.0,20000000.0,29000000.0,-53000000.0,475000000.0,-337000000.0,,,-249000000.0,-194000000.0,-558000000.0,0.0,-751000000.0,-519000000,2013-11-29,36.310001373291016,36.43000030517578,36.02999877929688,36.11000061035156,30.04119873046875,1403700.0
2014-02-28,3585000000.0,-2592000000.0,993000000.0,-926000000.0,-521000000.0,,-405000000.0,67000000.0,-70000000.0,-70000000.0,-3000000,-16000000.0,-19000000,-1000000.0,-20000000,,-20000000,-20000000,421000000.0,258000000.0,381000000.0,1645000000.0,32991000000.0,,5269000000.0,38260000000.0,39905000000,1638000000.0,1618000000.0,6688000000.0,7992000000.0,8747000000.0,15435000000,8698000000.0,-3074000000.0,18573000000.0,24470000000.0,39905000000,-20000000.0,405000000.0,34000000.0,58000000.0,146000000.0,-9000000.0,-88000000.0,9000000.0,477000000.0,-353000000.0,,,-349000000.0,-194000000.0,32000000.0,,-162000000.0,-41000000,2014-02-28,39.93000030517578,39.9900016784668,39.560001373291016,39.65999984741211,33.20333480834961,6653200.0
2014-05-31,3633000000.0,-2572000000.0,1061000000.0,-914000000.0,-504000000.0,,-410000000.0,147000000.0,-59000000.0,-70000000.0,88000000,11000000.0,99000000,-1000000.0,98000000,,98000000,98000000,343000000.0,288000000.0,383000000.0,1625000000.0,33515000000.0,,5386000000.0,38901000000.0,40526000000,1763000000.0,1556000000.0,7401000000.0,7880000000.0,8760000000.0,16161000000,8710000000.0,-3073000000.0,18485000000.0,24365000000.0,40526000000,98000000.0,410000000.0,-8000000.0,696000000.0,-41000000.0,0.0,75000000.0,662000000.0,1196000000.0,-934000000.0,,,-919000000.0,-194000000.0,-156000000.0,,-357000000.0,-78000000,2014-05-30,39.63999938964844,40.29999923706055,39.58000183105469,40.02999877929688,33.728321075439446,2425200.0
2014-08-31,4947000000.0,-2760000000.0,2187000000.0,-895000000.0,-481000000.0,,-414000000.0,1292000000.0,-66000000.0,-67000000.0,1226000000,15000000.0,1241000000,0.0,1241000000,,1241000000,1241000000,436000000.0,355000000.0,358000000.0,1602000000.0,33073000000.0,,5322000000.0,38395000000.0,39997000000,1801000000.0,1900000000.0,7056000000.0,6967000000.0,7784000000.0,14840000000,8734000000.0,-3087000000.0,19538000000.0,25157000000.0,39997000000,1241000000.0,414000000.0,10000000.0,-545000000.0,-71000000.0,24000000.0,-9000000.0,-489000000.0,1120000000.0,-348000000.0,,,-349000000.0,-194000000.0,-465000000.0,0.0,-669000000.0,93000000,2014-08-29,37.349998474121094,37.900001525878906,37.11000061035156,37.88000106811523,32.12928009033203,2926200.0
2014-11-30,3719000000.0,-2497000000.0,1222000000.0,-956000000.0,-548000000.0,,-408000000.0,266000000.0,-81000000.0,-73000000.0,185000000,-281000000.0,-96000000,-7000000.0,-103000000,,-103000000,-103000000,331000000.0,332000000.0,349000000.0,1488000000.0,32819000000.0,,5141000000.0,37960000000.0,39448000000,2164000000.0,1725000000.0,6921000000.0,7363000000.0,8323000000.0,15244000000,8749000000.0,-3087000000.0,19158000000.0,24204000000.0,39448000000,-103000000.0,408000000.0,324000000.0,8000000.0,41000000.0,-14000000.0,31000000.0,-50000000.0,637000000.0,-906000000.0,,,-890000000.0,-194000000.0,366000000.0,0.0,160000000.0,-105000000,2014-11-28,43.54999923706055,44.43999862670898,43.43999862670898,44.15999984741211,37.67872619628906,4318300.0
2015-02-28,3531000000.0,-2335000000.0,1196000000.0,-930000000.0,-529000000.0,,-401000000.0,266000000.0,-45000000.0,-55000000.0,221000000,-169000000.0,52000000,-3000000.0,49000000,,49000000,49000000,280000000.0,329000000.0,332000000.0,1426000000.0,32294000000.0,,4994000000.0,37288000000.0,38714000000,1792000000.0,2195000000.0,7412000000.0,6944000000.0,7952000000.0,15364000000,8763000000.0,-3087000000.0,19013000000.0,23350000000.0,38714000000,49000000.0,401000000.0,184000000.0,137000000.0,-21000000.0,7000000.0,6000000.0,145000000.0,771000000.0,-942000000.0,,,-974000000.0,-194000000.0,346000000.0,0.0,151000000.0,-51000000,2015-02-27,43.7400016784668,44.22000122070313,43.7400016784668,43.9900016784668,37.75169372558594,6008800.0
2015-05-31,3590000000.0,-2404000000.0,1186000000.0,-897000000.0,-491000000.0,,-406000000.0,289000000.0,-50000000.0,-55000000.0,239000000,-13000000.0,226000000,-4000000.0,222000000,,222000000,222000000,298000000.0,380000000.0,327000000.0,1479000000.0,32179000000.0,,4953000000.0,37132000000.0,38611000000,1860000000.0,1621000000.0,7683000000.0,6648000000.0,7676000000.0,15359000000,8777000000.0,-3087000000.0,19041000000.0,23252000000.0,38611000000,222000000.0,406000000.0,34000000.0,853000000.0,-64000000.0,4000000.0,33000000.0,880000000.0,1515000000.0,-414000000.0,,,-453000000.0,-194000000.0,-815000000.0,0.0,-1012000000.0,18000000,2015-05-29,46.97000122070313,47.16999816894531,46.31000137329102,46.33000183105469,39.966468811035156,3738400.0
2015-08-31,4883000000.0,-2490000000.0,2393000000.0,-883000000.0,-484000000.0,,-399000000.0,1510000000.0,-63000000.0,-51000000.0,1447000000,-197000000.0,1250000000,-34000000.0,1216000000,,1216000000,1216000000,539000000.0,328000000.0,305000000.0,1617000000.0,32232000000.0,,4948000000.0,37180000000.0,38797000000,1927000000.0,1256000000.0,6749000000.0,6604000000.0,7695000000.0,14444000000,8870000000.0,-3162000000.0,20023000000.0,24353000000.0,38797000000,1216000000.0,399000000.0,217000000.0,-551000000.0,62000000.0,24000000.0,-62000000.0,-575000000.0,1281000000.0,-323000000.0,,,-378000000.0,-196000000.0,-456000000.0,1000000.0,-648000000.0,241000000,2015-08-31,49.41999816894531,49.77000045776367,49.02999877929688,49.22999954223633,42.71081924438477,3524300.0
2015-11-30,3710000000.0,-2218000000.0,1492000000.0,-983000000.0,-563000000.0,,-420000000.0,509000000.0,-41000000.0,-48000000.0,468000000,-197000000.0,271000000,-1000000.0,270000000,,270000000,270000000,1395000000.0,303000000.0,330000000.0,2451000000.0,31818000000.0,,4968000000.0,36786000000.0,39237000000,2310000000.0,1374000000.0,6956000000.0,7413000000.0,8510000000.0,15466000000,8927000000.0,-3475000000.0,20060000000.0,23771000000.0,39237000000,270000000.0,420000000.0,228000000.0,60000000.0,27000000.0,-30000000.0,59000000.0,4000000.0,978000000.0,-590000000.0,,,-673000000.0,-232000000.0,1095000000.0,-270000000.0,567000000.0,856000000,2015-11-30,51.040000915527344,51.040000915527344,50.38999938964844,50.52999877929688,44.10206985473633,3469500.0
2016-02-29,3651000000.0,-2243000000.0,1408000000.0,-974000000.0,-551000000.0,,-423000000.0,434000000.0,-55000000.0,-50000000.0,379000000,-236000000.0,143000000,-1000000.0,142000000,,142000000,142000000,778000000.0,311000000.0,333000000.0,1860000000.0,31677000000.0,,4909000000.0,36586000000.0,38446000000,2251000000.0,1078000000.0,6664000000.0,7990000000.0,9157000000.0,15821000000,8957000000.0,-4365000000.0,19976000000.0,22625000000.0,38446000000,142000000.0,423000000.0,261000000.0,-28000000.0,-18000000.0,-4000000.0,-7000000.0,1000000.0,798000000.0,-330000000.0,,,-459000000.0,-232000000.0,162000000.0,-876000000.0,-947000000.0,-617000000,2016-02-29,48.33000183105469,48.81999969482422,47.93999862670898,47.959999084472656,42.139793395996094,4115600.0
2016-05-31,3705000000.0,-2258000000.0,1447000000.0,-969000000.0,-532000000.0,,-437000000.0,478000000.0,-42000000.0,-55000000.0,436000000,171000000.0,607000000,-2000000.0,605000000,,605000000,605000000,519000000.0,334000000.0,315000000.0,1600000000.0,33244000000.0,,5007000000.0,38251000000.0,39851000000,2320000000.0,1246000000.0,7841000000.0,8183000000.0,9219000000.0,17060000000,8970000000.0,-4851000000.0,20320000000.0,22791000000.0,39851000000,605000000.0,438000000.0,-146000000.0,986000000.0,-22000000.0,20000000.0,43000000.0,945000000.0,1883000000.0,-1617000000.0,,,-1714000000.0,-227000000.0,282000000.0,-485000000.0,-434000000.0,-259000000,2016-05-31,48.599998474121094,48.83000183105469,47.52000045776367,47.7400016784668,42.23733139038086,6066500.0
2016-08-31,5097000000.0,-2563000000.0,2534000000.0,-972000000.0,-529000000.0,,-443000000.0,1562000000.0,-61000000.0,-59000000.0,1501000000,-36000000.0,1465000000,-41000000.0,1424000000,,1424000000,1424000000,462000000.0,321000000.0,314000000.0,1554000000.0,32864000000.0,,4914000000.0,37778000000.0,39332000000,2442000000.0,1073000000.0,7100000000.0,8320000000.0,9332000000.0,16432000000,8983000000.0,-5559000000.0,21488000000.0,22900000000.0,39332000000,1424000000.0,442000000.0,73000000.0,-510000000.0,5000000.0,-1000000.0,52000000.0,-566000000.0,1429000000.0,-450000000.0,,,-449000000.0,-262000000.0,-70000000.0,-709000000.0,-1045000000.0,-57000000,2016-08-31,47.22000122070313,47.91999816894531,47.18999862670898,47.79999923706055,42.6024169921875,5859200.0
2016-11-30,3936000000.0,-2319000000.0,1617000000.0,-1020000000.0,-585000000.0,,-435000000.0,597000000.0,-38000000.0,-53000000.0,559000000,54000000.0,613000000,-5000000.0,608000000,,608000000,608000000,603000000.0,298000000.0,322000000.0,1689000000.0,32429000000.0,,4818000000.0,37247000000.0,38936000000,2453000000.0,1097000000.0,7072000000.0,8357000000.0,9267000000.0,16339000000,8997000000.0,-5789000000.0,21843000000.0,22597000000.0,38936000000,608000000.0,435000000.0,-15000000.0,-4000000.0,13000000.0,-14000000.0,21000000.0,-24000000.0,1024000000.0,-639000000.0,,,-701000000.0,-256000000.0,337000000.0,-230000000.0,-165000000.0,141000000,2016-11-30,52.38999938964844,52.41999816894531,51.290000915527344,51.40999984741211,46.13489532470703,5548500.0
2017-02-28,3791000000.0,-2435000000.0,1356000000.0,-988000000.0,-549000000.0,,-439000000.0,368000000.0,-41000000.0,-49000000.0,327000000,27000000.0,354000000,-2000000.0,352000000,,352000000,352000000,437000000.0,307000000.0,361000000.0,1597000000.0,32328000000.0,,4778000000.0,37106000000.0,38703000000,2435000000.0,1296000000.0,7465000000.0,7796000000.0,8578000000.0,16043000000,9025000000.0,-5864000000.0,21939000000.0,22660000000.0,38703000000,352000000.0,439000000.0,13000000.0,128000000.0,-2000000.0,-35000000.0,-47000000.0,212000000.0,932000000.0,-412000000.0,,,-474000000.0,-254000000.0,-290000000.0,-69000000.0,-615000000.0,-166000000,2017-02-28,56.22000122070313,56.40999984741211,55.93000030517578,55.95000076293945,50.52545547485352,2542500.0
2017-05-31,3945000000.0,-2436000000.0,1509000000.0,-1009000000.0,-553000000.0,,-456000000.0,500000000.0,-63000000.0,-48000000.0,437000000,-53000000.0,384000000,-5000000.0,379000000,,379000000,379000000,597000000.0,319000000.0,351000000.0,1774000000.0,33823000000.0,,4854000000.0,38677000000.0,40451000000,2497000000.0,1783000000.0,9058000000.0,7635000000.0,8429000000.0,17487000000,9038000000.0,-5946000000.0,22026000000.0,22964000000.0,40451000000,378000000.0,457000000.0,84000000.0,998000000.0,-6000000.0,16000000.0,9000000.0,979000000.0,1917000000.0,-1447000000.0,,,-1460000000.0,-253000000.0,32000000.0,-83000000.0,-320000000.0,160000000,2017-05-31,63.93999862670898,64.33000183105469,63.63999938964844,64.06999969482422,58.23439025878906,3414100.0
2017-08-31,5515000000.0,-3013000000.0,2502000000.0,-1020000000.0,-547000000.0,,-473000000.0,1482000000.0,-32000000.0,-46000000.0,1450000000,-82000000.0,1368000000,-39000000.0,1329000000,,1329000000,1329000000,489000000.0,324000000.0,357000000.0,1661000000.0,34172000000.0,,4810000000.0,38982000000.0,40643000000,2484000000.0,1447000000.0,7969000000.0,7723000000.0,8502000000.0,16471000000,9055000000.0,-6104000000.0,23066000000.0,24172000000.0,40643000000,1330000000.0,472000000.0,414000000.0,-767000000.0,7000000.0,1000000.0,-63000000.0,-712000000.0,1449000000.0,-437000000.0,,,-485000000.0,-290000000.0,-622000000.0,-153000000.0,-1069000000.0,-108000000,2017-08-31,68.88999938964844,69.55000305175781,68.80999755859375,69.48000335693361,63.523704528808594,3060000.0
2017-11-30,4259000000.0,-2617000000.0,1642000000.0,-1094000000.0,-616000000.0,,-478000000.0,548000000.0,-42000000.0,-46000000.0,506000000,54000000.0,560000000,-14000000.0,546000000,,546000000,546000000,395000000.0,312000000.0,387000000.0,1596000000.0,34430000000.0,,4752000000.0,39182000000.0,40778000000,2639000000.0,2202000000.0,8799000000.0,6993000000.0,7762000000.0,16561000000,9055000000.0,-6349000000.0,23292000000.0,24216000000.0,40777000000,546000000.0,478000000.0,-40000000.0,40000000.0,7000000.0,-31000000.0,122000000.0,-58000000.0,1024000000.0,-648000000.0,,,-670000000.0,-290000000.0,91000000.0,-247000000.0,-448000000.0,-94000000,2017-11-30,65.41999816894531,65.98999786376953,64.30000305175781,65.63999938964844,60.41869735717773,5269900.0
2018-02-28,4232000000.0,-2709000000.0,1523000000.0,-1104000000.0,-616000000.0,,-488000000.0,419000000.0,-44000000.0,-45000000.0,375000000,16000000.0,391000000,0.0,391000000,,391000000,391000000,453000000.0,345000000.0,394000000.0,1667000000.0,35027000000.0,,4747000000.0,39774000000.0,41441000000,2448000000.0,2114000000.0,8850000000.0,7445000000.0,8209000000.0,17059000000,9073000000.0,-6565000000.0,23360000000.0,24382000000.0,41441000000,391000000.0,488000000.0,26000000.0,161000000.0,-30000000.0,1000000.0,19000000.0,171000000.0,1066000000.0,-574000000.0,,,-591000000.0,-323000000.0,117000000.0,-218000000.0,-428000000.0,59000000,2018-02-28,67.84999847412111,68.08999633789061,66.90000152587889,66.91000366210939,61.98859024047852,3182000.0
2018-05-31,4357000000.0,-2681000000.0,1676000000.0,-1117000000.0,-605000000.0,,-512000000.0,559000000.0,-36000000.0,-46000000.0,523000000,41000000.0,564000000,-3000000.0,561000000,,561000000,561000000,1053000000.0,342000000.0,402000000.0,2278000000.0,35227000000.0,,4679000000.0,39906000000.0,42184000000,2316000000.0,1685000000.0,9309000000.0,8172000000.0,8943000000.0,18252000000,9086000000.0,-6862000000.0,23564000000.0,23933000000.0,42185000000,560000000.0,512000000.0,-47000000.0,997000000.0,-5000000.0,-17000000.0,-33000000.0,1052000000.0,2022000000.0,-1525000000.0,,,-1501000000.0,-323000000.0,718000000.0,-295000000.0,88000000.0,599000000,2018-05-31,63.040000915527344,63.20000076293945,62.13999938964844,62.27999877929688,58.148643493652344,8064200.0
2018-08-31,5836000000.0,-2958000000.0,2878000000.0,-1084000000.0,-573000000.0,,-511000000.0,1794000000.0,-53000000.0,-44000000.0,1741000000,4000000.0,1745000000,-37000000.0,1708000000,,1708000000,1708000000,526000000.0,366000000.0,405000000.0,1755000000.0,35178000000.0,,4820000000.0,39998000000.0,41753000000,2282000000.0,1320000000.0,8020000000.0,8297000000.0,9080000000.0,17100000000,9106000000.0,-7533000000.0,24921000000.0,24654000000.0,41754000000,1708000000.0,510000000.0,3000000.0,-873000000.0,-26000000.0,-3000000.0,-80000000.0,-764000000.0,1348000000.0,-403000000.0,,,-514000000.0,-357000000.0,-306000000.0,-692000000.0,-1367000000.0,-528000000,2018-08-31,61.54999923706055,61.84000015258789,61.27999877929688,61.4900016784668,57.87879180908203,2477800.0
2018-11-30,4456000000.0,245000000.0,4701000000.0,-4133000000.0,-3627000000.0,,-506000000.0,568000000.0,-44000000.0,-45000000.0,524000000,-18000000.0,506000000,-14000000.0,492000000,,492000000,492000000,982000000.0,358000000.0,450000000.0,2226000000.0,35336000000.0,,4839000000.0,40175000000.0,42401000000,2384000000.0,2426000000.0,9205000000.0,7897000000.0,8753000000.0,17958000000,9121000000.0,-7795000000.0,25066000000.0,24443000000.0,42401000000,493000000.0,507000000.0,34000000.0,79000000.0,3000000.0,-48000000.0,70000000.0,54000000.0,1113000000.0,-858000000.0,,,-908000000.0,-352000000.0,874000000.0,-260000000.0,248000000.0,445000000,2018-11-30,60.459999084472656,60.58000183105469,59.099998474121094,60.290000915527344,57.22711563110352,5744700.0
2019-02-28,4673000000.0,-3142000000.0,1531000000.0,-1145000000.0,-629000000.0,,-516000000.0,386000000.0,-49000000.0,-47000000.0,337000000,0.0,337000000,-2000000.0,335000000,,335000000,335000000,649000000.0,406000000.0,444000000.0,2102000000.0,37005000000.0,,4824000000.0,41829000000.0,43931000000,2435000000.0,2452000000.0,9642000000.0,9134000000.0,10046000000.0,19688000000,9141000000.0,-8063000000.0,25033000000.0,24242000000.0,43930000000,336000000.0,516000000.0,32000000.0,231000000.0,-50000000.0,7000000.0,65000000.0,209000000.0,1115000000.0,-2129000000.0,,,-2059000000.0,-348000000.0,1263000000.0,-274000000.0,612000000.0,-331000000,2019-02-28,57.56999969482422,57.95000076293945,57.2599983215332,57.7599983215332,55.29544448852539,4367200.0
2019-05-31,4838000000.0,-3159000000.0,1679000000.0,-1163000000.0,-621000000.0,,-542000000.0,516000000.0,-56000000.0,-49000000.0,460000000,0.0,460000000,-8000000.0,452000000,,452000000,452000000,1202000000.0,405000000.0,501000000.0,2835000000.0,36814000000.0,,4864000000.0,41678000000.0,44513000000,2467000000.0,2094000000.0,10376000000.0,9080000000.0,10028000000.0,20404000000,9150000000.0,-8104000000.0,25138000000.0,24108000000.0,44512000000,451000000.0,543000000.0,5000000.0,1054000000.0,0.0,-2000000.0,3000000.0,1053000000.0,2053000000.0,-886000000.0,,,-859000000.0,-346000000.0,-236000000.0,-42000000.0,-638000000.0,550000000,2019-05-31,50.90999984741211,51.27000045776367,50.81999969482422,51.18999862670898,49.475807189941406,2669500.0
2019-08-31,6533000000.0,-3532000000.0,3001000000.0,-1111000000.0,-563000000.0,,-548000000.0,1890000000.0,-63000000.0,-44000000.0,1827000000,0.0,1827000000,-47000000.0,1780000000,,1780000000,1780000000,1153000000.0,441000000.0,482000000.0,2711000000.0,36466000000.0,,4823000000.0,41289000000.0,44000000000,2413000000.0,1845000000.0,8932000000.0,8893000000.0,9775000000.0,18707000000,9163000000.0,-8261000000.0,26576000000.0,25295000000.0,44002000000,1780000000.0,548000000.0,56000000.0,-1137000000.0,-51000000.0,17000000.0,-93000000.0,-1010000000.0,1247000000.0,-418000000.0,,,-399000000.0,-347000000.0,-377000000.0,-156000000.0,-886000000.0,-44000000,2019-08-30,44.11999893188477,44.31999969482422,43.97000122070313,44.08000183105469,43.07259368896485,3176000.0
2019-11-30,4781000000.0,118000000.0,4899000000.0,-4388000000.0,-3834000000.0,,-554000000.0,511000000.0,-47000000.0,-43000000.0,464000000,-26000000.0,438000000,-14000000.0,424000000,,424000000,424000000,518000000.0,444000000.0,427000000.0,2060000000.0,38131000000.0,,4869000000.0,43000000000.0,45060000000,2565000000.0,1827000000.0,9127000000.0,9675000000.0,10565000000.0,19692000000,9172000000.0,-8394000000.0,26653000000.0,25365000000.0,45057000000,423000000.0,553000000.0,22000000.0,64000000.0,-13000000.0,57000000.0,59000000.0,-39000000.0,1062000000.0,-1970000000.0,,,-1960000000.0,-346000000.0,768000000.0,-127000000.0,258000000.0,-638000000,2019-11-29,45.22000122070313,45.36000061035156,45.0099983215332,45.08000183105469,44.55992889404297,1913100.0
2020-02-29,4789000000.0,-2520000000.0,2269000000.0,-1919000000.0,-1349000000.0,,-570000000.0,350000000.0,-57000000.0,-50000000.0,293000000,-1061000000.0,-768000000,-11000000.0,-779000000,,-779000000,-779000000,1354000000.0,405000000.0,440000000.0,2886000000.0,38023000000.0,,6034000000.0,44057000000.0,46943000000,2658000000.0,3200000000.0,10716000000.0,9738000000.0,11937000000.0,22653000000,9195000000.0,-8404000000.0,25527000000.0,24290000000.0,46943000000,-781000000.0,570000000.0,1009000000.0,118000000.0,21000000.0,-15000000.0,148000000.0,-36000000.0,916000000.0,-1100000000.0,,,-1161000000.0,-344000000.0,1470000000.0,-10000000.0,1090000000.0,838000000,2020-02-28,31.229999542236328,33.5,31.059999465942386,33.459999084472656,33.459999084472656,24855700.0
2020-05-31,740000000.0,-1425000000.0,-685000000.0,-1540000000.0,-963000000.0,,-577000000.0,-2225000000.0,-208000000.0,-176000000.0,-2433000000,-1953000000.0,-4386000000,11000000.0,-4375000000,,-4375000000,-4375000000,6881000000.0,604000000.0,362000000.0,8221000000.0,37139000000.0,,4457000000.0,41596000000.0,49817000000,3152000000.0,5935000000.0,11858000000.0,14870000000.0,17118000000.0,28976000000,10050000000.0,-8404000000.0,21155000000.0,20839000000.0,49815000000,-4374000000.0,577000000.0,2100000000.0,-1023000000.0,-223000000.0,73000000.0,904000000.0,-1777000000.0,-2720000000.0,-332000000.0,,,-95000000.0,-345000000.0,8154000000.0,556000000.0,8335000000.0,5528000000,2020-05-29,15.229999542236328,15.920000076293945,15.0,15.739999771118164,15.739999771118164,50273900.0
