Report Date,Revenue,Cost of Revenue,Gross Profit,Operating Expenses,"Selling, General & Administrative",Research & Development,Depreciation & Amortization,Operating Income (Loss),Non-Operating Income (Loss),"Interest Expense, Net","Pretax Income (Loss), Adj.",Abnormal Gains (Losses),Pretax Income (Loss),"Income Tax (Expense) Benefit, Net",Income (Loss) from Continuing Operations,Net Extraordinary Gains (Losses),Net Income,Net Income (Common),"Cash, Cash Equivalents & Short Term Investments",Accounts & Notes Receivable,Inventories,Total Current Assets,"Property, Plant & Equipment, Net",Long Term Investments & Receivables,Other Long Term Assets,Total Noncurrent Assets,Total Assets,Payables & Accruals,Short Term Debt,Total Current Liabilities,Long Term Debt,Total Noncurrent Liabilities,Total Liabilities,Share Capital & Additional Paid-In Capital,Treasury Stock,Retained Earnings,Total Equity,Total Liabilities & Equity,Net Income/Starting Line,Depreciation & Amortization,Non-Cash Items,Change in Working Capital,Change in Accounts Receivable,Change in Inventories,Change in Accounts Payable,Change in Other,Net Cash from Operating Activities,Change in Fixed Assets & Intangibles,Net Change in Long Term Investment,Net Cash from Acquisitions & Divestitures,Net Cash from Investing Activities,Dividends Paid,Cash from (Repayment of) Debt,Cash from (Repurchase of) Equity,Net Cash from Financing Activities,Net Change in Cash,Price Date,Open,High,Low,Close,Adj Close,Volume
2014-12-31,497538000.0,-82536000.0,415002000.0,-351908000.0,-137701000.0,-204449000.0,-9758000.0,63094000.0,-3997000.0,-5748000.0,59097000,-7658000.0,51439000,-19079000.0,32360000,,32360000,32360000,633048000.0,107624000.0,50220000.0,1221091000.0,238715000.0,3672000.0,965123000.0,1207510000.0,2428601000,216594000.0,324826000.0,1148210000.0,0.0,124286000.0,1272496000,1757242000.0,-140142000.0,-485306000.0,1156105000.0,2428601000,32360000.0,42953000.0,60634000.0,-67666000.0,,,,,68281000.0,-3860000.0,2311000.0,,219040000.0,,298726000.0,-74895000.0,211522000.0,501855000,2014-12-31,19.13999938964844,19.299999237060547,18.93000030517578,18.96999931335449,18.96999931335449,2653800.0
2015-03-31,411366000.0,-60585000.0,350781000.0,-297137000.0,-127910000.0,-162996000.0,-6231000.0,53644000.0,-6973000.0,-11754000.0,46671000,-4359000.0,42312000,-6053000.0,36259000,,36259000,36259000,629767000.0,106322000.0,55605000.0,1297725000.0,239425000.0,6193000.0,980877000.0,1226495000.0,2524220000,189200000.0,329058000.0,1192694000.0,,117324000.0,1310018000,1785069000.0,-147621000.0,-452236000.0,1214202000.0,2524220000,36259000.0,29433000.0,29329000.0,-48333000.0,,,,,46688000.0,-7520000.0,-2260000.0,,-8416000.0,,-53862000.0,-12188000.0,-73682000.0,-44425000,2015-03-31,18.31999969482422,18.5,18.09000015258789,18.440000534057614,18.440000534057614,3259600.0
2015-06-30,415883000.0,-51755000.0,364128000.0,-288222000.0,-124129000.0,-157974000.0,-6119000.0,75906000.0,-6833000.0,-8180000.0,69073000,498000.0,69571000,-11411000.0,58160000,,58160000,58160000,655326000.0,101924000.0,58311000.0,1414719000.0,239314000.0,5611000.0,1126189000.0,1371114000.0,2785833000,216959000.0,333333000.0,1408047000.0,,117302000.0,1525349000,1812175000.0,-154839000.0,-428973000.0,1260484000.0,2785833000,58160000.0,29530000.0,29855000.0,4209000.0,,,,,121754000.0,-16547000.0,-4070000.0,,-19688000.0,,-296137000.0,-42721000.0,-336943000.0,-239885000,2015-06-30,19.6299991607666,19.739999771118164,19.43000030517578,19.65999984741211,19.65999984741211,2672400.0
2015-09-30,433763000.0,-65211000.0,368552000.0,-290348000.0,-130034000.0,-154627000.0,-5687000.0,78204000.0,-2338000.0,-4177000.0,75866000,-303000.0,75563000,2061000.0,77624000,,77624000,77624000,595453000.0,107634000.0,61096000.0,1351610000.0,231337000.0,4957000.0,1118037000.0,1354331000.0,2705941000,205647000.0,337711000.0,1296044000.0,,125170000.0,1421214000,1820332000.0,-169511000.0,-391438000.0,1284727000.0,2705941000,77624000.0,29043000.0,17892000.0,-37652000.0,,,,,86907000.0,-10026000.0,1386000.0,,-6423000.0,,0.0,-98778000.0,-107916000.0,-31760000,2015-09-30,20.670000076293945,20.799999237060547,20.489999771118164,20.68000030517578,20.68000030517578,3343500.0
2015-12-31,441079000.0,-60902000.0,380177000.0,-297990000.0,-130341000.0,-161970000.0,-5679000.0,82187000.0,-1690000.0,-4200000.0,80497000,-347000.0,80150000,224000.0,80374000,,80374000,80374000,711184000.0,164848000.0,56762000.0,964235000.0,228599000.0,4498000.0,1148183000.0,1381280000.0,2345515000,238022000.0,,536307000.0,343288000.0,433093000.0,969400000,1863086000.0,-400555000.0,-73991000.0,1376115000.0,2345515000,80374000.0,30159000.0,10041000.0,2277000.0,,,,,122851000.0,-10715000.0,678000.0,,-9977000.0,,0.0,-104564000.0,-107769000.0,595000,2015-12-31,21.1200008392334,21.149999618530273,20.790000915527344,20.809999465942386,20.809999465942386,3118200.0
2016-03-31,447862000.0,-62054000.0,385808000.0,-313186000.0,-127500000.0,-179906000.0,-5780000.0,72622000.0,-594000.0,-5357000.0,72028000,-14586000.0,57442000,-6880000.0,50562000,,50562000,50562000,906717000.0,147533000.0,56634000.0,1152244000.0,231180000.0,11365000.0,1144235000.0,1386780000.0,2539024000,195216000.0,,567900000.0,642862000.0,737072000.0,1304972000,1844287000.0,-587348000.0,-15622000.0,1234052000.0,2539024000,50562000.0,31231000.0,24102000.0,-22704000.0,,,,,83191000.0,-12116000.0,-525000.0,,-13911000.0,,350000000.0,-215800000.0,118433000.0,193714000,2016-03-31,23.3799991607666,23.729999542236328,23.36000061035156,23.57999992370605,23.57999992370605,1813600.0
2016-06-30,453021000.0,-61783000.0,391238000.0,-324406000.0,-137498000.0,-182371000.0,-4537000.0,66832000.0,-3054000.0,-5896000.0,63778000,74000.0,63852000,-14517000.0,49335000,,49335000,49335000,704318000.0,156444000.0,61932000.0,962179000.0,235911000.0,17368000.0,1162415000.0,1415694000.0,2377873000,224685000.0,,564471000.0,643073000.0,738009000.0,1302480000,1851724000.0,-800059000.0,33713000.0,1075393000.0,2377873000,49335000.0,31528000.0,34150000.0,-34647000.0,,,,,80366000.0,-16171000.0,61283000.0,,7338000.0,,0.0,-228004000.0,-230349000.0,-140827000,2016-06-30,24.059999465942386,24.3700008392334,24.01000022888184,24.29999923706055,24.29999923706055,2979200.0
2016-09-30,446220000.0,-56607000.0,389613000.0,-322670000.0,-127234000.0,-191547000.0,-3889000.0,66943000.0,-3217000.0,-6053000.0,63726000,-101000.0,63625000,1087000.0,64712000,,64712000,64712000,532836000.0,152025000.0,64476000.0,792290000.0,240590000.0,14961000.0,1146246000.0,1401797000.0,2194087000,192948000.0,,531321000.0,643277000.0,735970000.0,1267291000,1801125000.0,-963604000.0,98425000.0,926796000.0,2194087000,64712000.0,26967000.0,28500000.0,-35719000.0,,,,,84460000.0,-13683000.0,26497000.0,,13144000.0,,0.0,-226099000.0,-244141000.0,-145240000,2016-09-30,25.3700008392334,25.65999984741211,25.21999931335449,25.53000068664551,25.53000068664551,1758600.0
2016-12-31,468980000.0,-76048000.0,392932000.0,-313473000.0,-128068000.0,-181516000.0,-3889000.0,79459000.0,-883000.0,-6364000.0,78576000,-26342000.0,52234000,-13757000.0,38477000,,38477000,38477000,468289000.0,157171000.0,39475000.0,702034000.0,238607000.0,12949000.0,1143318000.0,1394874000.0,2096908000,239496000.0,,585562000.0,643493000.0,769576000.0,1355138000,1820081000.0,-1190053000.0,136902000.0,741770000.0,2096908000,38477000.0,29862000.0,17352000.0,111171000.0,,,,,196862000.0,-10819000.0,5601000.0,,-5214000.0,,0.0,-234946000.0,-236640000.0,-59101000,2016-12-30,25.53000068664551,25.63999938964844,25.18000030517578,25.21999931335449,25.21999931335449,1064200.0
2017-03-31,476911000.0,-61792000.0,415119000.0,-337305000.0,-135163000.0,-198286000.0,-3856000.0,77814000.0,-5420000.0,-6479000.0,72394000,1788000.0,74182000,-5923000.0,68259000,,68259000,68259000,547607000.0,180571000.0,30734000.0,800004000.0,243949000.0,13127000.0,1134118000.0,1391194000.0,2191198000,193978000.0,,575826000.0,643709000.0,774780000.0,1350606000,1824306000.0,-1166599000.0,205161000.0,840592000.0,2191198000,68259000.0,28894000.0,29907000.0,-34630000.0,,,,,92430000.0,-14843000.0,107000.0,,-14736000.0,,0.0,22715000.0,-548000.0,78896000,2017-03-31,31.38999938964844,31.479999542236328,31.270000457763672,31.399999618530273,31.399999618530273,4610600.0
2017-06-30,479001000.0,-60832000.0,418169000.0,-336408000.0,-136671000.0,-195901000.0,-3836000.0,81761000.0,-5324000.0,-6248000.0,76437000,929000.0,77366000,-8239000.0,69127000,,69127000,69127000,659227000.0,153154000.0,31894000.0,883450000.0,249140000.0,13340000.0,1121769000.0,1384249000.0,2267699000,222216000.0,,544725000.0,643927000.0,771181000.0,1315906000,1848719000.0,-1156626000.0,274288000.0,951793000.0,2267699000,69127000.0,29410000.0,33531000.0,30072000.0,,,,,162140000.0,-12645000.0,82000.0,,-12563000.0,,-50000000.0,7252000.0,-46097000.0,111870000,2017-06-30,33.549999237060554,33.77000045776367,33.34999847412109,33.490001678466804,33.490001678466804,1210100.0
2017-09-30,485398000.0,-54482000.0,430916000.0,-350586000.0,-140565000.0,-206568000.0,-3453000.0,80330000.0,6162000.0,-6225000.0,86492000,55000.0,86547000,-5390000.0,81157000,,81157000,81157000,682419000.0,170312000.0,36000000.0,931105000.0,244620000.0,11590000.0,1117912000.0,1374122000.0,2305227000,199672000.0,,520134000.0,644146000.0,774353000.0,1294487000,1807839000.0,-1142524000.0,355445000.0,1010740000.0,2305227000,81157000.0,28301000.0,24462000.0,-44606000.0,,,,,89314000.0,-12188000.0,232000.0,,-3398000.0,,0.0,-34561000.0,-62872000.0,22286000,2017-09-29,39.08000183105469,39.47000122070313,38.97999954223633,39.47000122070313,39.47000122070313,3644400.0
2017-12-31,501722000.0,-60284000.0,441438000.0,-347982000.0,-140943000.0,-203468000.0,-3571000.0,93456000.0,-4327000.0,-6712000.0,89129000,-12178000.0,76951000,-91393000.0,-14442000,,-14442000,-14442000,688087000.0,190426000.0,33209000.0,979988000.0,251342000.0,12239000.0,1175145000.0,1438726000.0,2418714000,221101000.0,,642398000.0,644369000.0,787114000.0,1429512000,1829950000.0,-1178121000.0,341003000.0,989202000.0,2418714000,-14442000.0,28919000.0,117090000.0,-4711000.0,,,,,126856000.0,-18225000.0,412000.0,,-160512000.0,,85000000.0,-46466000.0,39370000.0,9803000,2017-12-29,42.310001373291016,42.4900016784668,41.810001373291016,41.81999969482422,41.81999969482422,1633000.0
2018-03-31,517313000.0,-63209000.0,454104000.0,-370262000.0,-142447000.0,-224185000.0,-3630000.0,83842000.0,-7664000.0,-6975000.0,76178000,1991000.0,78169000,-5284000.0,72885000,,72885000,72885000,752434000.0,225822000.0,30090000.0,1069943000.0,249810000.0,9380000.0,1157540000.0,1416730000.0,2486673000,210784000.0,299826000.0,866249000.0,344766000.0,478126000.0,1344375000,1858692000.0,-1222151000.0,499817000.0,1142298000.0,2486673000,72885000.0,29389000.0,39056000.0,16317000.0,,,,,157647000.0,-13128000.0,0.0,,-13128000.0,,-40000000.0,-26674000.0,-97056000.0,58881000,2018-03-29,36.400001525878906,37.5099983215332,36.36999893188477,36.77000045776367,36.77000045776367,3697000.0
2018-06-30,518391000.0,-58960000.0,459431000.0,-366822000.0,-144175000.0,-219129000.0,-3518000.0,92609000.0,-3031000.0,-6669000.0,89578000,447000.0,90025000,-14876000.0,75149000,,75149000,75149000,825382000.0,219072000.0,28558000.0,1129054000.0,252193000.0,4740000.0,1141878000.0,1398811000.0,2527865000,243158000.0,299879000.0,870115000.0,344939000.0,469762000.0,1339877000,1861135000.0,-1234941000.0,574966000.0,1187988000.0,2527865000,75149000.0,29893000.0,41392000.0,58832000.0,,,,,205266000.0,-17977000.0,0.0,,-17977000.0,,-45000000.0,-47695000.0,-96305000.0,72572000,2018-06-29,43.2400016784668,43.52999877929688,43.09000015258789,43.310001373291016,43.310001373291016,1563900.0
2018-09-30,532468000.0,-60454000.0,472014000.0,-368556000.0,-141855000.0,-223231000.0,-3470000.0,103458000.0,-4071000.0,-5177000.0,99387000,172000.0,99559000,-241000.0,99318000,,99318000,99318000,550031000.0,240836000.0,30535000.0,888381000.0,248165000.0,4395000.0,1132266000.0,1384826000.0,2273207000,212153000.0,,541321000.0,345113000.0,474469000.0,1015790000,1897749000.0,-1292265000.0,674284000.0,1257417000.0,2273207000,99318000.0,29721000.0,46164000.0,-65249000.0,,,,,109954000.0,-10656000.0,0.0,,-10656000.0,,-300000000.0,-37477000.0,-366971000.0,-274955000,2018-09-28,44.93000030517578,45.34000015258789,44.77999877929688,45.31999969482422,45.31999969482422,1189900.0
2018-12-31,569850000.0,-76124000.0,493726000.0,-366337000.0,-144598000.0,-218271000.0,-3468000.0,127389000.0,-5053000.0,-4318000.0,122336000,-13699000.0,108637000,-10212000.0,98425000,,98425000,98425000,533298000.0,297082000.0,28162000.0,951092000.0,252630000.0,5972000.0,1258960000.0,1517562000.0,2468654000,256526000.0,,708982000.0,345291000.0,471271000.0,1180253000,1936124000.0,-1395652000.0,772709000.0,1288401000.0,2468654000,98425000.0,29718000.0,35600000.0,-31859000.0,,,,,131884000.0,-19742000.0,-112342000.0,,-132084000.0,,100000000.0,-97305000.0,-7607000.0,-11287000,2018-12-31,43.599998474121094,43.790000915527344,43.150001525878906,43.47999954223633,43.47999954223633,1202200.0
2019-03-31,576742000.0,-70585000.0,506157000.0,-378450000.0,-146932000.0,-228210000.0,-3308000.0,127707000.0,-150000.0,-5391000.0,127557000,689000.0,128246000,-7691000.0,120555000,,120555000,120555000,538898000.0,264767000.0,37480000.0,917947000.0,253392000.0,3241000.0,1371731000.0,1628364000.0,2546311000,235688000.0,,631439000.0,345470000.0,549035000.0,1180474000,1944895000.0,-1446247000.0,893264000.0,1365837000.0,2546311000,120555000.0,29740000.0,34827000.0,292000.0,,,,,185414000.0,-15275000.0,-33664000.0,,-45987000.0,,-50000000.0,-51256000.0,-134078000.0,5600000,2019-03-29,63.1500015258789,63.56000137329102,62.79999923706055,63.5099983215332,63.5099983215332,1899100.0
2019-06-30,580419000.0,-61469000.0,518950000.0,-385588000.0,-150615000.0,-231814000.0,-3159000.0,133362000.0,-5086000.0,-4976000.0,128276000,313000.0,128589000,-21354000.0,107235000,,107235000,107235000,633415000.0,237609000.0,49299000.0,979241000.0,257882000.0,2140000.0,1373062000.0,1633084000.0,2612325000,246591000.0,,610183000.0,345652000.0,571597000.0,1181780000,1984464000.0,-1526421000.0,1000499000.0,1430545000.0,2612325000,107235000.0,31457000.0,46558000.0,61110000.0,,,,,246360000.0,-15287000.0,-53000.0,,-15678000.0,,-50000000.0,-72009000.0,-134885000.0,94517000,2019-06-28,70.38999938964844,70.93000030517578,69.94999694824219,70.80999755859375,70.80999755859375,3560800.0
2019-09-30,579603000.0,-60975000.0,518628000.0,-397988000.0,-154572000.0,-240542000.0,-2874000.0,120640000.0,-4118000.0,-4240000.0,116522000,186000.0,116708000,-15194000.0,101514000,,101514000,101514000,655216000.0,274914000.0,66745000.0,1049949000.0,259453000.0,1204000.0,1351592000.0,1612249000.0,2662198000,274882000.0,,618982000.0,345833000.0,562954000.0,1181936000,2007268000.0,-1589027000.0,1102013000.0,1480262000.0,2662198000,101514000.0,30203000.0,49992000.0,-43179000.0,,,,,138530000.0,-16965000.0,0.0,,-16965000.0,,0.0,-58739000.0,-88057000.0,21801000,2019-09-30,65.41999816894531,66.45999908447266,65.06999969482422,66.08000183105469,66.08000183105469,1592200.0
2019-12-31,599555000.0,-73328000.0,526227000.0,-407519000.0,-169360000.0,-235372000.0,-2787000.0,118708000.0,-3474000.0,-4222000.0,115234000,-9809000.0,105425000,554250000.0,659675000,,659675000,659675000,705210000.0,304546000.0,55802000.0,1169343000.0,275855000.0,,1912027000.0,2187882000.0,3357225000,316908000.0,,672391000.0,346019000.0,581940000.0,1254331000,2046237000.0,-1668105000.0,1761688000.0,2102894000.0,3357225000,659675000.0,31389000.0,-519855000.0,-11913000.0,,,,,159296000.0,-27078000.0,2952000.0,-338000.0,-27078000.0,,0.0,-71302000.0,-86866000.0,49994000,2019-12-31,69.80999755859375,70.4800033569336,69.25,69.36000061035156,69.36000061035156,1538700.0
2020-03-31,617957000.0,-74463000.0,543494000.0,-405210000.0,-159336000.0,-241668000.0,-4206000.0,138284000.0,-9171000.0,-4637000.0,129113000,1067000.0,130180000,-6192000.0,123988000,,123988000,123988000,946285000.0,284093000.0,60575000.0,1399507000.0,281207000.0,,2087259000.0,2368466000.0,3767973000,236813000.0,,1012429000.0,346205000.0,597550000.0,1609979000,2099425000.0,-1778533000.0,1883677000.0,2157994000.0,3767973000,123988000.0,33321000.0,54667000.0,5743000.0,,,,,217719000.0,-22179000.0,,-193820000.0,-215999000.0,,350000000.0,-66710000.0,245762000.0,241075000,2020-03-31,66.11000061035156,67.47000122070311,65.33999633789061,66.04000091552734,66.04000091552734,3451400.0
2020-06-30,638418000.0,-75215000.0,563203000.0,-411528000.0,-156117000.0,-250821000.0,-4590000.0,151675000.0,-1284000.0,-5914000.0,150391000,275000.0,150666000,-19378000.0,131288000,,131288000,131288000,1189186000.0,312758000.0,43924000.0,1639783000.0,282738000.0,,2076976000.0,2359714000.0,3999497000,306948000.0,,1151887000.0,346394000.0,590979000.0,1742866000,2143016000.0,-1856333000.0,2014965000.0,2256631000.0,3999497000,131288000.0,36581000.0,42879000.0,134376000.0,,,,,345124000.0,-21356000.0,,-1298000.0,-22654000.0,,0.0,-64659000.0,-80788000.0,242901000,2020-06-30,94.4499969482422,96.55999755859376,94.06999969482422,95.95999908447266,95.95999908447266,1971400.0
