Report Date,Revenue,Cost of Revenue,Gross Profit,Operating Expenses,"Selling, General & Administrative",Research & Development,Depreciation & Amortization,Operating Income (Loss),Non-Operating Income (Loss),"Interest Expense, Net","Pretax Income (Loss), Adj.",Abnormal Gains (Losses),Pretax Income (Loss),"Income Tax (Expense) Benefit, Net",Income (Loss) from Continuing Operations,Net Extraordinary Gains (Losses),Net Income,Net Income (Common),"Cash, Cash Equivalents & Short Term Investments",Accounts & Notes Receivable,Inventories,Total Current Assets,"Property, Plant & Equipment, Net",Long Term Investments & Receivables,Other Long Term Assets,Total Noncurrent Assets,Total Assets,Payables & Accruals,Short Term Debt,Total Current Liabilities,Long Term Debt,Total Noncurrent Liabilities,Total Liabilities,Share Capital & Additional Paid-In Capital,Treasury Stock,Retained Earnings,Total Equity,Total Liabilities & Equity,Net Income/Starting Line,Depreciation & Amortization,Non-Cash Items,Change in Working Capital,Change in Accounts Receivable,Change in Inventories,Change in Accounts Payable,Change in Other,Net Cash from Operating Activities,Change in Fixed Assets & Intangibles,Net Change in Long Term Investment,Net Cash from Acquisitions & Divestitures,Net Cash from Investing Activities,Dividends Paid,Cash from (Repayment of) Debt,Cash from (Repurchase of) Equity,Net Cash from Financing Activities,Net Change in Cash,Price Date,Open,High,Low,Close,Adj Close,Volume
2009-09-30,1304000000.0,-1038000000.0,266000000.0,-244000000.0,-110000000.0,-18000000.0,-20000000.0,22000000.0,-17000000.0,-49000000.0,5000000,43000000.0,48000000,350000000.0,398000000,0.0,398000000,395000000,1297000000.0,728000000.0,467000000.0,2862000000.0,2687000000.0,83000000.0,2618000000.0,5388000000.0,8250000000,586000000.0,265000000.0,1473000000.0,3312000000.0,6091000000.0,7564000000,503000000.0,-781000000.0,1505000000.0,686000000.0,8250000000,398000000.0,86000000.0,-334000000.0,-39000000.0,,,,,109000000.0,34000000.0,0.0,-1000000.0,8000000.0,-8000000.0,15000000.0,0.0,7000000.0,148000000,2009-09-30,25.54999923706055,25.63999938964844,24.78000068664551,25.0,20.80784034729004,1889500.0
2009-12-31,1388000000.0,-1099000000.0,289000000.0,-182000000.0,-136000000.0,-14000000.0,-19000000.0,107000000.0,-17000000.0,-50000000.0,90000000,2000000.0,92000000,-85000000.0,7000000,4000000.0,11000000,9000000,1257000000.0,721000000.0,522000000.0,2856000000.0,2797000000.0,80000000.0,2679000000.0,5556000000.0,8412000000,721000000.0,242000000.0,1607000000.0,3259000000.0,6219000000.0,7826000000,522000000.0,-781000000.0,1505000000.0,586000000.0,8412000000,6000000.0,77000000.0,-25000000.0,131000000.0,,,,,188000000.0,-146000000.0,0.0,-8000000.0,-160000000.0,-8000000.0,-64000000.0,13000000.0,-60000000.0,-39000000,2009-12-31,32.389999389648445,32.389999389648445,32.009998321533196,32.09999847412109,26.75943946838379,420700.0
2010-03-31,1388000000.0,-1170000000.0,218000000.0,-234000000.0,-124000000.0,-18000000.0,-15000000.0,-16000000.0,7000000.0,-48000000.0,-9000000,2000000.0,-7000000,20000000.0,13000000,1000000.0,14000000,11000000,1143000000.0,801000000.0,545000000.0,2851000000.0,2723000000.0,79000000.0,2549000000.0,5351000000.0,8202000000,698000000.0,258000000.0,1540000000.0,3233000000.0,6088000000.0,7628000000,530000000.0,-781000000.0,1511000000.0,574000000.0,8202000000,14000000.0,93000000.0,74000000.0,-123000000.0,,,,,55000000.0,-124000000.0,,0.0,-132000000.0,-9000000.0,-9000000.0,3000000.0,-15000000.0,-115000000,2010-03-31,32.209999084472656,32.84000015258789,31.770000457763672,31.85000038146973,26.58318901062012,1890100.0
2010-06-30,1517000000.0,-1214000000.0,303000000.0,-162000000.0,-124000000.0,-17000000.0,-15000000.0,141000000.0,68000000.0,-48000000.0,209000000,15000000.0,224000000,-61000000.0,163000000,-3000000.0,160000000,160000000,1083000000.0,862000000.0,522000000.0,2822000000.0,2676000000.0,75000000.0,2532000000.0,5283000000.0,8105000000,683000000.0,265000000.0,1510000000.0,3162000000.0,5906000000.0,7416000000,535000000.0,-801000000.0,1664000000.0,689000000.0,8105000000,160000000.0,66000000.0,-34000000.0,-33000000.0,,,,,164000000.0,-85000000.0,,-46000000.0,-143000000.0,-6000000.0,-38000000.0,-19000000.0,-63000000.0,-58000000,2010-06-30,25.270000457763672,25.78000068664551,24.84000015258789,24.90999984741211,20.81559944152832,1251700.0
2010-09-30,1506000000.0,-1160000000.0,346000000.0,-121000000.0,-125000000.0,-17000000.0,-15000000.0,225000000.0,-14000000.0,-48000000.0,211000000,-20000000.0,191000000,-44000000.0,147000000,-2000000.0,145000000,145000000,886000000.0,897000000.0,578000000.0,2767000000.0,2884000000.0,79000000.0,2664000000.0,5627000000.0,8394000000,754000000.0,261000000.0,1637000000.0,3010000000.0,5840000000.0,7477000000,544000000.0,-822000000.0,1801000000.0,917000000.0,8394000000,145000000.0,67000000.0,-21000000.0,-50000000.0,,,,,144000000.0,-110000000.0,,0.0,-106000000.0,-8000000.0,-205000000.0,-17000000.0,-254000000.0,-197000000,2010-09-30,32.689998626708984,32.799999237060554,31.940000534057614,32.09999847412109,26.8746337890625,1120300.0
2010-12-31,1507000000.0,-1194000000.0,313000000.0,-165000000.0,-132000000.0,-18000000.0,-16000000.0,148000000.0,-10000000.0,-53000000.0,138000000,-8000000.0,130000000,-27000000.0,103000000,-45000000.0,58000000,58000000,818000000.0,827000000.0,610000000.0,2668000000.0,3017000000.0,,2596000000.0,5613000000.0,8281000000,690000000.0,228000000.0,1542000000.0,2990000000.0,5813000000.0,7355000000,574000000.0,-829000000.0,1851000000.0,926000000.0,8281000000,58000000.0,74000000.0,10000000.0,-56000000.0,,,,,89000000.0,-168000000.0,,0.0,-179000000.0,-8000000.0,-61000000.0,-1000000.0,-56000000.0,-144000000,2010-12-31,40.97000122070313,41.22999954223633,40.97000122070313,41.16999816894531,34.518585205078125,565000.0
2011-03-31,1589000000.0,-1238000000.0,351000000.0,-164000000.0,-128000000.0,-23000000.0,-16000000.0,187000000.0,-8000000.0,-54000000.0,179000000,1000000.0,180000000,-42000000.0,138000000,4000000.0,142000000,142000000,796000000.0,950000000.0,688000000.0,2851000000.0,3153000000.0,,2618000000.0,5771000000.0,8622000000,808000000.0,219000000.0,1610000000.0,3003000000.0,5876000000.0,7486000000,583000000.0,-832000000.0,1985000000.0,1136000000.0,8622000000,142000000.0,75000000.0,27000000.0,-110000000.0,,,,,132000000.0,-127000000.0,,-8000000.0,-151000000.0,-8000000.0,-3000000.0,2000000.0,-11000000.0,-18000000,2011-03-31,44.18000030517578,44.83000183105469,43.560001373291016,44.36999893188477,37.24435806274414,987500.0
2011-06-30,1753000000.0,-1343000000.0,410000000.0,-200000000.0,-140000000.0,-25000000.0,-17000000.0,210000000.0,74000000.0,-57000000.0,284000000,-4000000.0,280000000,-75000000.0,205000000,-2000000.0,203000000,203000000,811000000.0,1027000000.0,779000000.0,3014000000.0,3273000000.0,,2632000000.0,5905000000.0,8919000000,881000000.0,155000000.0,1641000000.0,2893000000.0,5905000000.0,7546000000,601000000.0,-842000000.0,2180000000.0,1373000000.0,8919000000,203000000.0,76000000.0,23000000.0,-122000000.0,,,,,184000000.0,-133000000.0,,0.0,18000000.0,-8000000.0,-173000000.0,2000000.0,-187000000.0,19000000,2011-06-30,52.61000061035156,53.88000106811523,52.33000183105469,53.31000137329102,44.7988395690918,1971400.0
2011-09-30,1807000000.0,-1406000000.0,401000000.0,-205000000.0,-140000000.0,-24000000.0,-17000000.0,196000000.0,5000000.0,-53000000.0,201000000,0.0,201000000,-34000000.0,167000000,0.0,167000000,167000000,768000000.0,978000000.0,777000000.0,2898000000.0,3233000000.0,,2580000000.0,5813000000.0,8711000000,842000000.0,161000000.0,1613000000.0,2893000000.0,5642000000.0,7255000000,601000000.0,-857000000.0,2338000000.0,1456000000.0,8711000000,167000000.0,80000000.0,1000000.0,-72000000.0,,,,,165000000.0,-149000000.0,,0.0,-163000000.0,-9000000.0,5000000.0,-13000000.0,-26000000.0,-37000000,2011-09-30,34.990001678466804,35.0,32.490001678466804,32.529998779296875,27.36695671081543,6062900.0
2011-12-31,1614000000.0,-1359000000.0,255000000.0,-444000000.0,-397000000.0,-26000000.0,-12000000.0,-189000000.0,-3000000.0,-54000000.0,-192000000,-2000000.0,-194000000,110000000.0,-84000000,-1000000.0,-85000000,-85000000,746000000.0,871000000.0,712000000.0,2703000000.0,3269000000.0,,2546000000.0,5815000000.0,8518000000,685000000.0,144000000.0,1385000000.0,2873000000.0,5792000000.0,7177000000,627000000.0,-860000000.0,2424000000.0,1341000000.0,8518000000,-85000000.0,80000000.0,115000000.0,47000000.0,,,,,157000000.0,-138000000.0,,0.0,-145000000.0,-9000000.0,-25000000.0,-2000000.0,-29000000.0,-22000000,2011-12-30,44.209999084472656,44.88000106811523,44.15999984741211,44.27000045776367,37.300071716308594,519100.0
2012-03-31,1633000000.0,-1359000000.0,274000000.0,-164000000.0,-126000000.0,-25000000.0,-13000000.0,110000000.0,9000000.0,-44000000.0,119000000,1000000.0,120000000,73000000.0,193000000,0.0,193000000,193000000,790000000.0,928000000.0,753000000.0,2817000000.0,3329000000.0,,2677000000.0,6006000000.0,8823000000,780000000.0,155000000.0,1471000000.0,2875000000.0,5811000000.0,7282000000,641000000.0,-880000000.0,2597000000.0,1541000000.0,8823000000,193000000.0,77000000.0,-86000000.0,31000000.0,,,,,215000000.0,-127000000.0,,-23000000.0,-155000000.0,-10000000.0,2000000.0,-13000000.0,-21000000.0,45000000,2012-03-30,46.4000015258789,46.88000106811523,45.68000030517578,46.18000030517578,38.95888137817383,1670600.0
2012-06-30,1675000000.0,-1340000000.0,335000000.0,-156000000.0,-115000000.0,-25000000.0,-13000000.0,179000000.0,100000000.0,-45000000.0,279000000,-1000000.0,278000000,-57000000.0,221000000,0.0,221000000,221000000,860000000.0,957000000.0,726000000.0,2866000000.0,3265000000.0,,2648000000.0,5913000000.0,8779000000,725000000.0,131000000.0,1340000000.0,2845000000.0,5662000000.0,7002000000,725000000.0,-888000000.0,2798000000.0,1777000000.0,8779000000,221000000.0,78000000.0,-38000000.0,-75000000.0,,,,,187000000.0,-90000000.0,,0.0,-128000000.0,-9000000.0,-35000000.0,40000000.0,25000000.0,73000000,2012-06-29,34.75,34.970001220703125,34.34000015258789,34.61999893188477,29.2437801361084,2165800.0
2012-09-30,1609000000.0,-1281000000.0,328000000.0,-146000000.0,-113000000.0,-23000000.0,-12000000.0,182000000.0,10000000.0,-44000000.0,192000000,-6000000.0,186000000,-57000000.0,129000000,-2000000.0,127000000,127000000,984000000.0,932000000.0,711000000.0,2968000000.0,3295000000.0,,2702000000.0,5997000000.0,8965000000,728000000.0,141000000.0,1395000000.0,2839000000.0,5655000000.0,7050000000,731000000.0,-897000000.0,2903000000.0,1915000000.0,8965000000,127000000.0,81000000.0,-33000000.0,85000000.0,,,,,259000000.0,-95000000.0,,0.0,-114000000.0,-12000000.0,-6000000.0,-6000000.0,-25000000.0,128000000,2012-09-28,37.93999862670898,38.349998474121094,37.63999938964844,37.90999984741211,32.08641815185547,2817600.0
2012-12-31,1501000000.0,-1257000000.0,244000000.0,-533000000.0,-476000000.0,-31000000.0,-13000000.0,-289000000.0,30000000.0,-50000000.0,-259000000,-3000000.0,-262000000,96000000.0,-166000000,-2000000.0,-168000000,-168000000,1012000000.0,827000000.0,711000000.0,2839000000.0,3350000000.0,,2811000000.0,6161000000.0,9000000000,687000000.0,168000000.0,1355000000.0,2930000000.0,5915000000.0,7270000000,731000000.0,-905000000.0,1993000000.0,1730000000.0,9000000000,-169000000.0,84000000.0,158000000.0,-14000000.0,,,,,61000000.0,-97000000.0,,0.0,-103000000.0,-12000000.0,102000000.0,-4000000.0,70000000.0,31000000,2012-12-31,43.209999084472656,44.54999923706055,43.08000183105469,44.52999877929688,37.76330947875977,810600.0
2013-03-31,1605000000.0,-1272000000.0,333000000.0,-147000000.0,-106000000.0,-26000000.0,-11000000.0,186000000.0,34000000.0,-43000000.0,220000000,-2000000.0,218000000,-77000000.0,141000000,1000000.0,142000000,142000000,1027000000.0,916000000.0,758000000.0,2986000000.0,3286000000.0,,2796000000.0,6082000000.0,9068000000,755000000.0,112000000.0,1351000000.0,2959000000.0,5882000000.0,7233000000,736000000.0,-905000000.0,2123000000.0,1835000000.0,9068000000,142000000.0,80000000.0,-33000000.0,-43000000.0,,,,,147000000.0,-77000000.0,,0.0,-87000000.0,-12000000.0,-24000000.0,1000000.0,-35000000.0,19000000,2013-03-28,43.31999969482422,44.08000183105469,42.9900016784668,44.04999923706055,37.4119758605957,1341500.0
2013-06-30,1653000000.0,-1334000000.0,319000000.0,-148000000.0,-113000000.0,-23000000.0,-9000000.0,171000000.0,39000000.0,-43000000.0,210000000,-2000000.0,208000000,-75000000.0,133000000,0.0,133000000,133000000,1152000000.0,929000000.0,738000000.0,3180000000.0,3325000000.0,,2817000000.0,6142000000.0,9322000000,856000000.0,224000000.0,1544000000.0,2860000000.0,5793000000.0,7337000000,745000000.0,-911000000.0,2242000000.0,1985000000.0,9322000000,133000000.0,78000000.0,-24000000.0,48000000.0,,,,,229000000.0,-66000000.0,,0.0,-90000000.0,-14000000.0,4000000.0,-4000000.0,-14000000.0,129000000,2013-06-28,45.34000015258789,45.38999938964844,44.38999938964844,44.79999923706055,38.12090301513672,1427600.0
2013-09-30,1636000000.0,-1290000000.0,346000000.0,-131000000.0,-97000000.0,-24000000.0,-6000000.0,215000000.0,18000000.0,-43000000.0,233000000,-3000000.0,230000000,-57000000.0,173000000,1000000.0,174000000,174000000,1144000000.0,949000000.0,753000000.0,3228000000.0,3391000000.0,,2893000000.0,6284000000.0,9512000000,891000000.0,224000000.0,1597000000.0,2870000000.0,5831000000.0,7428000000,753000000.0,-1007000000.0,2385000000.0,2084000000.0,9512000000,172000000.0,80000000.0,-19000000.0,-1000000.0,,,,,232000000.0,-109000000.0,,0.0,-113000000.0,-29000000.0,-7000000.0,-96000000.0,-134000000.0,-7000000,2013-09-30,52.08000183105469,52.849998474121094,52.06000137329102,52.790000915527344,45.08857727050781,897600.0
2013-12-31,1616000000.0,-1249000000.0,367000000.0,-160000000.0,5000000.0,-12000000.0,-6000000.0,207000000.0,11000000.0,-42000000.0,218000000,735000000.0,953000000,-299000000.0,654000000,-2000000.0,652000000,652000000,1025000000.0,867000000.0,804000000.0,3182000000.0,3425000000.0,,2411000000.0,5836000000.0,9018000000,817000000.0,177000000.0,1545000000.0,2887000000.0,4774000000.0,6319000000,53000000.0,-361000000.0,3011000000.0,2699000000.0,9018000000,654000000.0,81000000.0,-525000000.0,-57000000.0,,,,,154000000.0,-112000000.0,,0.0,-132000000.0,-28000000.0,-54000000.0,-56000000.0,-143000000.0,-116000000,2013-12-31,55.16999816894531,55.63999938964844,55.0,55.31000137329102,47.39297103881836,536600.0
2014-03-31,1705000000.0,-1327000000.0,378000000.0,-133000000.0,-104000000.0,-22000000.0,-6000000.0,245000000.0,30000000.0,-39000000.0,275000000,-2000000.0,273000000,-78000000.0,195000000,0.0,196000000,196000000,1041000000.0,986000000.0,816000000.0,3246000000.0,3519000000.0,,2364000000.0,5883000000.0,9129000000,864000000.0,157000000.0,1510000000.0,2881000000.0,4699000000.0,6209000000,61000000.0,-414000000.0,3179000000.0,2920000000.0,9129000000,195000000.0,76000000.0,-45000000.0,-62000000.0,,,,,164000000.0,-148000000.0,,0.0,-151000000.0,-28000000.0,-24000000.0,-53000000.0,4000000.0,14000000,2014-03-31,54.4000015258789,55.58000183105469,54.4000015258789,55.5099983215332,47.73135757446289,647300.0
2014-06-30,1769000000.0,-1361000000.0,408000000.0,-146000000.0,-119000000.0,-24000000.0,-5000000.0,262000000.0,91000000.0,-38000000.0,353000000,1000000.0,354000000,-94000000.0,260000000,0.0,261000000,261000000,1103000000.0,1045000000.0,816000000.0,3339000000.0,3577000000.0,,2417000000.0,5994000000.0,9333000000,903000000.0,158000000.0,1543000000.0,2880000000.0,4689000000.0,6232000000,73000000.0,-464000000.0,3399000000.0,3101000000.0,9333000000,258000000.0,75000000.0,-82000000.0,3000000.0,,,,,253000000.0,-125000000.0,,0.0,-132000000.0,-39000000.0,-6000000.0,-47000000.0,-54000000.0,66000000,2014-06-30,64.22000122070311,64.73000335693361,63.97000122070313,64.27999877929689,55.49827575683594,1121900.0
2014-09-30,1769000000.0,-1333000000.0,436000000.0,-125000000.0,-118000000.0,-22000000.0,-5000000.0,311000000.0,41000000.0,-38000000.0,352000000,-5000000.0,347000000,-90000000.0,257000000,-5000000.0,253000000,253000000,1546000000.0,1016000000.0,771000000.0,3687000000.0,3618000000.0,,2405000000.0,6023000000.0,9710000000,931000000.0,765000000.0,2189000000.0,2639000000.0,4386000000.0,6575000000,83000000.0,-562000000.0,3613000000.0,3135000000.0,9710000000,252000000.0,75000000.0,-54000000.0,100000000.0,,,,,379000000.0,-191000000.0,,0.0,-194000000.0,-39000000.0,387000000.0,-97000000.0,287000000.0,446000000,2014-09-30,59.9000015258789,59.9000015258789,58.11999893188477,58.52000045776367,50.74312973022461,1011100.0
2014-12-31,1559000000.0,-1165000000.0,394000000.0,-445000000.0,-417000000.0,-18000000.0,-4000000.0,-51000000.0,50000000.0,-31000000.0,-1000000,-32000000.0,-33000000,-52000000.0,-85000000,-2000000.0,-86000000,-86000000,812000000.0,801000000.0,782000000.0,2698000000.0,3733000000.0,,2365000000.0,6098000000.0,8796000000,762000000.0,137000000.0,1338000000.0,2586000000.0,4380000000.0,5718000000,103000000.0,-611000000.0,3491000000.0,3078000000.0,8796000000,-85000000.0,72000000.0,221000000.0,-32000000.0,,,,,166000000.0,-214000000.0,,-10000000.0,-228000000.0,-38000000.0,-634000000.0,-48000000.0,-652000000.0,-730000000,2014-12-31,60.849998474121094,61.43999862670898,59.95000076293945,59.959999084472656,52.21808624267578,378500.0
2015-03-31,1450000000.0,-1069000000.0,381000000.0,-126000000.0,-98000000.0,-20000000.0,-3000000.0,255000000.0,49000000.0,-27000000.0,304000000,2000000.0,306000000,-72000000.0,234000000,0.0,236000000,236000000,880000000.0,804000000.0,744000000.0,2696000000.0,3685000000.0,,2245000000.0,5930000000.0,8626000000,719000000.0,128000000.0,1195000000.0,2536000000.0,4232000000.0,5427000000,105000000.0,-611000000.0,3689000000.0,3199000000.0,8626000000,234000000.0,68000000.0,19000000.0,-50000000.0,,,,,270000000.0,-162000000.0,,0.0,-173000000.0,-38000000.0,-15000000.0,0.0,17000000.0,71000000,2015-03-31,56.0099983215332,56.11000061035156,55.27999877929688,55.86000061035156,48.85901641845703,748300.0
2015-06-30,1477000000.0,-1102000000.0,375000000.0,-178000000.0,-106000000.0,-59000000.0,-3000000.0,197000000.0,39000000.0,-29000000.0,236000000,-9000000.0,227000000,-24000000.0,203000000,-2000000.0,205000000,205000000,1017000000.0,873000000.0,762000000.0,2923000000.0,3771000000.0,,2294000000.0,6065000000.0,8988000000,841000000.0,123000000.0,1268000000.0,2552000000.0,4235000000.0,5503000000,120000000.0,-611000000.0,3848000000.0,3485000000.0,8988000000,201000000.0,107000000.0,-8000000.0,-22000000.0,,,,,283000000.0,-165000000.0,,-3000000.0,-181000000.0,-46000000.0,-12000000.0,2000000.0,18000000.0,137000000,2015-06-30,72.1500015258789,72.4800033569336,71.83999633789062,71.87999725341797,63.1571159362793,1280600.0
2015-09-30,1413000000.0,-1110000000.0,303000000.0,-119000000.0,-93000000.0,-19000000.0,-3000000.0,184000000.0,39000000.0,-29000000.0,223000000,2000000.0,225000000,-74000000.0,151000000,0.0,161000000,161000000,982000000.0,793000000.0,738000000.0,2796000000.0,3778000000.0,,2334000000.0,6112000000.0,8908000000,715000000.0,463000000.0,1516000000.0,2541000000.0,4195000000.0,5711000000,127000000.0,-1031000000.0,3962000000.0,3197000000.0,8908000000,151000000.0,82000000.0,-67000000.0,8000000.0,,,,,173000000.0,-104000000.0,,0.0,-107000000.0,-47000000.0,335000000.0,-420000000.0,-99000000.0,-36000000,2015-09-30,57.31000137329102,59.290000915527344,56.599998474121094,59.16999816894531,52.22843933105469,1466600.0
2015-12-31,1334000000.0,-1075000000.0,259000000.0,-564000000.0,-209000000.0,-21000000.0,-2000000.0,-305000000.0,35000000.0,-33000000.0,-270000000,0.0,-270000000,-31000000.0,-301000000,0.0,-298000000,-298000000,997000000.0,706000000.0,682000000.0,2787000000.0,3609000000.0,,2190000000.0,5799000000.0,8586000000,677000000.0,513000000.0,1550000000.0,2468000000.0,4207000000.0,5757000000,136000000.0,-1031000000.0,3621000000.0,2829000000.0,8586000000,-301000000.0,106000000.0,283000000.0,53000000.0,,,,,136000000.0,-85000000.0,,-3000000.0,-97000000.0,-43000000.0,15000000.0,1000000.0,-2000000.0,15000000,2015-12-31,67.11000061035156,67.93000030517578,66.88999938964844,67.33000183105469,59.68648147583008,428400.0
2016-03-31,1404000000.0,-1014000000.0,390000000.0,-106000000.0,-80000000.0,-19000000.0,-2000000.0,284000000.0,33000000.0,-32000000.0,317000000,1000000.0,318000000,-60000000.0,258000000,1000000.0,257000000,257000000,747000000.0,830000000.0,667000000.0,2503000000.0,3640000000.0,,2249000000.0,5889000000.0,8392000000,699000000.0,116000000.0,1095000000.0,2487000000.0,4199000000.0,5294000000,125000000.0,-1031000000.0,3834000000.0,3098000000.0,8392000000,259000000.0,74000000.0,-16000000.0,-29000000.0,,,,,287000000.0,-70000000.0,,0.0,-75000000.0,-44000000.0,-406000000.0,1000000.0,-473000000.0,-251000000,2016-03-31,65.93000030517578,66.02999877929689,65.33999633789061,65.5,58.37176513671875,618800.0
2016-06-30,1351000000.0,-1013000000.0,338000000.0,-96000000.0,-71000000.0,-19000000.0,-2000000.0,242000000.0,32000000.0,-30000000.0,274000000,1000000.0,275000000,-52000000.0,223000000,0.0,221000000,221000000,770000000.0,792000000.0,636000000.0,2456000000.0,3588000000.0,,2204000000.0,5792000000.0,8248000000,667000000.0,119000000.0,1087000000.0,2464000000.0,4110000000.0,5197000000,133000000.0,-1231000000.0,4001000000.0,3051000000.0,8248000000,223000000.0,75000000.0,25000000.0,29000000.0,,,,,349000000.0,-56000000.0,,0.0,-63000000.0,-54000000.0,-1000000.0,-198000000.0,-259000000.0,19000000,2016-06-30,64.76000213623047,65.47000122070311,64.19000244140625,65.44999694824219,58.62236022949219,920800.0
2016-09-30,1323000000.0,-968000000.0,355000000.0,-107000000.0,-81000000.0,-20000000.0,-3000000.0,248000000.0,39000000.0,-28000000.0,287000000,-6000000.0,281000000,-15000000.0,266000000,-3000000.0,262000000,262000000,1286000000.0,791000000.0,652000000.0,2978000000.0,3578000000.0,,2201000000.0,5779000000.0,8757000000,707000000.0,92000000.0,1098000000.0,2923000000.0,4508000000.0,5606000000,140000000.0,-1331000000.0,4211000000.0,3151000000.0,8757000000,263000000.0,74000000.0,-10000000.0,-27000000.0,,,,,304000000.0,-52000000.0,,0.0,-54000000.0,-52000000.0,437000000.0,-100000000.0,265000000.0,517000000,2016-09-30,65.93000030517578,66.88999938964844,65.73000335693361,66.55999755859375,59.946556091308594,845600.0
2016-12-31,1311000000.0,-989000000.0,322000000.0,-205000000.0,-184000000.0,-20000000.0,-2000000.0,117000000.0,39000000.0,-28000000.0,156000000,0.0,156000000,5000000.0,161000000,0.0,160000000,160000000,668000000.0,801000000.0,720000000.0,2472000000.0,3577000000.0,,2308000000.0,5885000000.0,8357000000,637000000.0,118000000.0,1077000000.0,2890000000.0,4259000000.0,5336000000,157000000.0,-1531000000.0,4320000000.0,3021000000.0,8357000000,161000000.0,72000000.0,-191000000.0,-91000000.0,,,,,-47000000.0,-56000000.0,,-178000000.0,-247000000.0,-51000000.0,-37000000.0,-197000000.0,-292000000.0,-614000000,2016-12-30,79.30000305175781,79.5,78.43000030517578,78.73999786376953,71.27687072753906,439800.0
2017-03-31,1471000000.0,-1121000000.0,350000000.0,-179000000.0,-103000000.0,-17000000.0,-4000000.0,171000000.0,48000000.0,-29000000.0,219000000,21000000.0,240000000,-56000000.0,184000000,0.0,183000000,183000000,532000000.0,886000000.0,717000000.0,2389000000.0,3571000000.0,,2328000000.0,5899000000.0,8288000000,646000000.0,107000000.0,1015000000.0,2851000000.0,4232000000.0,5247000000,149000000.0,-1662000000.0,4451000000.0,3041000000.0,8288000000,184000000.0,72000000.0,-1000000.0,-62000000.0,,,,,192000000.0,-61000000.0,,0.0,-64000000.0,-51000000.0,-69000000.0,-128000000.0,-270000000.0,-137000000,2017-03-31,89.44999694824219,90.52999877929688,89.31999969482422,89.8499984741211,81.66403198242188,959900.0
2017-06-30,1510000000.0,-1145000000.0,365000000.0,-141000000.0,-117000000.0,-17000000.0,-5000000.0,224000000.0,41000000.0,-29000000.0,265000000,16000000.0,281000000,-40000000.0,241000000,-8000000.0,231000000,231000000,541000000.0,985000000.0,771000000.0,2583000000.0,3663000000.0,,2637000000.0,6300000000.0,8883000000,708000000.0,384000000.0,1424000000.0,2931000000.0,4337000000.0,5761000000,158000000.0,-1834000000.0,4617000000.0,3122000000.0,8883000000,233000000.0,77000000.0,-6000000.0,-13000000.0,,,,,298000000.0,-54000000.0,,-268000000.0,-325000000.0,-65000000.0,262000000.0,-171000000.0,21000000.0,10000000,2017-06-30,94.12999725341795,95.37999725341795,93.76000213623048,94.94000244140624,86.7406997680664,817100.0
2017-09-30,1566000000.0,-1183000000.0,383000000.0,-157000000.0,-133000000.0,-19000000.0,-5000000.0,226000000.0,37000000.0,-31000000.0,263000000,26000000.0,289000000,-57000000.0,232000000,-4000000.0,226000000,226000000,492000000.0,989000000.0,809000000.0,2613000000.0,3706000000.0,,2743000000.0,6449000000.0,9062000000,772000000.0,435000000.0,1550000000.0,2954000000.0,4377000000.0,5927000000,171000000.0,-2031000000.0,4781000000.0,3135000000.0,9062000000,228000000.0,82000000.0,-69000000.0,13000000.0,,,,,255000000.0,-64000000.0,,-1000000.0,-68000000.0,-62000000.0,25000000.0,-200000000.0,-247000000.0,-50000000,2017-09-29,104.22000122070312,104.56999969482422,103.47000122070312,104.2699966430664,95.72241973876952,664800.0
2017-12-31,1593000000.0,-1180000000.0,413000000.0,-171000000.0,-143000000.0,-20000000.0,-6000000.0,242000000.0,48000000.0,-31000000.0,290000000,-25000000.0,265000000,-60000000.0,205000000,-1000000.0,203000000,203000000,608000000.0,986000000.0,900000000.0,2792000000.0,3762000000.0,,2984000000.0,6746000000.0,9538000000,879000000.0,326000000.0,1559000000.0,3315000000.0,4680000000.0,6239000000,175000000.0,-2031000000.0,4920000000.0,3299000000.0,9538000000,204000000.0,79000000.0,-461000000.0,235000000.0,,,,,58000000.0,-87000000.0,,0.0,-92000000.0,-63000000.0,225000000.0,0.0,145000000.0,115000000,2017-12-29,108.36000061035156,108.87000274658205,106.97000122070312,107.08000183105469,98.73030853271484,402300.0
2018-03-31,1851000000.0,-1336000000.0,515000000.0,-171000000.0,-147000000.0,-18000000.0,-6000000.0,344000000.0,63000000.0,-31000000.0,407000000,25000000.0,432000000,-65000000.0,367000000,-2000000.0,363000000,363000000,522000000.0,1205000000.0,955000000.0,3006000000.0,3801000000.0,,2973000000.0,6774000000.0,9780000000,911000000.0,425000000.0,1602000000.0,3343000000.0,4513000000.0,6115000000,192000000.0,-2031000000.0,5220000000.0,3665000000.0,9780000000,365000000.0,80000000.0,7000000.0,-309000000.0,,,,,143000000.0,-77000000.0,,-144000000.0,-235000000.0,-63000000.0,68000000.0,0.0,-2000000.0,-86000000,2018-03-29,100.51000213623048,101.41000366210938,100.0500030517578,100.20999908447266,92.8100357055664,1437300.0
2018-06-30,1844000000.0,-1323000000.0,521000000.0,-164000000.0,-136000000.0,-18000000.0,-7000000.0,357000000.0,58000000.0,-32000000.0,415000000,27000000.0,442000000,-97000000.0,345000000,0.0,344000000,344000000,740000000.0,1156000000.0,917000000.0,3153000000.0,3724000000.0,,2912000000.0,6636000000.0,9789000000,930000000.0,366000000.0,1610000000.0,3228000000.0,4392000000.0,6002000000,208000000.0,-2131000000.0,5491000000.0,3787000000.0,9789000000,345000000.0,88000000.0,33000000.0,120000000.0,,,,,585000000.0,-79000000.0,,0.0,-96000000.0,-73000000.0,-74000000.0,-100000000.0,-254000000.0,218000000,2018-06-29,111.19000244140624,113.0500030517578,111.02999877929688,111.05999755859376,103.36163330078124,700100.0
2018-09-30,1771000000.0,-1255000000.0,516000000.0,-140000000.0,-129000000.0,-18000000.0,-5000000.0,376000000.0,63000000.0,-28000000.0,439000000,23000000.0,462000000,-54000000.0,408000000,-6000000.0,401000000,401000000,734000000.0,1086000000.0,1033000000.0,3180000000.0,3699000000.0,,2945000000.0,6644000000.0,9824000000,956000000.0,229000000.0,1532000000.0,3196000000.0,4349000000.0,5881000000,222000000.0,-2281000000.0,5819000000.0,3943000000.0,9824000000,402000000.0,90000000.0,-44000000.0,14000000.0,,,,,467000000.0,-75000000.0,,0.0,-78000000.0,-73000000.0,-154000000.0,-150000000.0,-383000000.0,-5000000,2018-09-28,113.52999877929688,114.5999984741211,113.26000213623048,114.0,106.60289764404295,796400.0
2018-12-31,1689000000.0,-1269000000.0,420000000.0,-158000000.0,-134000000.0,-18000000.0,-6000000.0,262000000.0,55000000.0,-28000000.0,317000000,-143000000.0,174000000,-76000000.0,98000000,3000000.0,99000000,99000000,470000000.0,1017000000.0,1046000000.0,2874000000.0,3719000000.0,,2720000000.0,6439000000.0,9313000000,875000000.0,561000000.0,1779000000.0,2970000000.0,4155000000.0,5934000000,233000000.0,-2849000000.0,5847000000.0,3379000000.0,9313000000,101000000.0,91000000.0,258000000.0,-73000000.0,,,,,363000000.0,-106000000.0,,13000000.0,-98000000.0,-71000000.0,120000000.0,-555000000.0,-526000000.0,-264000000,2018-12-31,89.69999694824219,90.91000366210938,88.69999694824219,89.97000122070312,84.60601043701172,1226000.0
2019-03-31,1687000000.0,-1234000000.0,453000000.0,-138000000.0,-120000000.0,-16000000.0,-6000000.0,315000000.0,48000000.0,-30000000.0,363000000,22000000.0,385000000,-46000000.0,339000000,-1000000.0,337000000,337000000,470000000.0,1015000000.0,1009000000.0,2884000000.0,3721000000.0,,2969000000.0,6690000000.0,9574000000,768000000.0,743000000.0,1822000000.0,2933000000.0,4313000000.0,6135000000,224000000.0,-3048000000.0,6114000000.0,3439000000.0,9574000000,338000000.0,84000000.0,9000000.0,-124000000.0,,,,,307000000.0,-79000000.0,,-91000000.0,-177000000.0,-70000000.0,178000000.0,-212000000.0,-130000000.0,2000000,2019-03-29,98.5199966430664,99.18000030517578,98.04000091552734,98.61000061035156,93.23670196533205,774200.0
2019-06-30,1592000000.0,-1169000000.0,423000000.0,-239000000.0,-118000000.0,-17000000.0,-6000000.0,184000000.0,40000000.0,-27000000.0,224000000,15000000.0,239000000,-28000000.0,211000000,-2000000.0,208000000,208000000,518000000.0,971000000.0,1011000000.0,2876000000.0,3642000000.0,,2988000000.0,6630000000.0,9506000000,787000000.0,319000000.0,1408000000.0,3444000000.0,4844000000.0,6252000000,233000000.0,-3347000000.0,6245000000.0,3254000000.0,9506000000,210000000.0,86000000.0,66000000.0,62000000.0,,,,,424000000.0,-65000000.0,,0.0,-66000000.0,-78000000.0,66000000.0,-276000000.0,-307000000.0,50000000,2019-06-28,106.37000274658205,108.11000061035156,106.37000274658205,107.8000030517578,102.5106430053711,2452300.0
2019-09-30,1586000000.0,-1172000000.0,414000000.0,-150000000.0,-120000000.0,-17000000.0,-6000000.0,264000000.0,46000000.0,-26000000.0,310000000,13000000.0,323000000,-53000000.0,270000000,-5000000.0,263000000,263000000,523000000.0,947000000.0,994000000.0,2843000000.0,3585000000.0,,2986000000.0,6571000000.0,9414000000,807000000.0,368000000.0,1533000000.0,3359000000.0,4742000000.0,6275000000,244000000.0,-3622000000.0,6431000000.0,3139000000.0,9414000000,265000000.0,95000000.0,-45000000.0,77000000.0,,,,,397000000.0,-81000000.0,,0.0,-82000000.0,-77000000.0,53000000.0,-275000000.0,-299000000.0,6000000,2019-09-30,122.43000030517578,122.9800033569336,121.16999816894531,122.29000091552734,116.93547821044922,777400.0
2019-12-31,1432000000.0,-1116000000.0,316000000.0,-250000000.0,-125000000.0,-17000000.0,-6000000.0,66000000.0,44000000.0,-26000000.0,110000000,-69000000.0,41000000,3000000.0,44000000,2000000.0,44000000,44000000,503000000.0,850000000.0,1038000000.0,2765000000.0,3713000000.0,,2998000000.0,6711000000.0,9476000000,797000000.0,496000000.0,1754000000.0,3409000000.0,4824000000.0,6578000000,254000000.0,-3846000000.0,6399000000.0,2898000000.0,9476000000,45000000.0,91000000.0,59000000.0,136000000.0,,,,,326000000.0,-145000000.0,-16000000.0,1000000.0,-168000000.0,-75000000.0,115000000.0,-234000000.0,-199000000.0,-34000000,2019-12-31,122.55999755859376,123.26000213623048,122.37000274658205,123.12000274658205,118.32305145263672,633000.0
2020-03-31,1460000000.0,-1112000000.0,348000000.0,-153000000.0,-125000000.0,-17000000.0,-5000000.0,195000000.0,70000000.0,-26000000.0,265000000,27000000.0,292000000,-65000000.0,227000000,-7000000.0,218000000,218000000,608000000.0,853000000.0,1036000000.0,2855000000.0,3678000000.0,,3012000000.0,6690000000.0,9545000000,757000000.0,749000000.0,1928000000.0,3356000000.0,4781000000.0,6709000000,242000000.0,-3996000000.0,6543000000.0,2836000000.0,9545000000,220000000.0,86000000.0,-37000000.0,-15000000.0,,,,,259000000.0,-119000000.0,,,-128000000.0,-74000000.0,252000000.0,-167000000.0,-16000000.0,107000000,2020-03-31,74.05000305175781,75.22000122070312,72.05999755859375,73.38999938964844,70.9285888671875,1006400.0
2020-06-30,1193000000.0,-951000000.0,242000000.0,-159000000.0,-114000000.0,-18000000.0,-6000000.0,83000000.0,37000000.0,-26000000.0,120000000,27000000.0,147000000,-35000000.0,112000000,-3000000.0,107000000,107000000,575000000.0,729000000.0,1031000000.0,2709000000.0,3725000000.0,,3072000000.0,6797000000.0,9506000000,645000000.0,1045000000.0,2262000000.0,2989000000.0,4375000000.0,6637000000,252000000.0,-3995000000.0,6576000000.0,2869000000.0,9506000000,109000000.0,89000000.0,27000000.0,153000000.0,,,,,379000000.0,-88000000.0,,-85000000.0,-181000000.0,-74000000.0,-148000000.0,0.0,-232000000.0,-31000000,2020-06-30,84.66999816894531,86.91000366210938,84.25,86.33999633789062,84.1126708984375,833900.0
