Report Date,Revenue,Cost of Revenue,Gross Profit,Operating Expenses,"Selling, General & Administrative",Research & Development,Depreciation & Amortization,Operating Income (Loss),Non-Operating Income (Loss),"Interest Expense, Net","Pretax Income (Loss), Adj.",Abnormal Gains (Losses),Pretax Income (Loss),"Income Tax (Expense) Benefit, Net",Income (Loss) from Continuing Operations,Net Extraordinary Gains (Losses),Net Income,Net Income (Common),"Cash, Cash Equivalents & Short Term Investments",Accounts & Notes Receivable,Inventories,Total Current Assets,"Property, Plant & Equipment, Net",Long Term Investments & Receivables,Other Long Term Assets,Total Noncurrent Assets,Total Assets,Payables & Accruals,Short Term Debt,Total Current Liabilities,Long Term Debt,Total Noncurrent Liabilities,Total Liabilities,Share Capital & Additional Paid-In Capital,Treasury Stock,Retained Earnings,Total Equity,Total Liabilities & Equity,Net Income/Starting Line,Depreciation & Amortization,Non-Cash Items,Change in Working Capital,Change in Accounts Receivable,Change in Inventories,Change in Accounts Payable,Change in Other,Net Cash from Operating Activities,Change in Fixed Assets & Intangibles,Net Change in Long Term Investment,Net Cash from Acquisitions & Divestitures,Net Cash from Investing Activities,Dividends Paid,Cash from (Repayment of) Debt,Cash from (Repurchase of) Equity,Net Cash from Financing Activities,Net Change in Cash,Price Date,Open,High,Low,Close,Adj Close,Volume
2010-06-30,1340000000.0,-664000000.0,676000000.0,-468000000.0,,,-131000000.0,208000000.0,-105000000.0,-113000000.0,103000000,56000000.0,159000000,-59000000.0,100000000,-16000000.0,82000000,80000000,536000000.0,769000000.0,104000000.0,2621000000.0,9804000000.0,52000000.0,2574000000.0,12430000000.0,15051000000,684000000.0,653000000.0,1736000000.0,6079000000.0,10322000000.0,12058000000,4571000000.0,,-1831000000.0,2993000000.0,15051000000,84000000.0,131000000.0,106000000.0,70000000.0,,,,,391000000.0,-234000000.0,,,-278000000.0,-40000000.0,-277000000.0,5000000.0,-332000000.0,-219000000,2010-06-30,14.93000030517578,15.020000457763672,14.59000015258789,14.649999618530273,10.064923286437988,2546800.0
2010-09-30,1443000000.0,-671000000.0,772000000.0,-455000000.0,,,-133000000.0,317000000.0,-87000000.0,-97000000.0,230000000,3000000.0,233000000,-87000000.0,146000000,0.0,145000000,134000000,696000000.0,746000000.0,104000000.0,3086000000.0,9918000000.0,49000000.0,2518000000.0,12485000000.0,15571000000,615000000.0,1031000000.0,2297000000.0,6203000000.0,10408000000.0,12705000000,4583000000.0,,-1731000000.0,2866000000.0,15571000000,146000000.0,133000000.0,174000000.0,-503000000.0,,,,,-50000000.0,-187000000.0,,,-236000000.0,-37000000.0,505000000.0,2000000.0,446000000.0,160000000,2010-09-30,18.229999542236328,18.3799991607666,18.010000228881836,18.020000457763672,12.49612045288086,4035800.0
2010-12-31,1682000000.0,-968000000.0,714000000.0,-556000000.0,,,-140000000.0,158000000.0,-111000000.0,-102000000.0,47000000,1000000.0,48000000,-17000000.0,31000000,-6000000.0,25000000,25000000,247000000.0,1051000000.0,104000000.0,2759000000.0,10069000000.0,49000000.0,2739000000.0,12857000000.0,15616000000,644000000.0,750000000.0,2021000000.0,6636000000.0,10758000000.0,12779000000,4590000000.0,,-1757000000.0,2837000000.0,15616000000,25000000.0,140000000.0,-184000000.0,-20000000.0,,,,,-39000000.0,-210000000.0,,,-277000000.0,-51000000.0,112000000.0,3000000.0,-133000000.0,-449000000,2010-12-31,18.75,18.84000015258789,18.59000015258789,18.600000381469727,13.04545783996582,2110400.0
2011-03-31,2055000000.0,-1241000000.0,814000000.0,-508000000.0,,,-162000000.0,306000000.0,-97000000.0,-103000000.0,209000000,1000000.0,210000000,-77000000.0,133000000,2000000.0,135000000,135000000,801000000.0,985000000.0,106000000.0,2741000000.0,10138000000.0,51000000.0,2712000000.0,12901000000.0,15642000000,517000000.0,1275000000.0,2290000000.0,6108000000.0,10421000000.0,12711000000,4602000000.0,,-1675000000.0,2931000000.0,15642000000,135000000.0,162000000.0,115000000.0,429000000.0,,,,,841000000.0,-191000000.0,,,-228000000.0,-53000000.0,0.0,,-61000000.0,554000000,2011-03-31,19.739999771118164,19.81999969482422,19.59000015258789,19.63999938964844,13.923917770385742,1771000.0
2011-06-30,1364000000.0,-696000000.0,668000000.0,-461000000.0,,,-122000000.0,207000000.0,-98000000.0,-102000000.0,109000000,2000000.0,111000000,-10000000.0,101000000,,100000000,100000000,994000000.0,776000000.0,106000000.0,2956000000.0,10255000000.0,52000000.0,2682000000.0,12989000000.0,15945000000,603000000.0,1123000000.0,2241000000.0,6361000000.0,10702000000.0,12943000000,4624000000.0,,-1628000000.0,3002000000.0,15945000000,101000000.0,122000000.0,42000000.0,110000000.0,,,,,375000000.0,-208000000.0,,,-243000000.0,-53000000.0,104000000.0,22000000.0,61000000.0,193000000,2011-06-30,19.81999969482422,19.84000015258789,19.63999938964844,19.690000534057614,14.10794448852539,1981200.0
2011-09-30,1464000000.0,-694000000.0,770000000.0,-454000000.0,,,-120000000.0,316000000.0,-96000000.0,-100000000.0,220000000,1000000.0,221000000,-81000000.0,140000000,,139000000,139000000,623000000.0,752000000.0,102000000.0,2860000000.0,10410000000.0,53000000.0,2635000000.0,13098000000.0,15958000000,708000000.0,1140000000.0,2214000000.0,6208000000.0,10657000000.0,12871000000,4625000000.0,,-1542000000.0,3087000000.0,15958000000,140000000.0,120000000.0,125000000.0,-406000000.0,,,,,-21000000.0,-225000000.0,,,-281000000.0,-53000000.0,-14000000.0,4000000.0,-69000000.0,-371000000,2011-09-30,19.649999618530273,19.940000534057614,19.649999618530273,19.790000915527344,14.338659286499025,5306300.0
2011-12-31,1620000000.0,-881000000.0,739000000.0,-565000000.0,,,-142000000.0,174000000.0,-112000000.0,-101000000.0,62000000,2000000.0,64000000,-23000000.0,41000000,0.0,41000000,41000000,161000000.0,918000000.0,92000000.0,2565000000.0,10633000000.0,50000000.0,3204000000.0,13887000000.0,16452000000,840000000.0,1057000000.0,2338000000.0,6207000000.0,11042000000.0,13380000000,4630000000.0,,-1553000000.0,3072000000.0,16452000000,41000000.0,142000000.0,-170000000.0,-39000000.0,,,,,-26000000.0,-258000000.0,,,-306000000.0,-52000000.0,-73000000.0,3000000.0,-130000000.0,-462000000,2011-12-30,22.309999465942386,22.3700008392334,22.07999992370605,22.07999992370605,16.165332794189453,1167600.0
2012-03-31,1743000000.0,-1019000000.0,724000000.0,-536000000.0,,,-172000000.0,188000000.0,-92000000.0,-98000000.0,96000000,2000000.0,98000000,-38000000.0,60000000,7000000.0,67000000,67000000,358000000.0,775000000.0,96000000.0,2268000000.0,10755000000.0,53000000.0,3084000000.0,13892000000.0,16160000000,637000000.0,837000000.0,1819000000.0,6355000000.0,11248000000.0,13067000000,4644000000.0,,-1548000000.0,3093000000.0,16160000000,67000000.0,172000000.0,89000000.0,307000000.0,,,,,635000000.0,-294000000.0,,,-313000000.0,-62000000.0,-54000000.0,1000000.0,-125000000.0,197000000,2012-03-30,21.93000030517578,22.06999969482422,21.84000015258789,22.0,16.285144805908207,2762500.0
2012-06-30,1333000000.0,-613000000.0,720000000.0,-460000000.0,,,-130000000.0,260000000.0,-94000000.0,-97000000.0,166000000,2000000.0,168000000,-67000000.0,101000000,,100000000,100000000,187000000.0,710000000.0,96000000.0,2206000000.0,10997000000.0,54000000.0,3036000000.0,14087000000.0,16293000000,791000000.0,653000000.0,1807000000.0,6378000000.0,11331000000.0,13138000000,4667000000.0,,-1511000000.0,3155000000.0,16293000000,101000000.0,130000000.0,105000000.0,-28000000.0,,,,,308000000.0,-281000000.0,,,-297000000.0,-63000000.0,-132000000.0,22000000.0,-182000000.0,-171000000,2012-06-29,23.54999923706055,23.690000534057614,23.36000061035156,23.5,17.57701301574707,2066000.0
2012-09-30,1507000000.0,-679000000.0,828000000.0,-486000000.0,,,-138000000.0,342000000.0,-98000000.0,-95000000.0,244000000,3000000.0,247000000,-98000000.0,149000000,,148000000,148000000,128000000.0,695000000.0,99000000.0,2360000000.0,11190000000.0,56000000.0,3002000000.0,14248000000.0,16608000000,703000000.0,510000000.0,1485000000.0,6866000000.0,11883000000.0,13368000000,4665000000.0,,-1426000000.0,3240000000.0,16608000000,149000000.0,138000000.0,137000000.0,-433000000.0,,,,,-9000000.0,-286000000.0,,,-328000000.0,-63000000.0,345000000.0,4000000.0,278000000.0,-59000000,2012-09-28,23.38999938964844,23.59000015258789,23.239999771118164,23.54999923706055,17.78752899169922,1858700.0
2012-12-31,1670000000.0,-888000000.0,782000000.0,-569000000.0,,,-158000000.0,213000000.0,-105000000.0,-94000000.0,108000000,1000000.0,109000000,-42000000.0,67000000,0.0,67000000,67000000,93000000.0,896000000.0,96000000.0,2422000000.0,11551000000.0,57000000.0,3101000000.0,14709000000.0,17131000000,647000000.0,541000000.0,1797000000.0,6863000000.0,12096000000.0,13893000000,4672000000.0,,-1423000000.0,3238000000.0,17131000000,67000000.0,158000000.0,84000000.0,-2000000.0,,,,,307000000.0,-366000000.0,,,-412000000.0,-64000000.0,139000000.0,3000000.0,70000000.0,-35000000,2012-12-31,24.03000068664551,24.38999938964844,23.93000030517578,24.3799991607666,18.598730087280273,2948200.0
2013-03-31,1979000000.0,-1117000000.0,862000000.0,-533000000.0,,,-181000000.0,329000000.0,-93000000.0,-98000000.0,236000000,3000000.0,239000000,-95000000.0,144000000,,144000000,144000000,586000000.0,987000000.0,99000000.0,2528000000.0,11667000000.0,60000000.0,3014000000.0,14741000000.0,17269000000,519000000.0,732000000.0,1645000000.0,6890000000.0,12274000000.0,13919000000,4706000000.0,,-1346000000.0,3350000000.0,17269000000,144000000.0,181000000.0,154000000.0,246000000.0,,,,,725000000.0,-274000000.0,,,-293000000.0,-67000000.0,114000000.0,24000000.0,61000000.0,493000000,2013-03-28,27.459999084472656,27.95000076293945,27.38999938964844,27.940000534057614,21.526731491088867,2240100.0
2013-06-30,1406000000.0,-683000000.0,723000000.0,-491000000.0,,,-137000000.0,232000000.0,-98000000.0,-100000000.0,134000000,1000000.0,135000000,-54000000.0,81000000,,80000000,80000000,537000000.0,804000000.0,103000000.0,2485000000.0,11916000000.0,63000000.0,2965000000.0,14944000000.0,17429000000,622000000.0,758000000.0,1802000000.0,6839000000.0,12267000000.0,14069000000,4713000000.0,,-1334000000.0,3360000000.0,17429000000,81000000.0,137000000.0,89000000.0,63000000.0,,,,,370000000.0,-306000000.0,,,-323000000.0,-68000000.0,-22000000.0,4000000.0,-96000000.0,-49000000,2013-06-28,26.43000030517578,27.459999084472656,26.25,27.170000076293945,21.11330223083496,9299600.0
2013-09-30,1445000000.0,-645000000.0,800000000.0,-483000000.0,,,-145000000.0,317000000.0,-100000000.0,-98000000.0,217000000,1000000.0,218000000,-91000000.0,127000000,,126000000,126000000,260000000.0,762000000.0,107000000.0,2401000000.0,12154000000.0,63000000.0,2368000000.0,14585000000.0,16986000000,642000000.0,532000000.0,1464000000.0,7229000000.0,12089000000.0,13553000000,4711000000.0,,-1276000000.0,3433000000.0,16986000000,127000000.0,145000000.0,109000000.0,-358000000.0,,,,,23000000.0,-320000000.0,,,-388000000.0,-70000000.0,166000000.0,4000000.0,88000000.0,-277000000,2013-09-30,26.10000038146973,26.31999969482422,26.040000915527344,26.31999969482422,20.63762664794922,4204900.0
2013-12-31,1736000000.0,-881000000.0,855000000.0,-591000000.0,,,-165000000.0,264000000.0,-101000000.0,-99000000.0,163000000,1000000.0,164000000,-62000000.0,102000000,,102000000,102000000,172000000.0,977000000.0,107000000.0,2526000000.0,12246000000.0,59000000.0,2585000000.0,14890000000.0,17416000000,770000000.0,562000000.0,1945000000.0,7239000000.0,11980000000.0,13925000000,4718000000.0,,-1242000000.0,3491000000.0,17416000000,102000000.0,165000000.0,-11000000.0,47000000.0,,,,,303000000.0,-425000000.0,,,-528000000.0,-68000000.0,211000000.0,4000000.0,137000000.0,-88000000,2013-12-31,26.71999931335449,26.82999992370605,26.63999938964844,26.770000457763672,21.183677673339844,1598300.0
2014-03-31,2523000000.0,-1575000000.0,948000000.0,-540000000.0,,,-199000000.0,408000000.0,-101000000.0,-101000000.0,307000000,2000000.0,309000000,-105000000.0,204000000,,204000000,204000000,758000000.0,1101000000.0,112000000.0,2969000000.0,12360000000.0,61000000.0,2534000000.0,14955000000.0,17924000000,779000000.0,666000000.0,1801000000.0,7671000000.0,12468000000.0,14269000000,4749000000.0,,-1110000000.0,3655000000.0,17924000000,204000000.0,199000000.0,125000000.0,83000000.0,,,,,611000000.0,-304000000.0,,,-346000000.0,-72000000.0,370000000.0,33000000.0,321000000.0,586000000,2014-03-31,28.989999771118164,29.440000534057614,28.93000030517578,29.28000068664551,23.40158653259277,1856900.0
2014-06-30,1468000000.0,-722000000.0,746000000.0,-511000000.0,,,-151000000.0,235000000.0,-110000000.0,-100000000.0,125000000,2000000.0,127000000,-43000000.0,84000000,,83000000,83000000,358000000.0,842000000.0,109000000.0,2465000000.0,12680000000.0,62000000.0,2512000000.0,15254000000.0,17719000000,770000000.0,439000000.0,1563000000.0,7666000000.0,12474000000.0,14037000000,4764000000.0,,-1099000000.0,3682000000.0,17719000000,84000000.0,151000000.0,57000000.0,34000000.0,,,,,326000000.0,-359000000.0,,,-437000000.0,-74000000.0,-213000000.0,4000000.0,-289000000.0,-400000000,2014-06-30,31.0,31.229999542236328,30.78000068664551,31.149999618530273,25.12165451049805,2108400.0
2014-09-30,1430000000.0,-655000000.0,775000000.0,-539000000.0,,,-153000000.0,236000000.0,-97000000.0,-100000000.0,139000000,2000000.0,141000000,-47000000.0,94000000,,94000000,94000000,493000000.0,779000000.0,114000000.0,2734000000.0,13045000000.0,61000000.0,2541000000.0,15647000000.0,18381000000,745000000.0,690000000.0,1648000000.0,8171000000.0,13026000000.0,14674000000,4770000000.0,,-1080000000.0,3707000000.0,18381000000,94000000.0,153000000.0,72000000.0,-294000000.0,,,,,25000000.0,-462000000.0,,,-564000000.0,-74000000.0,760000000.0,3000000.0,674000000.0,135000000,2014-09-30,29.559999465942386,29.79999923706055,29.3799991607666,29.65999984741211,24.135501861572266,3284700.0
2014-12-31,1758000000.0,-906000000.0,852000000.0,-579000000.0,,,-182000000.0,273000000.0,-123000000.0,-101000000.0,150000000,2000000.0,152000000,-55000000.0,97000000,,96000000,96000000,207000000.0,979000000.0,117000000.0,2597000000.0,13412000000.0,61000000.0,3115000000.0,16588000000.0,19185000000,869000000.0,540000000.0,1948000000.0,8139000000.0,13530000000.0,15478000000,4777000000.0,,-1058000000.0,3707000000.0,19185000000,97000000.0,182000000.0,79000000.0,161000000.0,,,,,519000000.0,-452000000.0,,,-551000000.0,-75000000.0,-116000000.0,3000000.0,-244000000.0,-276000000,2014-12-31,35.400001525878906,35.470001220703125,34.72999954223633,34.75,28.512136459350586,2377800.0
2015-03-31,2111000000.0,-1128000000.0,983000000.0,-586000000.0,,,-222000000.0,397000000.0,-97000000.0,-100000000.0,300000000,2000000.0,302000000,-100000000.0,202000000,,202000000,202000000,522000000.0,1011000000.0,115000000.0,2501000000.0,13526000000.0,62000000.0,3109000000.0,16697000000.0,19198000000,679000000.0,543000000.0,1599000000.0,8260000000.0,13760000000.0,15359000000,4786000000.0,,-936000000.0,3839000000.0,19198000000,202000000.0,222000000.0,141000000.0,195000000.0,,,,,760000000.0,-348000000.0,,,-422000000.0,-80000000.0,69000000.0,4000000.0,-23000000.0,315000000,2015-03-31,34.59999847412109,34.93000030517578,34.40999984741211,34.90999984741211,28.8646240234375,3518100.0
2015-06-30,1350000000.0,-605000000.0,745000000.0,-541000000.0,,,-169000000.0,204000000.0,-102000000.0,-102000000.0,102000000,2000000.0,104000000,-36000000.0,68000000,,67000000,67000000,477000000.0,783000000.0,118000000.0,2291000000.0,13775000000.0,61000000.0,3111000000.0,16947000000.0,19238000000,763000000.0,519000000.0,1640000000.0,8153000000.0,13743000000.0,15383000000,4815000000.0,,-949000000.0,3855000000.0,19238000000,68000000.0,169000000.0,78000000.0,187000000.0,,,,,502000000.0,-327000000.0,,,-360000000.0,-81000000.0,-127000000.0,23000000.0,-187000000.0,-45000000,2015-06-30,31.75,31.899999618530273,31.540000915527344,31.84000015258789,26.555456161499023,4612400.0
2015-09-30,1486000000.0,-626000000.0,860000000.0,-543000000.0,,,-173000000.0,317000000.0,-97000000.0,-100000000.0,220000000,3000000.0,223000000,-75000000.0,148000000,,148000000,148000000,150000000.0,759000000.0,119000000.0,2123000000.0,14160000000.0,61000000.0,3108000000.0,17329000000.0,19452000000,759000000.0,741000000.0,1788000000.0,8014000000.0,13725000000.0,15513000000,4832000000.0,,-881000000.0,3939000000.0,19452000000,148000000.0,173000000.0,115000000.0,-278000000.0,,,,,158000000.0,-427000000.0,,,-558000000.0,-80000000.0,153000000.0,13000000.0,73000000.0,-327000000,2015-09-30,34.68000030517578,35.349998474121094,34.509998321533196,35.31999969482422,29.711828231811523,2784000.0
2015-12-31,1509000000.0,-684000000.0,825000000.0,-565000000.0,,,-186000000.0,260000000.0,-96000000.0,-82000000.0,164000000,3000000.0,167000000,-60000000.0,107000000,,106000000,106000000,266000000.0,902000000.0,126000000.0,2320000000.0,14705000000.0,64000000.0,3210000000.0,17979000000.0,20299000000,856000000.0,706000000.0,2302000000.0,8518000000.0,14022000000.0,16324000000,4840000000.0,,-855000000.0,3975000000.0,20299000000,107000000.0,186000000.0,-191000000.0,118000000.0,,,,,220000000.0,-462000000.0,,-154000000.0,-724000000.0,-81000000.0,683000000.0,3000000.0,600000000.0,96000000,2015-12-31,36.56999969482422,36.72000122070313,35.83000183105469,36.08000183105469,30.59599494934082,1307700.0
2016-03-31,1801000000.0,-847000000.0,954000000.0,-628000000.0,,,-238000000.0,326000000.0,-91000000.0,-105000000.0,235000000,3000000.0,238000000,-74000000.0,164000000,,164000000,164000000,177000000.0,865000000.0,120000000.0,1890000000.0,14907000000.0,64000000.0,3176000000.0,18147000000.0,20037000000,725000000.0,950000000.0,2047000000.0,8284000000.0,13844000000.0,15891000000,4900000000.0,,-744000000.0,4146000000.0,20037000000,164000000.0,238000000.0,89000000.0,141000000.0,,,,,632000000.0,-407000000.0,,,-444000000.0,-86000000.0,-235000000.0,63000000.0,-270000000.0,-82000000,2016-03-31,42.2599983215332,42.4900016784668,42.04999923706055,42.43999862670898,36.274269104003906,2036300.0
2016-06-30,1371000000.0,-574000000.0,797000000.0,-522000000.0,,,-176000000.0,275000000.0,-95000000.0,-106000000.0,180000000,3000000.0,183000000,-58000000.0,125000000,,124000000,124000000,385000000.0,745000000.0,119000000.0,2031000000.0,15187000000.0,66000000.0,3179000000.0,18432000000.0,20463000000,794000000.0,918000000.0,2091000000.0,8596000000.0,14179000000.0,16270000000,4909000000.0,,-706000000.0,4193000000.0,20463000000,125000000.0,176000000.0,71000000.0,97000000.0,,,,,469000000.0,-410000000.0,,,-467000000.0,-87000000.0,285000000.0,3000000.0,198000000.0,200000000,2016-06-30,44.95000076293945,45.86000061035156,44.810001373291016,45.86000061035156,39.49618148803711,2484800.0
2016-09-30,1587000000.0,-666000000.0,921000000.0,-546000000.0,,,-183000000.0,375000000.0,-97000000.0,-109000000.0,278000000,3000000.0,281000000,-95000000.0,186000000,,186000000,186000000,339000000.0,780000000.0,119000000.0,2198000000.0,15443000000.0,68000000.0,3133000000.0,18644000000.0,20842000000,737000000.0,1005000000.0,2069000000.0,8832000000.0,14477000000.0,16546000000,4911000000.0,,-607000000.0,4296000000.0,20842000000,186000000.0,183000000.0,113000000.0,-342000000.0,,,,,140000000.0,-407000000.0,,,-487000000.0,-87000000.0,400000000.0,3000000.0,309000000.0,-38000000,2016-09-30,42.38000106811523,42.65999984741211,41.72000122070313,42.0099983215332,36.43122863769531,2221300.0
2016-12-31,1640000000.0,-716000000.0,924000000.0,-644000000.0,,,-214000000.0,280000000.0,-159000000.0,-109000000.0,121000000,3000000.0,124000000,-46000000.0,78000000,,77000000,77000000,235000000.0,1001000000.0,119000000.0,2280000000.0,15715000000.0,65000000.0,3562000000.0,19342000000.0,21622000000,824000000.0,886000000.0,2655000000.0,8750000000.0,14677000000.0,17332000000,4919000000.0,,-616000000.0,4290000000.0,21622000000,78000000.0,214000000.0,-15000000.0,111000000.0,,,,,388000000.0,-448000000.0,,,-517000000.0,-87000000.0,120000000.0,3000000.0,18000000.0,-111000000,2016-12-30,41.7599983215332,41.97999954223633,41.47999954223633,41.61999893188477,36.36445999145508,1680700.0
2017-03-31,1829000000.0,-808000000.0,1021000000.0,-633000000.0,,,-262000000.0,388000000.0,-95000000.0,-102000000.0,293000000,2000000.0,295000000,-96000000.0,199000000,,199000000,199000000,433000000.0,961000000.0,118000000.0,2215000000.0,15857000000.0,66000000.0,3485000000.0,19408000000.0,21623000000,719000000.0,812000000.0,1926000000.0,9233000000.0,15290000000.0,17216000000,4930000000.0,,-511000000.0,4407000000.0,21623000000,199000000.0,262000000.0,111000000.0,74000000.0,,,,,646000000.0,-365000000.0,,,-346000000.0,-94000000.0,21000000.0,3000000.0,-94000000.0,206000000,2017-03-31,44.63000106811523,44.90999984741211,44.58000183105469,44.7400016784668,39.39846801757813,1735200.0
2017-06-30,1449000000.0,-630000000.0,819000000.0,-578000000.0,,,-197000000.0,241000000.0,-103000000.0,-108000000.0,138000000,2000000.0,140000000,-47000000.0,93000000,,92000000,92000000,418000000.0,859000000.0,121000000.0,2211000000.0,16119000000.0,68000000.0,3469000000.0,19656000000.0,21867000000,874000000.0,840000000.0,2115000000.0,9190000000.0,15266000000.0,17381000000,5009000000.0,,-512000000.0,4486000000.0,21867000000,93000000.0,197000000.0,68000000.0,115000000.0,,,,,473000000.0,-381000000.0,,,-460000000.0,-94000000.0,-11000000.0,73000000.0,-35000000.0,-22000000,2017-06-30,46.45000076293945,46.6500015258789,46.25,46.25,41.02965927124024,1688100.0
2017-09-30,1527000000.0,-638000000.0,889000000.0,-559000000.0,,,-193000000.0,330000000.0,-102000000.0,-108000000.0,228000000,1000000.0,229000000,-57000000.0,172000000,,172000000,172000000,142000000.0,828000000.0,126000000.0,2121000000.0,16444000000.0,71000000.0,3484000000.0,19999000000.0,22120000000,831000000.0,980000000.0,2261000000.0,9121000000.0,15287000000.0,17548000000,5016000000.0,,-434000000.0,4572000000.0,22120000000,172000000.0,193000000.0,97000000.0,-382000000.0,,,,,80000000.0,-462000000.0,,,-548000000.0,-94000000.0,302000000.0,4000000.0,200000000.0,-268000000,2017-09-29,46.36000061035156,46.5099983215332,46.18999862670898,46.31999969482422,41.38726043701172,1499800.0
2017-12-31,1778000000.0,-768000000.0,1010000000.0,-631000000.0,,,-229000000.0,379000000.0,-157000000.0,-108000000.0,222000000,0.0,222000000,-224000000.0,-2000000,,-3000000,-3000000,182000000.0,1230000000.0,133000000.0,2475000000.0,16761000000.0,64000000.0,3750000000.0,20575000000.0,23050000000,956000000.0,1103000000.0,2784000000.0,9214000000.0,15788000000.0,18572000000,5022000000.0,,-531000000.0,4478000000.0,23050000000,-2000000.0,229000000.0,260000000.0,19000000.0,,,,,506000000.0,-457000000.0,,,-514000000.0,-95000000.0,160000000.0,3000000.0,39000000.0,31000000,2017-12-29,47.41999816894531,47.58000183105469,47.22999954223633,47.29999923706055,42.55770492553711,1432600.0
2018-03-31,1953000000.0,-914000000.0,1039000000.0,-676000000.0,,,-279000000.0,363000000.0,-83000000.0,-109000000.0,280000000,1000000.0,281000000,-40000000.0,241000000,,241000000,241000000,195000000.0,1203000000.0,136000000.0,2207000000.0,16904000000.0,67000000.0,3690000000.0,20661000000.0,22868000000,797000000.0,1286000000.0,2482000000.0,9082000000.0,15753000000.0,18235000000,5040000000.0,,-383000000.0,4633000000.0,22868000000,241000000.0,279000000.0,47000000.0,141000000.0,,,,,708000000.0,-422000000.0,,,-456000000.0,-101000000.0,-109000000.0,3000000.0,-229000000.0,23000000,2018-03-29,45.15999984741211,45.58000183105469,45.099998474121094,45.290000915527344,41.09214782714844,3427800.0
2018-06-30,1492000000.0,-639000000.0,853000000.0,-598000000.0,,,-204000000.0,255000000.0,-91000000.0,-108000000.0,164000000,1000000.0,165000000,-25000000.0,140000000,,139000000,139000000,477000000.0,914000000.0,143000000.0,2286000000.0,17237000000.0,74000000.0,3715000000.0,21026000000.0,23312000000,935000000.0,1216000000.0,2535000000.0,9353000000.0,16068000000.0,18603000000,5079000000.0,,-346000000.0,4709000000.0,23312000000,140000000.0,204000000.0,35000000.0,329000000.0,,,,,708000000.0,-450000000.0,,,-552000000.0,-103000000.0,209000000.0,33000000.0,118000000.0,274000000,2018-06-29,47.02000045776367,47.58000183105469,46.63999938964844,47.27999877929688,43.22794723510742,2810500.0
2018-09-30,1599000000.0,-666000000.0,933000000.0,-639000000.0,,,-206000000.0,294000000.0,-94000000.0,-112000000.0,200000000,2000000.0,202000000,-33000000.0,169000000,,169000000,169000000,323000000.0,947000000.0,140000000.0,2374000000.0,17790000000.0,72000000.0,3677000000.0,21539000000.0,23913000000,951000000.0,1971000000.0,3442000000.0,8944000000.0,15685000000.0,19127000000,5086000000.0,,-278000000.0,4786000000.0,23913000000,169000000.0,206000000.0,55000000.0,-281000000.0,,,,,149000000.0,-554000000.0,,,-807000000.0,-101000000.0,637000000.0,3000000.0,523000000.0,-135000000,2018-09-28,48.45000076293945,49.02999877929688,48.38000106811523,49.0,45.13817596435547,2185200.0
2018-12-31,1829000000.0,-839000000.0,990000000.0,-740000000.0,,,-244000000.0,250000000.0,-126000000.0,-118000000.0,124000000,2000000.0,126000000,-17000000.0,109000000,,108000000,108000000,153000000.0,1197000000.0,143000000.0,2468000000.0,18126000000.0,69000000.0,3866000000.0,22061000000.0,24529000000,986000000.0,996000000.0,2624000000.0,10684000000.0,17113000000.0,19737000000,5091000000.0,,-271000000.0,4792000000.0,24529000000,109000000.0,244000000.0,-131000000.0,-84000000.0,,,,,138000000.0,-648000000.0,,,-791000000.0,-102000000.0,600000000.0,2000000.0,462000000.0,-191000000,2018-12-31,49.43000030517578,49.7400016784668,48.91999816894531,49.6500015258789,46.07000732421875,2719500.0
2019-03-31,2059000000.0,-942000000.0,1117000000.0,-758000000.0,,,-298000000.0,359000000.0,-100000000.0,-120000000.0,259000000,2000000.0,261000000,-48000000.0,213000000,,213000000,213000000,234000000.0,1247000000.0,148000000.0,2376000000.0,18315000000.0,62000000.0,4040000000.0,22417000000.0,24793000000,791000000.0,842000000.0,2106000000.0,11196000000.0,17792000000.0,19898000000,5090000000.0,,-166000000.0,4895000000.0,24793000000,213000000.0,298000000.0,59000000.0,47000000.0,,,,,617000000.0,-602000000.0,,,-675000000.0,-108000000.0,287000000.0,3000000.0,150000000.0,92000000,2019-03-29,55.27000045776367,55.58000183105469,54.88999938964844,55.540000915527344,51.9218978881836,2332100.0
2019-06-30,1445000000.0,-597000000.0,848000000.0,-630000000.0,,,-216000000.0,218000000.0,-107000000.0,-129000000.0,111000000,3000000.0,114000000,-20000000.0,94000000,,93000000,93000000,312000000.0,998000000.0,147000000.0,2254000000.0,18106000000.0,64000000.0,4868000000.0,23038000000.0,25292000000,832000000.0,1077000000.0,2386000000.0,11322000000.0,18018000000.0,20404000000,5100000000.0,,-182000000.0,4888000000.0,25292000000,94000000.0,216000000.0,10000000.0,248000000.0,,,,,568000000.0,-591000000.0,,,-735000000.0,-110000000.0,338000000.0,3000000.0,234000000.0,67000000,2019-06-28,57.5099983215332,58.18000030517578,57.47999954223633,57.90999984741211,54.51728057861328,2563100.0
2019-09-30,1546000000.0,-597000000.0,949000000.0,-598000000.0,,,-215000000.0,351000000.0,-104000000.0,-131000000.0,247000000,2000000.0,249000000,-42000000.0,207000000,,207000000,207000000,403000000.0,875000000.0,142000000.0,2305000000.0,18524000000.0,68000000.0,5112000000.0,23704000000.0,26009000000,796000000.0,1074000000.0,2165000000.0,12121000000.0,18850000000.0,21015000000,5107000000.0,,-83000000.0,4994000000.0,26009000000,207000000.0,215000000.0,9000000.0,-221000000.0,,,,,210000000.0,-588000000.0,,,-802000000.0,-108000000.0,806000000.0,3000000.0,691000000.0,99000000,2019-09-30,64.15000152587889,64.61000061035156,63.77000045776367,63.95000076293945,60.60209274291992,1867500.0
2019-12-31,1795000000.0,-697000000.0,1098000000.0,-787000000.0,,,-263000000.0,311000000.0,-109000000.0,-132000000.0,202000000,3000000.0,205000000,-37000000.0,168000000,,167000000,167000000,140000000.0,1128000000.0,140000000.0,2331000000.0,18926000000.0,71000000.0,5509000000.0,24506000000.0,26837000000,774000000.0,1220000000.0,2704000000.0,12027000000.0,19078000000.0,21782000000,5116000000.0,,-25000000.0,5055000000.0,26837000000,168000000.0,263000000.0,71000000.0,-107000000.0,,,,,395000000.0,-226000000.0,,,-604000000.0,-110000000.0,59000000.0,3000000.0,-67000000.0,-276000000,2019-12-31,62.56000137329102,62.88000106811523,62.47000122070313,62.84000015258789,59.90928268432617,1041900.0
2020-03-31,1864000000.0,-751000000.0,1113000000.0,-745000000.0,,,-316000000.0,368000000.0,-99000000.0,-129000000.0,269000000,1000000.0,270000000,-27000000.0,243000000,,243000000,243000000,834000000.0,1125000000.0,143000000.0,2817000000.0,19144000000.0,72000000.0,5414000000.0,24630000000.0,27447000000,727000000.0,1721000000.0,2940000000.0,12616000000.0,19285000000.0,22225000000,5210000000.0,,51000000.0,5222000000.0,27447000000,243000000.0,316000000.0,-455000000.0,97000000.0,,,,,201000000.0,-523000000.0,,,-559000000.0,-116000000.0,1099000000.0,101000000.0,1062000000.0,704000000,2020-03-31,60.599998474121094,61.72999954223633,58.31999969482422,58.75,56.34857559204102,4664400.0
2020-06-30,1382000000.0,-521000000.0,861000000.0,-613000000.0,,,-222000000.0,248000000.0,-127000000.0,-126000000.0,121000000,32000000.0,153000000,-24000000.0,129000000,8000000.0,136000000,136000000,1587000000.0,1001000000.0,150000000.0,3532000000.0,19436000000.0,68000000.0,5545000000.0,25049000000.0,28581000000,872000000.0,1744000000.0,3123000000.0,13481000000.0,20207000000.0,23330000000,5220000000.0,,70000000.0,5251000000.0,28581000000,137000000.0,223000000.0,39000000.0,196000000.0,,,,,595000000.0,-438000000.0,,,-609000000.0,-118000000.0,904000000.0,3000000.0,757000000.0,743000000,2020-06-30,57.77000045776367,58.7400016784668,57.59000015258789,58.41999816894531,56.45367813110352,3315200.0
