Report Date,Revenue,Cost of Revenue,Gross Profit,Operating Expenses,"Selling, General & Administrative",Research & Development,Depreciation & Amortization,Operating Income (Loss),Non-Operating Income (Loss),"Interest Expense, Net","Pretax Income (Loss), Adj.",Abnormal Gains (Losses),Pretax Income (Loss),"Income Tax (Expense) Benefit, Net",Income (Loss) from Continuing Operations,Net Extraordinary Gains (Losses),Net Income,Net Income (Common),"Cash, Cash Equivalents & Short Term Investments",Accounts & Notes Receivable,Inventories,Total Current Assets,"Property, Plant & Equipment, Net",Long Term Investments & Receivables,Other Long Term Assets,Total Noncurrent Assets,Total Assets,Payables & Accruals,Short Term Debt,Total Current Liabilities,Long Term Debt,Total Noncurrent Liabilities,Total Liabilities,Share Capital & Additional Paid-In Capital,Treasury Stock,Retained Earnings,Total Equity,Total Liabilities & Equity,Net Income/Starting Line,Depreciation & Amortization,Non-Cash Items,Change in Working Capital,Change in Accounts Receivable,Change in Inventories,Change in Accounts Payable,Change in Other,Net Cash from Operating Activities,Change in Fixed Assets & Intangibles,Net Change in Long Term Investment,Net Cash from Acquisitions & Divestitures,Net Cash from Investing Activities,Dividends Paid,Cash from (Repayment of) Debt,Cash from (Repurchase of) Equity,Net Cash from Financing Activities,Net Change in Cash,Price Date,Open,High,Low,Close,Adj Close,Volume
2010-06-30,1076772000.0,-875042000.0,201730000.0,-160021000.0,-133470000.0,,,41709000.0,273000.0,-3869000.0,41982000,,41982000,-17254000.0,24728000,-226000.0,22773000,22773000,295260000.0,,,545837000.0,313839000.0,537399000.0,336462000.0,1187700000.0,1733537000,167613000.0,771000.0,636819000.0,252028000.0,317550000.0,954369000,395978000.0,-47830000.0,405682000.0,779168000.0,1733537000,24502000.0,12391000.0,6883000.0,-103532000.0,-53261000.0,,,-50271000.0,-59756000.0,-40503000.0,15077000.0,-19454000.0,-44880000.0,,20074000.0,1129000.0,20147000.0,-84489000,2010-06-30,5.297500133514403,5.420000076293945,5.2150001525878915,5.375,5.375,2342400.0
2010-09-30,1121861000.0,-907927000.0,213934000.0,-173686000.0,-132095000.0,,,40248000.0,-4145000.0,-4858000.0,36103000,,36103000,-13163000.0,22940000,260000.0,22662000,22662000,428523000.0,,,675988000.0,311195000.0,479164000.0,328830000.0,1119189000.0,1795177000,145877000.0,663000.0,661092000.0,263513000.0,330153000.0,991245000,400265000.0,-47976000.0,428344000.0,803932000.0,1795177000,23200000.0,13702000.0,5489000.0,30172000.0,-10407000.0,,,40579000.0,72563000.0,-28358000.0,83787000.0,-5374000.0,50055000.0,,11377000.0,489000.0,9448000.0,132066000,2010-09-30,5.817500114440918,5.9124999046325675,5.792500019073486,5.897500038146973,5.897500038146973,2372000.0
2010-12-31,1180969000.0,-1008542000.0,172427000.0,-126926000.0,-76693000.0,,,45501000.0,-2159000.0,-5452000.0,43342000,0.0,43342000,-16958000.0,26384000,-65000.0,25399000,25399000,455512000.0,,,656821000.0,326341000.0,595879000.0,364841000.0,1287061000.0,1943882000,188320000.0,2817000.0,765246000.0,327824000.0,381581000.0,1146827000,384258000.0,-50486000.0,453743000.0,797055000.0,1943882000,26319000.0,13380000.0,7643000.0,147283000.0,44766000.0,,,102517000.0,194625000.0,-26596000.0,-114481000.0,-33541000.0,-174618000.0,,66465000.0,-1485000.0,16493000.0,36500000,2010-12-31,6.432499885559082,6.457499980926514,6.324999809265138,6.335000038146973,6.335000038146973,652800.0
2011-03-31,1216357000.0,-998743000.0,217614000.0,-178517000.0,-141088000.0,,,39097000.0,-1946000.0,-5695000.0,37151000,,37151000,-14328000.0,22823000,,23745000,23745000,544744000.0,,,743829000.0,334180000.0,556806000.0,368870000.0,1259856000.0,2003685000,214900000.0,3037000.0,817047000.0,302326000.0,355442000.0,1172489000,396433000.0,-50888000.0,477488000.0,831196000.0,2003685000,22823000.0,14325000.0,4308000.0,52535000.0,4216000.0,,,48319000.0,93991000.0,-16882000.0,4904000.0,,-11978000.0,,-25277000.0,6116000.0,-24134000.0,57879000,2011-03-31,8.167499542236326,8.247500419616701,8.104999542236326,8.244999885559082,8.244999885559082,1197600.0
2011-06-30,1315014000.0,-1079432000.0,235582000.0,-180279000.0,-143045000.0,,,55303000.0,-2323000.0,-5256000.0,52980000,-8488000.0,44492000,-16429000.0,28063000,,28374000,28374000,553258000.0,,,774536000.0,340392000.0,518490000.0,377026000.0,1235908000.0,2010444000,152578000.0,3172000.0,749773000.0,336468000.0,390367000.0,1140140000,405764000.0,-50343000.0,505862000.0,870304000.0,2010444000,28063000.0,14242000.0,12938000.0,-96080000.0,-20362000.0,,,-75718000.0,-40837000.0,-18246000.0,12305000.0,-3192000.0,-9133000.0,,29765000.0,5119000.0,32375000.0,-17595000,2011-06-30,8.962499618530273,8.9975004196167,8.862500190734863,8.882499694824219,8.882499694824219,1123600.0
2011-09-30,1302035000.0,-1073549000.0,228486000.0,-179939000.0,-142934000.0,,,48547000.0,-1875000.0,-4572000.0,46672000,0.0,46672000,-18459000.0,28213000,,28987000,28987000,558001000.0,,,766376000.0,345600000.0,530452000.0,395070000.0,1271122000.0,2037498000,173708000.0,3203000.0,730380000.0,348093000.0,403019000.0,1133399000,411977000.0,-50594000.0,534849000.0,904099000.0,2037498000,28213000.0,14488000.0,7597000.0,-13779000.0,2840000.0,,,-16619000.0,36519000.0,-21810000.0,-38230000.0,0.0,-60040000.0,,-780000.0,1067000.0,728000.0,-22793000,2011-09-30,7.190000057220459,7.389999866485597,7.1525001525878915,7.167500019073486,7.167500019073486,1754400.0
2011-12-31,1378071000.0,-1117658000.0,260413000.0,-199557000.0,-150831000.0,,,60856000.0,-821000.0,-4797000.0,60035000,0.0,60035000,-21471000.0,38564000,-9300000.0,30112000,30112000,704197000.0,,,940010000.0,349622000.0,506140000.0,394564000.0,1250326000.0,2190336000,216504000.0,3234000.0,837613000.0,348344000.0,416304000.0,1253917000,422035000.0,-57123000.0,564961000.0,936419000.0,2190336000,29264000.0,15272000.0,13720000.0,113767000.0,2000000.0,,,111767000.0,172023000.0,-16770000.0,-29972000.0,-1183000.0,-47925000.0,,-808000.0,-4296000.0,-2057000.0,122041000,2011-12-30,10.047499656677246,10.057499885559082,9.875,9.897500038146973,9.897500038146973,999600.0
2012-03-31,1712148000.0,-1466013000.0,246135000.0,-211937000.0,-163187000.0,,,34198000.0,492000.0,-4799000.0,34690000,,34690000,-12087000.0,22603000,,23978000,23978000,559219000.0,,,920377000.0,352710000.0,605866000.0,404194000.0,1362770000.0,2283147000,158356000.0,3235000.0,888322000.0,347162000.0,415706000.0,1304028000,443165000.0,-58632000.0,588939000.0,979119000.0,2283147000,22603000.0,16613000.0,11152000.0,-82464000.0,-120784000.0,,,38320000.0,-32096000.0,-14980000.0,-105871000.0,,-120851000.0,,-795000.0,7570000.0,12247000.0,-140700000,2012-03-30,12.039999961853027,12.397500038146973,11.9350004196167,12.24250030517578,12.24250030517578,3924000.0
2012-06-30,2110746000.0,-1912221000.0,198525000.0,-217238000.0,-168062000.0,,,-18713000.0,-694000.0,-4739000.0,-19407000,-28033000.0,-47440000,8608000.0,-38832000,,-34999000,-34999000,574439000.0,,,1073438000.0,379970000.0,630866000.0,365276000.0,1376112000.0,2449550000,142766000.0,3302000.0,1034236000.0,405462000.0,467327000.0,1501563000,450560000.0,-58914000.0,553940000.0,947987000.0,2449550000,-38832000.0,16653000.0,33316000.0,11059000.0,-111961000.0,,,123020000.0,22196000.0,-42462000.0,-47311000.0,0.0,-89773000.0,,54194000.0,959000.0,56473000.0,-11104000,2012-06-29,7.889999866485597,7.9375,7.487500190734862,7.539999961853027,7.539999961853027,6515600.0
2012-09-30,2448121000.0,-2058743000.0,389378000.0,-417019000.0,-181073000.0,,,-27641000.0,18389000.0,-4855000.0,-9252000,0.0,-9252000,9547000.0,295000,,3819000,3819000,936541000.0,,,1376505000.0,381781000.0,559714000.0,372936000.0,1314431000.0,2690936000,162778000.0,3337000.0,1280114000.0,391973000.0,453758000.0,1733872000,458795000.0,-59277000.0,557759000.0,957064000.0,2690936000,295000.0,16626000.0,-46412000.0,346673000.0,93331000.0,,,253342000.0,317182000.0,-13159000.0,85233000.0,0.0,72074000.0,,-15821000.0,1003000.0,-14529000.0,374727000,2012-09-28,9.217499732971193,9.362500190734863,9.140000343322754,9.352499961853027,9.352499961853027,2277200.0
2012-12-31,1838985000.0,-1432023000.0,406962000.0,-258806000.0,-164678000.0,,,148156000.0,-3187000.0,-5607000.0,144969000,33000.0,145002000,-53068000.0,91934000,-87000000.0,9202000,9202000,884034000.0,,,1405825000.0,375893000.0,554770000.0,437417000.0,1368080000.0,2773905000,219066000.0,3373000.0,1229313000.0,535481000.0,590825000.0,1820138000,450911000.0,-69864000.0,566820000.0,953767000.0,2773905000,4934000.0,16108000.0,13944000.0,-63268000.0,22414000.0,,,-85682000.0,-28282000.0,-11399000.0,-38051000.0,0.0,-49450000.0,,144422000.0,-6532000.0,124809000.0,47077000,2012-12-31,9.852499961853027,10.27750015258789,9.78499984741211,10.25,10.25,2219200.0
2013-03-31,2525482000.0,-2179611000.0,345871000.0,-306271000.0,-203296000.0,,,39600000.0,-2362000.0,-6625000.0,37238000,,37238000,-14690000.0,22548000,363000.0,23002000,23002000,876898000.0,,,1375271000.0,382853000.0,748307000.0,380726000.0,1511886000.0,2887157000,180338000.0,3419000.0,1307094000.0,532734000.0,593533000.0,1900627000,461415000.0,-70429000.0,589822000.0,986530000.0,2887157000,22911000.0,15691000.0,13439000.0,-9048000.0,-56734000.0,,,47686000.0,42993000.0,-10654000.0,-145623000.0,0.0,-156277000.0,,-776000.0,843000.0,123000.0,-113161000,2013-03-28,11.072500228881836,11.077500343322754,10.967499732971193,11.010000228881836,11.010000228881836,1732800.0
2013-06-30,2610539000.0,-2227583000.0,382956000.0,-314219000.0,-223459000.0,,,68737000.0,-2955000.0,-7033000.0,65782000,,65782000,-25966000.0,39816000,-805000.0,39484000,39484000,820042000.0,,,1342360000.0,388965000.0,769905000.0,544005000.0,1702875000.0,3045235000,216330000.0,3029000.0,1320572000.0,548473000.0,602389000.0,1922961000,563931000.0,-70969000.0,629306000.0,1122274000.0,3045235000,39011000.0,17237000.0,19881000.0,-38183000.0,-14496000.0,,,-23687000.0,37946000.0,-19403000.0,-32996000.0,-66832000.0,-119231000.0,,20658000.0,17158000.0,39206000.0,-42079000,2013-06-28,12.947500228881836,13.1850004196167,12.892499923706055,13.114999771118164,13.114999771118164,2188400.0
2013-09-30,2795568000.0,-2394095000.0,401473000.0,-317481000.0,-249028000.0,,,83992000.0,-1846000.0,-6603000.0,82146000,,82146000,-32280000.0,49866000,-952000.0,49373000,49373000,863912000.0,,,1368435000.0,390200000.0,816910000.0,563492000.0,1770602000.0,3139037000,270381000.0,3046000.0,1386972000.0,517931000.0,566974000.0,1953946000,578246000.0,-75541000.0,678679000.0,1185091000.0,3139037000,48914000.0,17292000.0,-300000.0,64825000.0,12643000.0,,,52182000.0,130731000.0,-16326000.0,-36363000.0,4059000.0,-48630000.0,,-30724000.0,-779000.0,-29532000.0,52569000,2013-09-30,15.970000267028807,16.012500762939453,15.857500076293945,15.989999771118164,15.989999771118164,1652800.0
2013-12-31,2931411000.0,-2520711000.0,410700000.0,-326029000.0,-255217000.0,,,84671000.0,-837000.0,-6739000.0,83834000,,83834000,-34064000.0,49770000,5394000.0,53141000,53141000,1076000000.0,,,1800000000.0,395000000.0,792000000.0,542000000.0,1729000000.0,3529000000,376000000.0,3000000.0,1559000000.0,666000000.0,727000000.0,2286000000,594000000.0,-89000000.0,732000000.0,1243000000.0,3529000000,55164000.0,16780000.0,4980000.0,93406000.0,-84413000.0,,,177819000.0,170330000.0,-21617000.0,3982000.0,-227000.0,-17862000.0,,149842000.0,-12222000.0,144203000.0,296671000,2013-12-31,14.579999923706055,14.767499923706055,14.52750015258789,14.737500190734865,14.737500190734865,1595600.0
2014-03-31,3460000000.0,-2985000000.0,475000000.0,-405000000.0,-296000000.0,,,70000000.0,-2000000.0,-7000000.0,68000000,,68000000,-35000000.0,33000000,-1000000.0,33000000,33000000,1317700000.0,,,2281849000.0,412699000.0,840152000.0,911747000.0,2164598000.0,4446447000,614541000.0,6110000.0,2021443000.0,810970000.0,882145000.0,2903588000,740033000.0,-91655000.0,764902000.0,1542859000.0,4446447000,32000000.0,20000000.0,4000000.0,196000000.0,-119000000.0,,,315000000.0,252000000.0,-18000000.0,-55000000.0,-77000000.0,-150000000.0,,126000000.0,0.0,131000000.0,233000000,2014-03-31,15.5649995803833,15.640000343322756,15.354999542236328,15.5625,15.5625,2126000.0
2014-06-30,4024000000.0,-3326000000.0,698000000.0,-605000000.0,-321000000.0,,,93000000.0,-2000000.0,-9000000.0,91000000,,91000000,-45000000.0,46000000,2000000.0,49000000,49000000,1327132000.0,,,2324886000.0,423905000.0,996965000.0,936811000.0,2357681000.0,4682567000,670343000.0,6135000.0,2117707000.0,884890000.0,959238000.0,3076945000,754698000.0,-94512000.0,813765000.0,1605622000.0,4682567000,49000000.0,22000000.0,10000000.0,79000000.0,-42000000.0,,,121000000.0,160000000.0,-24000000.0,-199000000.0,-17000000.0,-240000000.0,,74000000.0,-1000000.0,68000000.0,-12000000,2014-06-30,18.647499084472656,18.950000762939453,18.61750030517578,18.90250015258789,18.90250015258789,2498800.0
2014-09-30,4352000000.0,-3717000000.0,635000000.0,-527000000.0,-334000000.0,,,108000000.0,-3000000.0,-9000000.0,105000000,,105000000,-27000000.0,78000000,1000000.0,82000000,82000000,1690589000.0,,,2767711000.0,424229000.0,1108261000.0,1146144000.0,2678634000.0,5446345000,926780000.0,5131000.0,2634293000.0,949720000.0,1030502000.0,3664795000,811813000.0,-74690000.0,896385000.0,1781550000.0,5446345000,78000000.0,23000000.0,-40000000.0,380000000.0,-82000000.0,,,462000000.0,441000000.0,-27000000.0,-164000000.0,0.0,-191000000.0,,67000000.0,1000000.0,74000000.0,324000000,2014-09-30,20.90749931335449,20.94499969482422,20.61000061035156,20.677499771118164,20.677499771118164,2218000.0
2014-12-31,4724000000.0,-3930000000.0,794000000.0,-601000000.0,-347000000.0,,,193000000.0,0.0,-10000000.0,193000000,,193000000,-89000000.0,104000000,1000000.0,107000000,107000000,1787000000.0,,,2951000000.0,445000000.0,1280000000.0,1148000000.0,2873000000.0,5824000000,1004000000.0,5000000.0,2900000000.0,874000000.0,1033000000.0,3933000000,840000000.0,-98000000.0,1003000000.0,1891000000.0,5824000000,105000000.0,24000000.0,33000000.0,208000000.0,-220000000.0,,,428000000.0,370000000.0,-34000000.0,-191000000.0,-42000000.0,-267000000.0,,-66000000.0,-29000000.0,-75000000.0,27000000,2014-12-31,26.38249969482422,26.72500038146973,25.95499992370605,25.962499618530273,25.962499618530273,1212800.0
2015-03-31,5131000000.0,-4263000000.0,868000000.0,-739000000.0,-396000000.0,,,129000000.0,-1000000.0,-10000000.0,128000000,,128000000,-63000000.0,65000000,-1000000.0,63000000,63000000,1817000000.0,,,3590000000.0,450000000.0,1527000000.0,1129000000.0,3106000000.0,6696000000,1271000000.0,5000000.0,3343000000.0,1123000000.0,1361000000.0,4704000000,870000000.0,-98000000.0,1066000000.0,1992000000.0,6696000000,64000000.0,27000000.0,-11000000.0,-35000000.0,-334000000.0,,,299000000.0,45000000.0,-27000000.0,-196000000.0,-9000000.0,-225000000.0,,247000000.0,-4000000.0,236000000.0,56000000,2015-03-31,35.5,35.625,35.224998474121094,35.345001220703125,35.345001220703125,1980400.0
2015-06-30,5506000000.0,-4600000000.0,906000000.0,-733000000.0,-437000000.0,,,173000000.0,-1000000.0,-11000000.0,172000000,,172000000,-84000000.0,88000000,0.0,88000000,88000000,2107000000.0,,,3838000000.0,462000000.0,1541000000.0,1181000000.0,3184000000.0,7022000000,1293000000.0,5000000.0,3458000000.0,1139000000.0,1469000000.0,4927000000,891000000.0,-101000000.0,1154000000.0,2095000000.0,7022000000,88000000.0,26000000.0,-4000000.0,240000000.0,-7000000.0,,,247000000.0,350000000.0,-31000000.0,-41000000.0,-2000000.0,-74000000.0,,24000000.0,-3000000.0,25000000.0,301000000,2015-06-30,40.650001525878906,40.86999893188477,40.00500106811523,40.20000076293945,40.20000076293945,2436000.0
2015-09-30,5821000000.0,-4846000000.0,975000000.0,-792000000.0,-458000000.0,,,183000000.0,-3000000.0,-11000000.0,180000000,,180000000,-87000000.0,93000000,1000000.0,93000000,93000000,1827000000.0,,,3596000000.0,488000000.0,1992000000.0,1246000000.0,3726000000.0,7322000000,1348000000.0,5000000.0,3563000000.0,1276000000.0,1550000000.0,5113000000,909000000.0,-103000000.0,1247000000.0,2209000000.0,7322000000,94000000.0,29000000.0,7000000.0,-68000000.0,-19000000.0,,,-49000000.0,62000000.0,-43000000.0,-422000000.0,-5000000.0,-470000000.0,,124000000.0,-2000000.0,106000000.0,-302000000,2015-09-30,26.95499992370605,27.84499931335449,26.84499931335449,27.114999771118164,27.114999771118164,3949800.0
2015-12-31,6302000000.0,-5154000000.0,1148000000.0,-928000000.0,-511000000.0,,,220000000.0,-3000000.0,-11000000.0,217000000,,217000000,-105000000.0,112000000,-1000000.0,111000000,111000000,1936000000.0,,,3605000000.0,518000000.0,1927000000.0,1289000000.0,3734000000.0,7339000000,1183000000.0,5000000.0,3629000000.0,1216000000.0,1386000000.0,5015000000,956000000.0,-147000000.0,1358000000.0,2324000000.0,7339000000,111000000.0,29000000.0,61000000.0,0.0,0.0,,,0.0,201000000.0,-49000000.0,7000000.0,-2000000.0,-44000000.0,,-53000000.0,-44000000.0,-62000000.0,95000000,2015-12-31,32.985000610351555,33.345001220703125,32.845001220703125,32.904998779296875,32.904998779296875,2015600.0
2016-03-31,6953000000.0,-5678000000.0,1275000000.0,-1255000000.0,-722000000.0,,,20000000.0,-18000000.0,-33000000.0,2000000,,2000000,-16000000.0,-14000000,-1000000.0,-16000000,-16000000,3705000000.0,,,7551000000.0,580000000.0,3973000000.0,6548000000.0,11101000000.0,18652000000,3807000000.0,4000000.0,7871000000.0,4276000000.0,5328000000.0,13199000000,4084000000.0,-138000000.0,1341000000.0,5453000000.0,18652000000,-15000000.0,35000000.0,37000000.0,139000000.0,-174000000.0,,,313000000.0,196000000.0,-45000000.0,-9000000.0,-782000000.0,-836000000.0,,2402000000.0,-22000000.0,2316000000.0,1676000000,2016-03-31,31.2549991607666,31.46999931335449,30.61000061035156,30.78499984741211,30.78499984741211,6428000.0
2016-06-30,10897000000.0,-8900000000.0,1997000000.0,-1620000000.0,-949000000.0,,,377000000.0,-20000000.0,-52000000.0,357000000,,357000000,-187000000.0,170000000,-1000000.0,170000000,170000000,3153000000.0,,,7853000000.0,626000000.0,4230000000.0,6787000000.0,11643000000.0,19496000000,3807000000.0,845000000.0,8814000000.0,3649000000.0,4995000000.0,13809000000,4119000000.0,-143000000.0,1510000000.0,5687000000.0,19496000000,169000000.0,76000000.0,39000000.0,-703000000.0,-947000000.0,,,244000000.0,-419000000.0,-49000000.0,-354000000.0,-80000000.0,-483000000.0,,185000000.0,-5000000.0,176000000.0,-726000000,2016-06-30,35.29999923706055,35.76499938964844,35.049999237060554,35.685001373291016,35.685001373291016,2831800.0
2016-09-30,10846000000.0,-8880000000.0,1966000000.0,-1624000000.0,-940000000.0,,,342000000.0,-24000000.0,-57000000.0,318000000,,318000000,-169000000.0,149000000,-1000000.0,147000000,147000000,3388000000.0,,,7755000000.0,725000000.0,4568000000.0,6586000000.0,11879000000.0,19634000000,3838000000.0,845000000.0,9023000000.0,3744000000.0,4739000000.0,13762000000,4154000000.0,-145000000.0,1655000000.0,5872000000.0,19634000000,148000000.0,78000000.0,20000000.0,236000000.0,215000000.0,,,21000000.0,482000000.0,-117000000.0,-210000000.0,14000000.0,-313000000.0,,112000000.0,-2000000.0,102000000.0,272000000,2016-09-30,33.90999984741211,34.0,33.30500030517578,33.47999954223633,33.47999954223633,3721000.0
2016-12-31,11911000000.0,-9042000000.0,2869000000.0,-2348000000.0,-1065000000.0,,,521000000.0,-41000000.0,-75000000.0,480000000,,480000000,-227000000.0,253000000,6000000.0,261000000,261000000,4435000000.0,,,8365000000.0,797000000.0,4545000000.0,6490000000.0,11832000000.0,20197000000,4377000000.0,4000000.0,8623000000.0,4651000000.0,5520000000.0,14143000000,4190000000.0,-179000000.0,1920000000.0,6054000000.0,20197000000,259000000.0,89000000.0,146000000.0,1098000000.0,980000000.0,,,118000000.0,1592000000.0,-95000000.0,-221000000.0,-449000000.0,-765000000.0,,171000000.0,-34000000.0,123000000.0,948000000,2016-12-30,28.415000915527344,28.44499969482422,27.94499969482422,28.2549991607666,28.2549991607666,2493400.0
2017-03-31,11724000000.0,-9763000000.0,1961000000.0,-1721000000.0,-1091000000.0,,,240000000.0,-21000000.0,-62000000.0,219000000,,219000000,-87000000.0,132000000,,139000000,139000000,5564000000.0,,,9408000000.0,841000000.0,4636000000.0,6477000000.0,11954000000.0,21362000000,4275000000.0,4000000.0,9202000000.0,4643000000.0,5938000000.0,15140000000,4224000000.0,-192000000.0,2059000000.0,6222000000.0,21362000000,132000000.0,86000000.0,-18000000.0,1048000000.0,59000000.0,,,989000000.0,1248000000.0,-83000000.0,-239000000.0,0.0,-323000000.0,,0.0,-13000000.0,-10000000.0,915000000,2017-03-31,35.9900016784668,36.08000183105469,35.595001220703125,35.630001068115234,35.630001068115234,3007400.0
2017-06-30,11954000000.0,-9869000000.0,2085000000.0,-1647000000.0,-1065000000.0,,,438000000.0,-17000000.0,-62000000.0,421000000,,421000000,-169000000.0,252000000,,254000000,254000000,5011000000.0,,,9648000000.0,912000000.0,4816000000.0,6464000000.0,12192000000.0,21840000000,4238000000.0,4000000.0,8966000000.0,4716000000.0,6346000000.0,15312000000,4258000000.0,-194000000.0,2313000000.0,6528000000.0,21840000000,252000000.0,87000000.0,26000000.0,-671000000.0,-755000000.0,,,84000000.0,-306000000.0,-98000000.0,-63000000.0,0.0,-161000000.0,,48000000.0,-2000000.0,49000000.0,-418000000,2017-06-30,40.13999938964844,40.29999923706055,39.68000030517578,39.93999862670898,39.93999862670898,2706400.0
2017-09-30,11898000000.0,-9980000000.0,1918000000.0,-1578000000.0,-1030000000.0,,,340000000.0,-14000000.0,-65000000.0,326000000,,326000000,-125000000.0,201000000,,205000000,205000000,4876000000.0,,,9660000000.0,1003000000.0,4927000000.0,6410000000.0,12340000000.0,22000000000,4804000000.0,4000000.0,9709000000.0,4717000000.0,5618000000.0,15327000000,4310000000.0,-197000000.0,2518000000.0,6673000000.0,22000000000,201000000.0,91000000.0,59000000.0,-254000000.0,-53000000.0,,,-201000000.0,97000000.0,-120000000.0,-83000000.0,0.0,-202000000.0,,-2000000.0,-3000000.0,-42000000.0,-146000000,2017-09-29,48.10499954223633,48.96500015258789,47.48500061035156,48.3849983215332,48.3849983215332,4193600.0
2017-12-31,12806000000.0,-10086000000.0,2720000000.0,-2539000000.0,-1260000000.0,,,181000000.0,-13000000.0,-66000000.0,168000000,,168000000,55000000.0,223000000,,230000000,230000000,4603000000.0,,,8703000000.0,1104000000.0,5312000000.0,6736000000.0,13152000000.0,21855000000,4714000000.0,4000000.0,9332000000.0,4695000000.0,5647000000.0,14979000000,4349000000.0,-244000000.0,2748000000.0,6876000000.0,21855000000,223000000.0,97000000.0,-50000000.0,180000000.0,699000000.0,,,-519000000.0,450000000.0,-121000000.0,-409000000.0,-50000000.0,-568000000.0,,1000000.0,-47000000.0,-79000000.0,-198000000,2017-12-29,51.75,51.92499923706055,50.41999816894531,50.43999862670898,50.43999862670898,1615000.0
2018-03-31,13194000000.0,-10582000000.0,2612000000.0,-2072000000.0,-1316000000.0,,,540000000.0,-27000000.0,-68000000.0,513000000,,513000000,-175000000.0,338000000,,340000000,340000000,6175000000.0,,,10976000000.0,1250000000.0,5535000000.0,7409000000.0,14194000000.0,25170000000,5477000000.0,4000000.0,10890000000.0,5172000000.0,6692000000.0,17582000000,4592000000.0,-139000000.0,3104000000.0,7588000000.0,25170000000,338000000.0,104000000.0,93000000.0,1311000000.0,-176000000.0,,,1487000000.0,1846000000.0,-218000000.0,-320000000.0,-226000000.0,-764000000.0,,524000000.0,-9000000.0,513000000.0,1595000000,2018-03-29,50.63000106811523,53.52999877929688,50.474998474121094,53.43500137329102,53.43500137329102,4210200.0
2018-06-30,14181000000.0,-11038000000.0,3143000000.0,-2654000000.0,-1237000000.0,,,489000000.0,-15000000.0,-80000000.0,474000000,,474000000,-175000000.0,299000000,,300000000,300000000,7309000000.0,,,12377000000.0,1327000000.0,5746000000.0,9293000000.0,16366000000.0,28743000000,4332000000.0,4000000.0,9862000000.0,6275000000.0,8173000000.0,18035000000,7355000000.0,-81000000.0,3403000000.0,10708000000.0,28743000000,299000000.0,111000000.0,7000000.0,-943000000.0,-377000000.0,,,-566000000.0,-526000000.0,-144000000.0,-334000000.0,-11000000.0,-489000000.0,,1151000000.0,2776000000.0,3865000000.0,2850000000,2018-06-29,61.97999954223633,62.959999084472656,61.52999877929688,61.60499954223633,61.60499954223633,3454800.0
2018-09-30,16182000000.0,-13248000000.0,2934000000.0,-2893000000.0,-1934000000.0,,,41000000.0,-17000000.0,-97000000.0,24000000,,24000000,-8000000.0,16000000,,19000000,19000000,7441000000.0,,,13088000000.0,1584000000.0,6272000000.0,10213000000.0,18069000000.0,31157000000,5468000000.0,4000000.0,12741000000.0,6379000000.0,7655000000.0,20396000000,7395000000.0,-85000000.0,3422000000.0,10761000000.0,31157000000,16000000.0,139000000.0,-72000000.0,465000000.0,-143000000.0,,,608000000.0,548000000.0,-127000000.0,-462000000.0,-1721000000.0,-2310000000.0,,113000000.0,-5000000.0,82000000.0,-1680000000,2018-09-28,71.59500122070312,72.5199966430664,71.375,72.38999938964844,72.38999938964844,2968400.0
2018-12-31,16559000000.0,-13575000000.0,2984000000.0,-2596000000.0,-1556000000.0,,-211000000.0,388000000.0,-31000000.0,-98000000.0,357000000,,357000000,-116000000.0,241000000,,241000000,241000000,6064000000.0,,,11998000000.0,1706000000.0,6861000000.0,10336000000.0,18903000000.0,30901000000,4717000000.0,38000000.0,11971000000.0,6648000000.0,7907000000.0,19878000000,7449000000.0,-139000000.0,3663000000.0,11023000000.0,30901000000,241000000.0,141000000.0,-12000000.0,-1004000000.0,-477000000.0,,,-527000000.0,-634000000.0,-186000000.0,-739000000.0,-97000000.0,-1022000000.0,,206000000.0,-54000000.0,152000000.0,-1504000000,2018-12-31,56.81999969482422,57.79999923706055,56.81000137329102,57.6500015258789,57.6500015258789,2752000.0
2019-03-31,18444000000.0,-14426000000.0,4018000000.0,-3333000000.0,-1609000000.0,,,685000000.0,0.0,-99000000.0,685000000,,685000000,-166000000.0,519000000,,522000000,522000000,7042000000.0,,,13616000000.0,1800000000.0,7186000000.0,10967000000.0,19953000000.0,33569000000,5359000000.0,40000000.0,13143000000.0,6775000000.0,8782000000.0,21925000000,7491000000.0,-174000000.0,4185000000.0,11644000000.0,33569000000,519000000.0,155000000.0,54000000.0,588000000.0,-662000000.0,,,1250000000.0,1316000000.0,-176000000.0,-197000000.0,0.0,-373000000.0,,91000000.0,-35000000.0,58000000.0,1001000000,2019-03-29,53.13999938964844,53.34000015258789,51.7400016784668,53.099998474121094,53.099998474121094,7023200.0
2019-06-30,18356000000.0,-14969000000.0,3387000000.0,-2744000000.0,-1574000000.0,,,643000000.0,19000000.0,-101000000.0,662000000,,662000000,-170000000.0,492000000,,495000000,495000000,7640000000.0,,,13596000000.0,1878000000.0,7632000000.0,11262000000.0,20772000000.0,34368000000,4866000000.0,87000000.0,12653000000.0,7047000000.0,9445000000.0,22098000000,7531000000.0,-176000000.0,4680000000.0,12270000000.0,34368000000,492000000.0,158000000.0,-5000000.0,272000000.0,896000000.0,,,-624000000.0,917000000.0,-160000000.0,-364000000.0,-32000000.0,-556000000.0,,173000000.0,-2000000.0,178000000.0,541000000,2019-06-28,52.459999084472656,52.52999877929688,51.27000045776367,52.43999862670898,52.43999862670898,6968100.0
2019-09-30,18976000000.0,-16025000000.0,2951000000.0,-2504000000.0,-1617000000.0,,,447000000.0,-1000000.0,-99000000.0,446000000,-271000000.0,175000000,-79000000.0,96000000,,95000000,95000000,7019000000.0,,,13457000000.0,1993000000.0,7915000000.0,10887000000.0,20795000000.0,34252000000,4858000000.0,66000000.0,13280000000.0,6975000000.0,8536000000.0,21816000000,7571000000.0,-180000000.0,4775000000.0,12436000000.0,34252000000,96000000.0,162000000.0,239000000.0,-596000000.0,-553000000.0,,,-43000000.0,-99000000.0,-194000000.0,-266000000.0,1000000.0,-459000000.0,,-101000000.0,-4000000.0,-108000000.0,-664000000,2019-09-30,43.09000015258789,43.68999862670898,42.93000030517578,43.2599983215332,43.2599983215332,4833100.0
2019-12-31,18863000000.0,-15907000000.0,2956000000.0,-2679000000.0,-1733000000.0,,-258000000.0,277000000.0,13000000.0,-113000000.0,290000000,-30000000.0,260000000,-58000000.0,202000000,,209000000,209000000,12986000000.0,,,20323000000.0,2121000000.0,7717000000.0,10833000000.0,20671000000.0,40994000000,4988000000.0,88000000.0,12932000000.0,13638000000.0,15370000000.0,28302000000,7647000000.0,-214000000.0,4984000000.0,12692000000.0,40994000000,202000000.0,168000000.0,245000000.0,-1266000000.0,-757000000.0,,,-509000000.0,-651000000.0,-200000000.0,61000000.0,-5000000.0,-144000000.0,,6732000000.0,-34000000.0,6704000000.0,5903000000,2019-12-31,63.0,63.38999938964844,62.4000015258789,62.86999893188477,62.86999893188477,2163100.0
2020-03-31,26025000000.0,-21245000000.0,4780000000.0,-4520000000.0,-2384000000.0,,-166000000.0,260000000.0,-13000000.0,-180000000.0,247000000,-116000000.0,131000000,-85000000.0,46000000,,46000000,46000000,10694000000.0,,,24696000000.0,2439000000.0,10521000000.0,28775000000.0,41735000000.0,66431000000,9583000000.0,129000000.0,21651000000.0,17150000000.0,21088000000.0,42739000000,19279000000.0,-755000000.0,5030000000.0,23692000000.0,66431000000,46000000.0,288000000.0,276000000.0,-850000000.0,-2182000000.0,,,1332000000.0,-240000000.0,-177000000.0,-498000000.0,-2592000000.0,-3272000000.0,,1482000000.0,-558000000.0,839000000.0,-2674000000,2020-03-31,57.709999084472656,59.90999984741211,56.22999954223633,59.40999984741211,59.40999984741211,7812700.0
2020-06-30,27712000000.0,-21140000000.0,6572000000.0,-4554000000.0,-2255000000.0,,-197000000.0,2018000000.0,-74000000.0,-187000000.0,1944000000,,1944000000,-742000000.0,1202000000,,1206000000,1206000000,14356000000.0,,,26822000000.0,2544000000.0,10231000000.0,28750000000.0,41525000000.0,68347000000,9946000000.0,106000000.0,21918000000.0,16708000000.0,21224000000.0,43142000000,19333000000.0,-758000000.0,6236000000.0,25205000000.0,68347000000,1202000000.0,330000000.0,-81000000.0,2263000000.0,1023000000.0,,,1240000000.0,3714000000.0,-235000000.0,417000000.0,58000000.0,240000000.0,,-471000000.0,-3000000.0,-460000000.0,3498000000,2020-06-30,62.709999084472656,64.12999725341797,61.08000183105469,63.54999923706055,63.54999923706055,5354100.0
