Report Date,Revenue,Cost of Revenue,Gross Profit,Operating Expenses,"Selling, General & Administrative",Research & Development,Depreciation & Amortization,Operating Income (Loss),Non-Operating Income (Loss),"Interest Expense, Net","Pretax Income (Loss), Adj.",Abnormal Gains (Losses),Pretax Income (Loss),"Income Tax (Expense) Benefit, Net",Income (Loss) from Continuing Operations,Net Extraordinary Gains (Losses),Net Income,Net Income (Common),"Cash, Cash Equivalents & Short Term Investments",Accounts & Notes Receivable,Inventories,Total Current Assets,"Property, Plant & Equipment, Net",Long Term Investments & Receivables,Other Long Term Assets,Total Noncurrent Assets,Total Assets,Payables & Accruals,Short Term Debt,Total Current Liabilities,Long Term Debt,Total Noncurrent Liabilities,Total Liabilities,Share Capital & Additional Paid-In Capital,Treasury Stock,Retained Earnings,Total Equity,Total Liabilities & Equity,Net Income/Starting Line,Depreciation & Amortization,Non-Cash Items,Change in Working Capital,Change in Accounts Receivable,Change in Inventories,Change in Accounts Payable,Change in Other,Net Cash from Operating Activities,Change in Fixed Assets & Intangibles,Net Change in Long Term Investment,Net Cash from Acquisitions & Divestitures,Net Cash from Investing Activities,Dividends Paid,Cash from (Repayment of) Debt,Cash from (Repurchase of) Equity,Net Cash from Financing Activities,Net Change in Cash,Price Date,Open,High,Low,Close,Adj Close,Volume
2009-07-31,316061000.0,-62496000.0,253565000.0,-224076000.0,-192973000.0,-31103000.0,,29489000.0,6382000.0,-293000.0,35871000,,35871000,-14030000.0,21841000,,21198000,21198000,420126000.0,168842000.0,,701318000.0,96470000.0,610280000.0,148459000.0,855209000.0,1556527000,173752000.0,,712588000.0,16579000.0,41549000.0,754137000,727657000.0,,65476000.0,802390000.0,1556527000,21841000.0,12144000.0,20505000.0,-8635000.0,,,,,45855000.0,-18628000.0,-138393000.0,0.0,-157721000.0,,-2258000.0,5139000.0,18568000.0,-95536000,2009-07-31,10.952500343322754,11.039999961853027,10.8100004196167,10.835000038146973,10.835000038146973,4262400.0
2009-10-31,330549000.0,-65570000.0,264979000.0,-234838000.0,-202075000.0,-32763000.0,,30141000.0,6875000.0,-292000.0,37016000,,37016000,-15573000.0,21443000,,20691000,20691000,445334000.0,191297000.0,,762915000.0,95598000.0,624758000.0,159930000.0,880286000.0,1643201000,192976000.0,,726478000.0,,46183000.0,772661000,775963000.0,,86167000.0,870540000.0,1643201000,21443000.0,13601000.0,28704000.0,-28228000.0,,,,,35520000.0,-10389000.0,-41243000.0,-4500000.0,-59832000.0,,-2398000.0,18559000.0,23562000.0,-3281000,2009-10-30,15.0,15.0,14.137499809265135,14.1875,14.1875,6575200.0
2010-01-31,354049000.0,-68059000.0,285990000.0,-260471000.0,-224024000.0,-36447000.0,,25519000.0,9159000.0,-1207000.0,34678000,,34678000,-12263000.0,22415000,,20394000,20394000,1241965000.0,320956000.0,,1706159000.0,89711000.0,485083000.0,179248000.0,754042000.0,2460201000,217953000.0,,908130000.0,450198000.0,495405000.0,1403535000,938671000.0,,106561000.0,1056666000.0,2460201000,22415000.0,15287000.0,13089000.0,40769000.0,,,,,91560000.0,-7056000.0,109558000.0,-7499000.0,95003000.0,,438379000.0,120273000.0,577655000.0,768418000,2010-01-29,16.202499389648438,16.290000915527347,15.800000190734865,15.887499809265135,15.887499809265135,6281200.0
2010-04-30,376813000.0,-71581000.0,305232000.0,-272182000.0,-232060000.0,-40122000.0,,33050000.0,-1158000.0,-7060000.0,31892000,,31892000,-12016000.0,19876000,,17745000,17745000,951752000.0,183612000.0,,1263752000.0,86710000.0,949796000.0,187839000.0,1224345000.0,2488097000,190646000.0,,838100000.0,455649000.0,501630000.0,1339730000,1010134000.0,,124306000.0,1148367000.0,2488097000,19876000.0,14505000.0,42120000.0,66682000.0,,,,,143183000.0,-11690000.0,-495943000.0,0.0,-508133000.0,,-1918000.0,37516000.0,43613000.0,-320512000,2010-04-30,22.100000381469727,22.100000381469727,21.375,21.399999618530273,21.399999618530273,4456800.0
2010-07-31,394372000.0,-77790000.0,316582000.0,-286900000.0,-243970000.0,-42930000.0,,29682000.0,-215000.0,-7185000.0,29467000,,29467000,-12884000.0,16583000,,14744000,14744000,742267000.0,228550000.0,,1112136000.0,100946000.0,1116661000.0,368733000.0,1586340000.0,2698476000,265669000.0,,928566000.0,461182000.0,514355000.0,1442921000,1093721000.0,,139050000.0,1255555000.0,2698476000,16583000.0,17793000.0,27352000.0,14368000.0,,,,,76096000.0,-27831000.0,-234030000.0,-151503000.0,-415364000.0,,-2123000.0,34127000.0,54906000.0,-280869000,2010-07-30,24.212499618530273,24.86000061035156,24.024999618530273,24.73749923706055,24.73749923706055,5489200.0
2010-10-31,429087000.0,-82131000.0,346956000.0,-311800000.0,-264495000.0,-47305000.0,,35156000.0,3404000.0,-7374000.0,38560000,,38560000,-16192000.0,22368000,,21072000,21072000,769848000.0,258764000.0,,1192936000.0,116078000.0,1032592000.0,399088000.0,1547758000.0,2740694000,320591000.0,,993045000.0,466847000.0,535183000.0,1528228000,1041136000.0,,160122000.0,1212466000.0,2740694000,22368000.0,19710000.0,37668000.0,-5706000.0,,,,,74040000.0,-20790000.0,280340000.0,-3834000.0,243716000.0,,-3116000.0,44353000.0,-95155000.0,220378000,2010-10-29,28.712499618530273,29.25,28.57500076293945,29.01749992370605,29.01749992370605,6098800.0
2011-01-31,456867000.0,-92311000.0,364556000.0,-364947000.0,-307417000.0,-57530000.0,,-391000.0,4770000.0,-3290000.0,4379000,,4379000,6491000.0,10870000,,10913000,10913000,496970000.0,426943000.0,,1074924000.0,387174000.0,910587000.0,718480000.0,2016241000.0,3091165000,363227000.0,0.0,1276466000.0,472538000.0,538208000.0,1814674000,1098737000.0,,171035000.0,1276491000.0,3091165000,10870000.0,23738000.0,77078000.0,54076000.0,,,,,165762000.0,-30576000.0,179346000.0,-247994000.0,-382773000.0,,-3198000.0,44406000.0,10710000.0,-206011000,2011-01-31,32.959999084472656,33.110000610351555,32.102500915527344,32.28499984741211,32.28499984741211,9790400.0
2011-04-30,504364000.0,-103066000.0,401298000.0,-404101000.0,-338809000.0,-65292000.0,,-2803000.0,3584000.0,-3671000.0,781000,,781000,-251000.0,530000,,530000,530000,763836000.0,270816000.0,,1188129000.0,446268000.0,758449000.0,735222000.0,1939939000.0,3128068000,312939000.0,478369000.0,1685212000.0,0.0,187214000.0,1872426000,1084001000.0,,171565000.0,1255642000.0,3128068000,530000.0,29593000.0,72454000.0,36941000.0,,,,,139518000.0,-27314000.0,126458000.0,-13335000.0,79362000.0,,-3562000.0,32286000.0,27958000.0,240320000,2011-04-29,34.372501373291016,34.875,34.067501068115234,34.650001525878906,34.650001525878906,5418400.0
2011-07-31,546002000.0,-120910000.0,425092000.0,-440840000.0,-367447000.0,-73393000.0,,-15748000.0,-1965000.0,-3846000.0,-17713000,,-17713000,13445000.0,-4268000,,-4268000,-4268000,577376000.0,342397000.0,,1114822000.0,470070000.0,709282000.0,1127154000.0,2306506000.0,3421328000,412174000.0,484128000.0,1814057000.0,0.0,189148000.0,2003205000,1243607000.0,,167297000.0,1418123000.0,3421328000,-4268000.0,40239000.0,79501000.0,-32539000.0,,,,,82933000.0,-45051000.0,21662000.0,-285335000.0,-321928000.0,,-10549000.0,42282000.0,20419000.0,-214818000,2011-07-29,36.16749954223633,36.49499893188477,35.400001525878906,36.1775016784668,36.1775016784668,7013600.0
2011-10-31,584260000.0,-128565000.0,455695000.0,-465852000.0,-389803000.0,-76049000.0,,-10157000.0,1307000.0,-3859000.0,-8850000,,-8850000,5094000.0,-3756000,,-3756000,-3756000,645848000.0,312331000.0,,1148240000.0,504827000.0,650845000.0,1207366000.0,2363038000.0,3511278000,437415000.0,490119000.0,1832589000.0,0.0,180300000.0,2012889000,1330871000.0,,163541000.0,1498389000.0,3511278000,-3756000.0,41553000.0,79114000.0,11798000.0,,,,,128709000.0,-34678000.0,39167000.0,-66115000.0,-89788000.0,,-7685000.0,15794000.0,15001000.0,53193000,2011-10-31,33.735000610351555,34.22999954223633,33.29249954223633,33.29249954223633,33.29249954223633,7856800.0
2012-01-31,631913000.0,-136345000.0,495568000.0,-501945000.0,-421332000.0,-80613000.0,,-6377000.0,-1158000.0,-5669000.0,-7535000,,-7535000,3457000.0,-4078000,,-4078000,-4078000,777866000.0,683745000.0,,1672222000.0,527946000.0,669308000.0,1294678000.0,2491932000.0,4164154000,512260000.0,496149000.0,2300031000.0,,276763000.0,2576794000,1415214000.0,,159463000.0,1587360000.0,4164154000,-4078000.0,45901000.0,109713000.0,88811000.0,,,,,240347000.0,-44602000.0,-45608000.0,-57914000.0,-157336000.0,,-8737000.0,26203000.0,12472000.0,104297000,2012-01-31,29.270000457763672,29.34000015258789,28.66250038146973,29.20000076293945,29.20000076293945,5320800.0
2012-04-30,695467000.0,-151551000.0,543916000.0,-566165000.0,-471389000.0,-94776000.0,,-22249000.0,-2619000.0,-6370000.0,-24868000,,-24868000,5393000.0,-19475000,,-19475000,-19475000,710388000.0,371395000.0,,1323033000.0,549732000.0,946701000.0,1336626000.0,2833059000.0,4156092000,419483000.0,0.0,1676852000.0,502326000.0,669471000.0,2346323000,1659584000.0,,139988000.0,1809769000.0,4156092000,-19475000.0,49441000.0,111138000.0,72108000.0,,,,,213212000.0,-44721000.0,-374582000.0,-48913000.0,-474987000.0,,-7574000.0,93567000.0,97036000.0,-166499000,2012-04-30,39.022499084472656,39.28250122070313,38.6974983215332,38.93249893188477,38.93249893188477,3965200.0
2012-07-31,731649000.0,-162418000.0,569231000.0,-582697000.0,-483255000.0,-99442000.0,,-13466000.0,-566000.0,-8033000.0,-14032000,,-14032000,4203000.0,-9829000,,-9829000,-9829000,1107663000.0,446917000.0,,1853125000.0,556776000.0,696602000.0,1347067000.0,2600445000.0,4453570000,552227000.0,508533000.0,2329167000.0,,232089000.0,2561256000,1742425000.0,,130159000.0,1892314000.0,4453570000,-9829000.0,49999000.0,112869000.0,-16842000.0,,,,,136197000.0,-29304000.0,412797000.0,-10078000.0,372286000.0,,-7479000.0,33824000.0,41047000.0,559945000,2012-07-31,31.540000915527344,32.05500030517578,30.90999984741211,31.09000015258789,31.09000015258789,9177600.0
2012-10-31,788398000.0,-186248000.0,602150000.0,-656338000.0,-542264000.0,-114074000.0,,-54188000.0,-8663000.0,-8190000.0,-62851000,,-62851000,-157446000.0,-220297000,,-220297000,-220297000,605564000.0,418590000.0,,1257285000.0,583839000.0,810486000.0,1990680000.0,3385005000.0,4642290000,582207000.0,514891000.0,2323216000.0,,235459000.0,2558675000,2150104000.0,,-90138000.0,2083615000.0,4642290000,-220297000.0,59960000.0,147493000.0,118759000.0,,,,,105915000.0,-51054000.0,-89428000.0,-515760000.0,-657899000.0,,-7664000.0,76483000.0,71979000.0,-479010000,2012-10-31,36.212501525878906,36.81499862670898,36.002498626708984,36.49499893188477,36.49499893188477,6795600.0
2013-01-31,834681000.0,-183362000.0,651319000.0,-672126000.0,-550939000.0,-121187000.0,,-20807000.0,-5236000.0,-8355000.0,-26043000,0.0,-26043000,5199000.0,-20844000,,-20844000,-20844000,867621000.0,872634000.0,,2015880000.0,604669000.0,890664000.0,2017743000.0,3513076000.0,5528956000,597706000.0,521278000.0,2917624000.0,0.0,293699000.0,3211323000,2411478000.0,,-110982000.0,2317633000.0,5528956000,-20844000.0,57395000.0,171821000.0,73201000.0,,,,,281573000.0,-50522000.0,-118558000.0,-4994000.0,-178318000.0,,-9037000.0,147492000.0,124483000.0,225525000,2013-01-31,43.352500915527344,43.69499969482422,42.650001525878906,43.03250122070313,43.03250122070313,4999600.0
2013-04-30,892633000.0,-208994000.0,683639000.0,-728179000.0,-596240000.0,-131939000.0,,-44540000.0,-9403000.0,-11883000.0,-53943000,,-53943000,-13778000.0,-67721000,,-67721000,-67721000,2099817000.0,502609000.0,,2876039000.0,623684000.0,979640000.0,2034346000.0,3637670000.0,6513709000,527080000.0,527810000.0,2729687000.0,1029495000.0,1321226000.0,4050913000,2627773000.0,,-178703000.0,2462796000.0,6513709000,-67721000.0,62297000.0,168200000.0,120413000.0,,,,,283189000.0,-54010000.0,-137989000.0,-22161000.0,-219276000.0,,1124251000.0,151324000.0,1123641000.0,1180745000,2013-04-30,41.04999923706055,41.2400016784668,40.709999084472656,41.11000061035156,41.11000061035156,3806600.0
2013-07-31,957094000.0,-217717000.0,739377000.0,-779234000.0,-631155000.0,-148079000.0,,-39857000.0,-16947000.0,-19656000.0,-56804000,,-56804000,133407000.0,76603000,,76603000,76603000,623491000.0,599543000.0,,1698165000.0,1184861000.0,306517000.0,4780353000.0,6271731000.0,7969896000,764083000.0,534391000.0,3033315000.0,1335271000.0,2117932000.0,5151247000,2909510000.0,,-102100000.0,2818649000.0,7969896000,76603000.0,77966000.0,171137000.0,-142523000.0,,,,,183183000.0,-102549000.0,843498000.0,-2592571000.0,-1855320000.0,,286392000.0,40195000.0,325309000.0,-1348109000,2013-07-31,43.959999084472656,44.290000915527344,43.650001525878906,43.75,43.75,3263200.0
2013-10-31,1076034000.0,-268187000.0,807847000.0,-905778000.0,-735088000.0,-170690000.0,,-97931000.0,-26110000.0,-22929000.0,-124041000,0.0,-124041000,-393000.0,-124434000,,-124434000,-124434000,703542000.0,604045000.0,,1800886000.0,1205349000.0,381765000.0,4709634000.0,6296748000.0,8097634000,839302000.0,541125000.0,3066689000.0,1333583000.0,2118589000.0,5185278000,3122084000.0,,-226534000.0,2912356000.0,8097634000,-124434000.0,114347000.0,201309000.0,-53363000.0,,,,,137859000.0,-72702000.0,-81803000.0,0.0,-163522000.0,,-19940000.0,110710000.0,92348000.0,71869000,2013-10-31,52.790000915527344,53.709999084472656,52.5099983215332,53.36000061035156,53.36000061035156,3504400.0
2014-01-31,1145242000.0,-273530000.0,871712000.0,-975458000.0,-802368000.0,-173090000.0,,-103746000.0,-19401000.0,-22743000.0,-123147000,0.0,-123147000,6524000.0,-116623000,,-116623000,-116623000,838774000.0,1360837000.0,,2680252000.0,1240746000.0,482243000.0,4749689000.0,6472678000.0,9152930000,934324000.0,542159000.0,3950188000.0,1331930000.0,2164232000.0,6114420000,3363987000.0,,-343157000.0,3038510000.0,9152930000,-116623000.0,114813000.0,198839000.0,74209000.0,,,,,271238000.0,-69849000.0,-107689000.0,-2570000.0,-193437000.0,,-21544000.0,72502000.0,56936000.0,129885000,2014-01-31,60.02999877929688,61.2599983215332,60.0,60.52999877929688,60.52999877929688,4612200.0
2014-04-30,1226772000.0,-292305000.0,934467000.0,-989808000.0,-801450000.0,-188358000.0,,-55341000.0,-29428000.0,-20359000.0,-84769000,,-84769000,-12142000.0,-96911000,,-96911000,-96911000,879124000.0,684155000.0,,2039381000.0,1251000000.0,650764000.0,4700199000.0,6601963000.0,8641344000,766601000.0,275029000.0,3329954000.0,1330315000.0,2179476000.0,5509430000,3556684000.0,,-440068000.0,3131914000.0,8641344000,-96911000.0,110808000.0,202226000.0,256964000.0,,,,,473087000.0,-60098000.0,-164026000.0,0.0,-210370000.0,,-301986000.0,73795000.0,-219150000.0,46256000,2014-04-30,50.599998474121094,51.7400016784668,49.83000183105469,51.6500015258789,51.6500015258789,6857500.0
2014-07-31,1318551000.0,-307831000.0,1010720000.0,-1044154000.0,-841045000.0,-203109000.0,,-33434000.0,-19535000.0,-18314000.0,-52969000,,-52969000,-8119000.0,-61088000,,-61088000,-61088000,844575000.0,834323000.0,,2304687000.0,1189930000.0,827183000.0,4688028000.0,6705141000.0,9009828000,891062000.0,265102000.0,3472738000.0,1328737000.0,2236522000.0,5709260000,3790561000.0,,-501156000.0,3300568000.0,9009828000,-61088000.0,107596000.0,220836000.0,-21451000.0,,,,,245893000.0,-71576000.0,-197093000.0,0.0,-286476000.0,,-61533000.0,61429000.0,-6919000.0,-53166000,2014-07-31,55.68000030517578,55.90999984741211,54.1500015258789,54.25,54.25,4291100.0
2014-10-31,1383655000.0,-333211000.0,1050444000.0,-1072486000.0,-877026000.0,-195460000.0,,-22042000.0,-15432000.0,-17682000.0,-37474000,15625000.0,-21849000,-17075000.0,-38924000,,-38924000,-38924000,926104000.0,794590000.0,,2324220000.0,1109816000.0,901173000.0,5077454000.0,7088443000.0,9412663000,935942000.0,179755000.0,3308352000.0,1364683000.0,2313697000.0,5622049000,4331945000.0,,-540080000.0,3790614000.0,9412663000,-38924000.0,111954000.0,198745000.0,-149264000.0,,,,,122511000.0,118814000.0,-85364000.0,38071000.0,-56266000.0,,-72665000.0,91337000.0,19893000.0,71600000,2014-10-31,62.9900016784668,64.59999847412111,62.93999862670898,63.9900016784668,63.9900016784668,7418900.0
2015-01-31,1444608000.0,-355923000.0,1088685000.0,-1123501000.0,-917511000.0,-205990000.0,,-34816000.0,-18682000.0,-16882000.0,-53498000,0.0,-53498000,-12267000.0,-65765000,,-65765000,-65765000,995429000.0,1905506000.0,,3514544000.0,1125866000.0,1070629000.0,4954088000.0,7150583000.0,10665127000,1103335000.0,,4390103000.0,1370692000.0,2299841000.0,6689944000,4605136000.0,,-605845000.0,3975183000.0,10665127000,-65765000.0,117938000.0,234921000.0,52859000.0,,,,,339953000.0,-54354000.0,-2574000.0,0.0,-145248000.0,,-191016000.0,82428000.0,-112035000.0,61792000,2015-01-30,57.5,58.13999938964844,56.36999893188477,56.45000076293945,56.45000076293945,3817400.0
2015-04-30,1511167000.0,-381802000.0,1129365000.0,-1098260000.0,-912749000.0,-222128000.0,,31105000.0,-13032000.0,-16675000.0,18073000,0.0,18073000,-13981000.0,4092000,,4092000,4092000,1019015000.0,926381000.0,,2604825000.0,1737094000.0,903461000.0,5120302000.0,7760857000.0,10365682000,928105000.0,,3960876000.0,1275503000.0,2169603000.0,6130479000,4865308000.0,,-601753000.0,4235203000.0,10365682000,4092000.0,127927000.0,188959000.0,414103000.0,,,,,735081000.0,-496463000.0,-595000.0,-12470000.0,-536123000.0,,-316825000.0,155015000.0,-161810000.0,33839000,2015-04-30,72.19000244140625,74.0,71.0,72.81999969482422,72.81999969482422,17492100.0
2015-07-31,1634684000.0,-405384000.0,1229300000.0,-1209476000.0,-975376000.0,-234100000.0,,19824000.0,-12866000.0,-18096000.0,6958000,0.0,6958000,-7810000.0,-852000,,-852000,-852000,1170469000.0,1067799000.0,,2916787000.0,1725184000.0,1374380000.0,4777626000.0,7877190000.0,10793977000,1098054000.0,,4112994000.0,1281612000.0,2145180000.0,6258174000,5166552000.0,,-602605000.0,4535803000.0,10793977000,-852000.0,131675000.0,231749000.0,-58294000.0,,,,,304278000.0,-64883000.0,-3441000.0,-18451000.0,-233777000.0,,-41074000.0,114799000.0,73725000.0,147395000,2015-07-31,73.41000366210938,74.1500015258789,73.01000213623047,73.30000305175781,73.30000305175781,2144600.0
2015-10-31,1711967000.0,-423683000.0,1288284000.0,-1244850000.0,-1005638000.0,-239212000.0,,43434000.0,-21835000.0,-18249000.0,21599000,21792000.0,43391000,-68548000.0,-25157000,,-25157000,-25157000,1358005000.0,1060726000.0,,2938773000.0,1742142000.0,1440110000.0,4790941000.0,7973193000.0,10911966000,1149693000.0,,3976978000.0,1287761000.0,2185034000.0,6162012000,5411041000.0,,-627762000.0,4749954000.0,10911966000,-25157000.0,134236000.0,215683000.0,-162248000.0,,,,,162514000.0,47025000.0,-101682000.0,-27759000.0,-112746000.0,,-10945000.0,98016000.0,87071000.0,133967000,2015-10-30,78.1500015258789,78.62999725341797,77.41999816894531,77.70999908447266,77.70999908447266,3371600.0
2016-01-31,1809398000.0,-443679000.0,1365719000.0,-1345159000.0,-1094299000.0,-250860000.0,,20560000.0,-24703000.0,-19465000.0,-4143000,0.0,-4143000,-21366000.0,-25509000,,-25509000,-25509000,2725377000.0,2496165000.0,,5731323000.0,1715828000.0,520721000.0,4795048000.0,7031597000.0,12762920000,1349338000.0,,5617005000.0,1286095000.0,2143046000.0,7760051000,5706057000.0,,-653271000.0,5002869000.0,12762920000,-25509000.0,131912000.0,245369000.0,118436000.0,,,,,470208000.0,-68465000.0,-495474000.0,0.0,-605232000.0,,286514000.0,87652000.0,74166000.0,-64955000,2016-01-29,66.48999786376953,68.09999847412111,66.12000274658203,68.05999755859375,68.05999755859375,5612300.0
2016-04-30,1916603000.0,-496981000.0,1419622000.0,-1367636000.0,-1106666000.0,-260970000.0,,51986000.0,-27695000.0,-22011000.0,24291000,12864000.0,37155000,1604000.0,38759000,,38759000,38759000,2031192000.0,1192965000.0,,3774672000.0,1711472000.0,2205010000.0,5126116000.0,9042598000.0,12817270000,1093197000.0,,5085103000.0,1293170000.0,2147903000.0,7233006000,6218624000.0,,-605783000.0,5584264000.0,12817270000,38759000.0,132772000.0,271754000.0,607777000.0,,,,,1051062000.0,-83301000.0,-343117000.0,-1799000.0,-450278000.0,,-49968000.0,89141000.0,39173000.0,640720000,2016-04-29,75.01000213623047,76.05999755859375,74.4800033569336,75.80000305175781,75.80000305175781,3228000.0
2016-07-31,2036618000.0,-525579000.0,1511039000.0,-1478488000.0,-1186982000.0,-291506000.0,,32551000.0,-8268000.0,-20708000.0,24283000,0.0,24283000,205339000.0,229622000,,229622000,229622000,1174283000.0,1323114000.0,,3277999000.0,1728243000.0,1093921000.0,8281151000.0,11103315000.0,14381314000,1567896000.0,,5376096000.0,1796929000.0,2872642000.0,8248738000,6519952000.0,,-376161000.0,6132576000.0,14381314000,229622000.0,149361000.0,277961000.0,-406266000.0,,,,,250678000.0,-96030000.0,1352182000.0,-2798194000.0,-1542432000.0,,482755000.0,133878000.0,616633000.0,-683857000,2016-07-29,82.25,82.41000366210938,80.87999725341797,81.80000305175781,81.80000305175781,2996300.0
2016-10-31,2144775000.0,-585522000.0,1559253000.0,-1556217000.0,-1244758000.0,-311459000.0,,3036000.0,-16455000.0,-21946000.0,-13419000,833000.0,-12586000,-24723000.0,-37309000,,-37309000,-37309000,1200807000.0,1281425000.0,,3001554000.0,1756673000.0,1106291000.0,8523151000.0,11386115000.0,14387669000,1496841000.0,,4975534000.0,1804371000.0,2606098000.0,7581632000,7282450000.0,,-413470000.0,6806037000.0,14387669000,-37309000.0,169346000.0,304429000.0,-282154000.0,,,,,154312000.0,-140653000.0,-4137000.0,-32117000.0,-193784000.0,,-10997000.0,92846000.0,81849000.0,30510000,2016-10-31,75.31999969482422,76.0,74.87000274658203,75.16000366210938,75.16000366210938,4113500.0
2017-01-31,2339004000.0,-625918000.0,1713086000.0,-1582659000.0,-1238594000.0,-344065000.0,,130427000.0,-17582000.0,-24335000.0,112845000,17303000.0,130148000,-38220000.0,91928000,,91928000,91928000,2208887000.0,3196643000.0,,5996827000.0,1787534000.0,566953000.0,9233609000.0,11588096000.0,17584923000,1752664000.0,,7295466000.0,2008391000.0,2789330000.0,10084796000,8040878000.0,,-464910000.0,7500127000.0,17584923000,91928000.0,180521000.0,435856000.0,-2357000.0,,,,,705948000.0,-144016000.0,-1928000.0,-360890000.0,-497506000.0,,725210000.0,85135000.0,260345000.0,461627000,2017-01-31,78.44999694824219,80.0,78.16999816894531,79.0999984741211,79.0999984741211,7835200.0
2017-04-30,2397000000.0,-651000000.0,1746000000.0,-1742000000.0,-1366000000.0,-376000000.0,,4000000.0,-17000000.0,-22000000.0,-13000000,3000000.0,-10000000,11000000.0,1000000,,1000000,1000000,3219550000.0,1439875000.0,,5404491000.0,1846413000.0,639191000.0,9168835000.0,11654439000.0,17058930000,1459686000.0,1123525000.0,7625863000.0,695845000.0,1498579000.0,9124442000,8399092000.0,,-474117000.0,7934488000.0,17058930000,1000000.0,185000000.0,398000000.0,646000000.0,,,,,1230000000.0,-157000000.0,-591000000.0,-20000000.0,-768000000.0,,-9000000.0,160000000.0,-49000000.0,418000000,2017-04-28,85.77999877929688,86.22000122070312,85.27999877929688,86.12000274658203,86.12000274658203,2919200.0
2017-07-31,2577000000.0,-670000000.0,1907000000.0,-1823000000.0,-1436000000.0,-387000000.0,,84000000.0,-13000000.0,-22000000.0,71000000,-8000000.0,63000000,-17000000.0,46000000,,46000000,46000000,3501245000.0,1569322000.0,,5811341000.0,1866576000.0,657687000.0,9083199000.0,11607462000.0,17418803000,1576822000.0,1130729000.0,7526185000.0,696199000.0,1441304000.0,8967489000,8890160000.0,,-456381000.0,8451314000.0,17418803000,46000000.0,192000000.0,419000000.0,-326000000.0,,,,,331000000.0,-128000000.0,-353000000.0,0.0,-524000000.0,,-66000000.0,183000000.0,117000000.0,-76000000,2017-07-31,90.80999755859376,91.0500030517578,89.87000274658203,90.8000030517578,90.8000030517578,3002900.0
2017-10-31,2701000000.0,-714000000.0,1987000000.0,-1832000000.0,-1438000000.0,-394000000.0,,155000000.0,-10000000.0,-21000000.0,145000000,1000000.0,146000000,-39000000.0,107000000,,107000000,107000000,3628665000.0,1519916000.0,,5946170000.0,1864891000.0,670406000.0,9008569000.0,11543866000.0,17490036000,1686408000.0,1137954000.0,7216444000.0,696555000.0,1444222000.0,8660666000,9230803000.0,,-404987000.0,8829370000.0,17490036000,107000000.0,188000000.0,420000000.0,-590000000.0,,,,,125000000.0,-111000000.0,-10000000.0,0.0,-135000000.0,,-8000000.0,142000000.0,134000000.0,123000000,2017-10-31,101.12999725341795,102.4499969482422,100.83999633789062,102.33999633789062,102.33999633789062,5111800.0
2018-01-31,2865000000.0,-738000000.0,2127000000.0,-1916000000.0,-1520000000.0,-396000000.0,,211000000.0,-13000000.0,-22000000.0,198000000,23000000.0,221000000,-15000000.0,206000000,,206000000,206000000,4521000000.0,3921000000.0,,9584000000.0,1947000000.0,677000000.0,9776000000.0,12400000000.0,21984000000,2047000000.0,,9042000000.0,1720000000.0,2566000000.0,11608000000,9753000000.0,,635000000.0,10376000000.0,21984000000,206000000.0,188000000.0,364000000.0,294000000.0,,,,,1052000000.0,-138000000.0,-413000000.0,-5000000.0,-584000000.0,,-23000000.0,165000000.0,19000000.0,471000000,2018-01-31,113.05999755859376,114.5199966430664,112.63999938964844,113.91000366210938,113.91000366210938,4181800.0
2018-04-30,3006000000.0,-767000000.0,2239000000.0,-2048000000.0,-1624000000.0,-424000000.0,,191000000.0,-17000000.0,-34000000.0,174000000,211000000.0,385000000,-41000000.0,344000000,,344000000,344000000,7159000000.0,1763000000.0,,10151000000.0,1950000000.0,1024000000.0,9838000000.0,12812000000.0,22963000000,1691000000.0,,7892000000.0,3175000000.0,4011000000.0,11903000000,10124000000.0,,969000000.0,11060000000.0,22963000000,344000000.0,181000000.0,245000000.0,696000000.0,,,,,1466000000.0,-122000000.0,723000000.0,-182000000.0,276000000.0,,2451000000.0,201000000.0,1625000000.0,3379000000,2018-04-30,120.87000274658205,121.6999969482422,119.77999877929688,120.98999786376952,120.98999786376952,2788300.0
2018-07-31,3281000000.0,-849000000.0,2432000000.0,-2317000000.0,-1854000000.0,-463000000.0,,115000000.0,-27000000.0,-39000000.0,88000000,143000000.0,231000000,68000000.0,299000000,,299000000,299000000,3427000000.0,1980000000.0,,6802000000.0,1986000000.0,1202000000.0,15833000000.0,19021000000.0,25823000000,2083000000.0,,7966000000.0,3676000000.0,4329000000.0,12295000000,12309000000.0,,1269000000.0,13528000000.0,25823000000,299000000.0,252000000.0,392000000.0,-485000000.0,,,,,458000000.0,-170000000.0,347000000.0,-4803000000.0,-4661000000.0,,407000000.0,182000000.0,589000000.0,-3603000000,2018-07-31,138.67999267578122,139.78999328613278,135.38999938964844,137.14999389648438,137.14999389648438,7442900.0
2018-10-31,3392000000.0,-889000000.0,2503000000.0,-2411000000.0,-1930000000.0,-481000000.0,,92000000.0,-27000000.0,-40000000.0,65000000,63000000.0,128000000,-23000000.0,105000000,,105000000,105000000,3450000000.0,2037000000.0,,6870000000.0,1998000000.0,1251000000.0,16469000000.0,19718000000.0,26588000000,2143000000.0,,7519000000.0,3676000000.0,4376000000.0,11895000000,13394000000.0,,1373000000.0,14693000000.0,26588000000,105000000.0,256000000.0,479000000.0,-697000000.0,,,,,143000000.0,-136000000.0,-254000000.0,-130000000.0,-545000000.0,,-2000000.0,185000000.0,182000000.0,-214000000,2018-10-31,134.91999816894528,138.71000671386722,134.77000427246094,137.24000549316406,137.24000549316406,6666400.0
2019-01-31,3603000000.0,-946000000.0,2657000000.0,-2520000000.0,-2002000000.0,-518000000.0,,137000000.0,-23000000.0,113000000.0,114000000,125000000.0,239000000,123000000.0,362000000,,362000000,362000000,4342000000.0,4924000000.0,,10683000000.0,2051000000.0,1302000000.0,16701000000.0,20054000000.0,30737000000,2688000000.0,,11252000000.0,3176000000.0,3880000000.0,15132000000,13928000000.0,,1735000000.0,15605000000.0,30737000000,362000000.0,293000000.0,362000000.0,314000000.0,,,,,1331000000.0,-167000000.0,-674000000.0,0.0,-378000000.0,,-1550000000.0,136000000.0,-386000000.0,564000000,2019-01-31,149.02000427246094,153.3800048828125,148.7100067138672,151.97000122070312,151.97000122070312,8615900.0
2019-04-30,3737000000.0,-914000000.0,2823000000.0,-2613000000.0,-2059000000.0,-554000000.0,,210000000.0,-9000000.0,,201000000,281000000.0,482000000,-90000000.0,392000000,,392000000,392000000,6379000000.0,2153000000.0,,10035000000.0,2243000000.0,1548000000.0,19328000000.0,23119000000.0,33154000000,2228000000.0,,10488000000.0,3173000000.0,6220000000.0,16708000000,14384000000.0,,2127000000.0,16446000000.0,33154000000,392000000.0,437000000.0,271000000.0,865000000.0,,,,,1965000000.0,-159000000.0,-592000000.0,-10000000.0,-726000000.0,,-12000000.0,219000000.0,207000000.0,1441000000,2019-04-30,165.19000244140625,166.44000244140625,163.6199951171875,165.35000610351562,165.35000610351562,3581800.0
2019-07-31,3997000000.0,-967000000.0,3030000000.0,-2972000000.0,-2199000000.0,-607000000.0,,58000000.0,-3000000.0,,55000000,109000000.0,164000000,-73000000.0,91000000,,91000000,91000000,6042000000.0,2332000000.0,,9903000000.0,2283000000.0,1614000000.0,19536000000.0,23433000000.0,33336000000,2347000000.0,,10195000000.0,2973000000.0,5975000000.0,16170000000,15025000000.0,,2218000000.0,17166000000.0,33336000000,91000000.0,457000000.0,662000000.0,-774000000.0,,,,,436000000.0,-178000000.0,-260000000.0,-423000000.0,-852000000.0,,-335000000.0,152000000.0,-183000000.0,-600000000,2019-07-31,157.38999938964844,157.88999938964844,152.3000030517578,154.5,154.5,7454200.0
2019-10-31,4513000000.0,-1134000000.0,3379000000.0,-3314000000.0,-2540000000.0,-774000000.0,,65000000.0,-7000000.0,,58000000,6000000.0,64000000,-173000000.0,-109000000,,-109000000,-109000000,6529000000.0,2573000000.0,,11026000000.0,2365000000.0,1760000000.0,34791000000.0,38916000000.0,49942000000,2881000000.0,,10474000000.0,2824000000.0,6189000000.0,16663000000,31244000000.0,,2109000000.0,33279000000.0,49942000000,-109000000.0,608000000.0,758000000.0,-959000000.0,,,,,298000000.0,-170000000.0,347000000.0,94000000.0,63000000.0,,-164000000.0,179000000.0,15000000.0,358000000,2019-10-31,156.55999755859375,158.27999877929688,155.2100067138672,156.49000549316406,156.49000549316406,4578300.0
2020-01-31,4851000000.0,-1220000000.0,3631000000.0,-3667000000.0,-2836000000.0,-831000000.0,,-36000000.0,1000000.0,,-35000000,31000000.0,-4000000,-244000000.0,-248000000,,-248000000,-248000000,7947000000.0,6174000000.0,,15963000000.0,2375000000.0,1963000000.0,34825000000.0,39163000000.0,55126000000,3433000000.0,,14845000000.0,2673000000.0,6396000000.0,21241000000,32117000000.0,,1861000000.0,33885000000.0,55126000000,-248000000.0,633000000.0,709000000.0,538000000.0,,,,,1632000000.0,-136000000.0,-1897000000.0,-30000000.0,-1465000000.0,,-165000000.0,290000000.0,125000000.0,277000000,2020-01-31,184.8600006103516,186.02999877929688,180.7899932861328,182.30999755859372,182.30999755859372,4193300.0
2020-04-30,4865000000.0,-1254000000.0,3611000000.0,-3751000000.0,-2892000000.0,-859000000.0,,-140000000.0,-5000000.0,,-145000000,192000000.0,47000000,52000000.0,99000000,,99000000,99000000,9802000000.0,3076000000.0,,14713000000.0,2518000000.0,1902000000.0,34490000000.0,38910000000.0,53623000000,2989000000.0,,12843000000.0,2673000000.0,6215000000.0,19058000000,32740000000.0,,1960000000.0,34565000000.0,53623000000,99000000.0,658000000.0,559000000.0,543000000.0,,,,,1859000000.0,-323000000.0,-612000000.0,-103000000.0,-437000000.0,,-49000000.0,258000000.0,209000000.0,1627000000,2020-04-30,161.6300048828125,165.3000030517578,160.00999450683594,161.9499969482422,161.9499969482422,6830700.0
2020-07-31,5151000000.0,-1311000000.0,3840000000.0,-3662000000.0,-2764000000.0,-898000000.0,,178000000.0,-21000000.0,,157000000,682000000.0,839000000,1786000000.0,2625000000,,2625000000,2625000000,9283000000.0,3445000000.0,,14846000000.0,2528000000.0,2555000000.0,37851000000.0,42934000000.0,57780000000,3485000000.0,,12963000000.0,2673000000.0,6377000000.0,19340000000,33923000000.0,,4585000000.0,38440000000.0,57780000000,2625000000.0,649000000.0,-1857000000.0,-988000000.0,,,,,429000000.0,-114000000.0,-1144000000.0,-1154000000.0,-2593000000.0,,-25000000.0,466000000.0,441000000.0,-1720000000,2020-07-31,193.0,194.9900054931641,190.6699981689453,194.8500061035156,194.8500061035156,3734000.0
