Report Date,Revenue,Cost of Revenue,Gross Profit,Operating Expenses,"Selling, General & Administrative",Research & Development,Depreciation & Amortization,Operating Income (Loss),Non-Operating Income (Loss),"Interest Expense, Net","Pretax Income (Loss), Adj.",Abnormal Gains (Losses),Pretax Income (Loss),"Income Tax (Expense) Benefit, Net",Income (Loss) from Continuing Operations,Net Extraordinary Gains (Losses),Net Income,Net Income (Common),"Cash, Cash Equivalents & Short Term Investments",Accounts & Notes Receivable,Inventories,Total Current Assets,"Property, Plant & Equipment, Net",Long Term Investments & Receivables,Other Long Term Assets,Total Noncurrent Assets,Total Assets,Payables & Accruals,Short Term Debt,Total Current Liabilities,Long Term Debt,Total Noncurrent Liabilities,Total Liabilities,Share Capital & Additional Paid-In Capital,Treasury Stock,Retained Earnings,Total Equity,Total Liabilities & Equity,Net Income/Starting Line,Depreciation & Amortization,Non-Cash Items,Change in Working Capital,Change in Accounts Receivable,Change in Inventories,Change in Accounts Payable,Change in Other,Net Cash from Operating Activities,Change in Fixed Assets & Intangibles,Net Change in Long Term Investment,Net Cash from Acquisitions & Divestitures,Net Cash from Investing Activities,Dividends Paid,Cash from (Repayment of) Debt,Cash from (Repurchase of) Equity,Net Cash from Financing Activities,Net Change in Cash,Price Date,Open,High,Low,Close,Adj Close,Volume
2008-12-31,2674000000.0,-1775000000.0,899000000.0,-224000000.0,,,-224000000.0,675000000.0,-113000000.0,-136000000.0,562000000,,562000000,-200000000.0,362000000,-125000000.0,237000000,237000000,745000000.0,1107000000.0,217000000.0,2391000000.0,22688000000.0,,1209000000.0,23897000000.0,26288000000,1563000000.0,319000000.0,2404000000.0,7512000000.0,15816000000.0,18220000000,391000000.0,,8398000000.0,8068000000.0,26288000000,237000000.0,228000000.0,99000000.0,-28000000.0,150000000.0,,-89000000.0,-89000000.0,702000000.0,-411000000.0,,,-402000000.0,-86000000.0,-71000000.0,-255000000.0,-526000000.0,-226000000,2008-12-31,3.506666898727417,3.641110897064209,3.467777967453003,3.6077780723571777,2.826579332351685,44010000.0
2009-03-31,2247000000.0,-1501000000.0,746000000.0,-224000000.0,,,-224000000.0,522000000.0,-138000000.0,-141000000.0,384000000,,384000000,-130000000.0,254000000,-8000000.0,246000000,246000000,1129000000.0,958000000.0,250000000.0,2600000000.0,22762000000.0,,1205000000.0,23967000000.0,26567000000,1419000000.0,314000000.0,2070000000.0,7995000000.0,16292000000.0,18362000000,392000000.0,,8534000000.0,8205000000.0,26567000000,246000000.0,224000000.0,14000000.0,-35000000.0,132000000.0,,-36000000.0,-131000000.0,449000000.0,-309000000.0,,,-272000000.0,-86000000.0,474000000.0,2000000.0,210000000.0,387000000,2009-03-31,2.882221937179565,2.933332920074463,2.816667079925537,2.8722219467163086,2.2689683437347408,56383200.0
2009-06-30,2185000000.0,-1381000000.0,804000000.0,-227000000.0,,,-227000000.0,577000000.0,-129000000.0,-139000000.0,448000000,,448000000,-166000000.0,282000000,23000000.0,305000000,305000000,1178000000.0,885000000.0,254000000.0,2636000000.0,22887000000.0,,1212000000.0,24099000000.0,26735000000,1363000000.0,318000000.0,1961000000.0,7933000000.0,16318000000.0,18279000000,421000000.0,,8757000000.0,8456000000.0,26735000000,304000000.0,227000000.0,23000000.0,-32000000.0,70000000.0,,-20000000.0,-82000000.0,522000000.0,-348000000.0,,,-336000000.0,-90000000.0,-57000000.0,10000000.0,-134000000.0,52000000,2009-06-30,3.8677780628204346,3.94333291053772,3.786667108535767,3.8477780818939213,3.06219744682312,53042400.0
2009-09-30,2289000000.0,-1468000000.0,821000000.0,-227000000.0,,,-227000000.0,594000000.0,-134000000.0,-140000000.0,460000000,,460000000,-170000000.0,290000000,0.0,290000000,290000000,1321000000.0,928000000.0,239000000.0,2770000000.0,23040000000.0,,1210000000.0,24250000000.0,27020000000,1486000000.0,316000000.0,2076000000.0,7906000000.0,16255000000.0,18331000000,441000000.0,,8963000000.0,8689000000.0,27020000000,290000000.0,224000000.0,-27000000.0,131000000.0,-43000000.0,,52000000.0,122000000.0,618000000.0,-374000000.0,,,-372000000.0,-83000000.0,-27000000.0,7000000.0,-114000000.0,132000000,2009-09-30,4.796667098999023,4.829999923706055,4.617777824401856,4.651111125946045,3.7205309867858887,64556100.0
2009-12-31,2320000000.0,-1518000000.0,802000000.0,-225000000.0,,,-225000000.0,577000000.0,-123000000.0,-138000000.0,454000000,,454000000,-152000000.0,302000000,0.0,302000000,302000000,1090000000.0,995000000.0,203000000.0,2570000000.0,23064000000.0,,1253000000.0,24317000000.0,26887000000,1462000000.0,113000000.0,1865000000.0,7895000000.0,16254000000.0,18119000000,473000000.0,,9090000000.0,8768000000.0,26887000000,303000000.0,228000000.0,-12000000.0,-69000000.0,-68000000.0,,0.0,-1000000.0,450000000.0,-350000000.0,,,-392000000.0,-86000000.0,-213000000.0,15000000.0,-269000000.0,-211000000,2009-12-31,5.476666927337647,5.476666927337647,5.383333206176758,5.387777805328369,4.329650402069092,15323400.0
2010-03-31,2491000000.0,-1631000000.0,860000000.0,-228000000.0,,,-228000000.0,632000000.0,-131000000.0,-142000000.0,501000000,,501000000,-196000000.0,305000000,,305000000,305000000,1050000000.0,971000000.0,218000000.0,2501000000.0,23290000000.0,,1402000000.0,24692000000.0,27193000000,1469000000.0,617000000.0,2388000000.0,7372000000.0,15920000000.0,18308000000,389000000.0,,9279000000.0,8885000000.0,27193000000,305000000.0,228000000.0,110000000.0,101000000.0,24000000.0,,-26000000.0,103000000.0,744000000.0,-328000000.0,,,-310000000.0,-93000000.0,-17000000.0,-223000000.0,-470000000.0,-36000000,2010-03-31,5.688889026641847,5.710000038146973,5.622221946716309,5.655556201934815,4.5681657791137695,31056300.0
2010-06-30,2663000000.0,-1665000000.0,998000000.0,-230000000.0,,,-230000000.0,768000000.0,-126000000.0,-135000000.0,642000000,,642000000,-228000000.0,414000000,,414000000,414000000,689000000.0,938000000.0,223000000.0,2143000000.0,23173000000.0,,1428000000.0,24601000000.0,26744000000,1437000000.0,614000000.0,2354000000.0,7320000000.0,15813000000.0,18167000000,380000000.0,,8968000000.0,8577000000.0,26744000000,414000000.0,230000000.0,48000000.0,-14000000.0,33000000.0,,-8000000.0,-39000000.0,678000000.0,-359000000.0,,,-309000000.0,-91000000.0,-54000000.0,-584000000.0,-729000000.0,-360000000,2010-06-30,5.543333053588867,5.599999904632568,5.491110801696777,5.514443874359131,4.4754638671875,41931900.0
2010-09-30,2666000000.0,-1609000000.0,1057000000.0,-232000000.0,,,-232000000.0,825000000.0,-123000000.0,-131000000.0,702000000,,702000000,-288000000.0,414000000,,414000000,414000000,676000000.0,1001000000.0,225000000.0,2205000000.0,23334000000.0,,1490000000.0,24824000000.0,27029000000,1633000000.0,605000000.0,2540000000.0,7297000000.0,15851000000.0,18391000000,374000000.0,,9022000000.0,8638000000.0,27029000000,414000000.0,232000000.0,61000000.0,148000000.0,-52000000.0,,61000000.0,139000000.0,855000000.0,-416000000.0,,,-443000000.0,-91000000.0,-32000000.0,-295000000.0,-409000000.0,3000000,2010-09-30,6.221110820770264,6.255556106567383,6.097777843475343,6.146667003631593,5.01339864730835,22689900.0
2010-12-31,2816000000.0,-1713000000.0,1103000000.0,-257000000.0,,,-257000000.0,846000000.0,-145000000.0,-149000000.0,701000000,,701000000,-271000000.0,430000000,,430000000,430000000,1346000000.0,993000000.0,218000000.0,2855000000.0,23799000000.0,,1487000000.0,25286000000.0,28141000000,1651000000.0,613000000.0,2537000000.0,8051000000.0,16904000000.0,19441000000,370000000.0,,9087000000.0,8700000000.0,28141000000,430000000.0,257000000.0,307000000.0,-10000000.0,33000000.0,,31000000.0,-74000000.0,984000000.0,-629000000.0,,,-709000000.0,-97000000.0,790000000.0,-308000000.0,381000000.0,656000000,2010-12-31,7.143332958221436,7.199999809265138,7.122221946716309,7.17888879776001,5.880006790161133,11414700.0
2011-03-31,2810000000.0,-1794000000.0,1016000000.0,-243000000.0,,,-243000000.0,773000000.0,-135000000.0,-140000000.0,638000000,,638000000,-243000000.0,395000000,,395000000,395000000,590000000.0,1068000000.0,237000000.0,2171000000.0,23915000000.0,,1491000000.0,25406000000.0,27577000000,1453000000.0,503000000.0,2222000000.0,7637000000.0,16599000000.0,18821000000,368000000.0,,9134000000.0,8756000000.0,27577000000,395000000.0,243000000.0,136000000.0,-279000000.0,-86000000.0,,-17000000.0,-176000000.0,495000000.0,-379000000.0,,,-365000000.0,-96000000.0,-524000000.0,-281000000.0,-888000000.0,-758000000,2011-03-31,8.624444007873535,8.764444351196289,8.611110687255861,8.733332633972168,7.179296016693115,36917100.0
2011-06-30,3019000000.0,-1847000000.0,1172000000.0,-246000000.0,,,-246000000.0,926000000.0,-134000000.0,-134000000.0,792000000,,792000000,-286000000.0,506000000,,506000000,506000000,1295000000.0,1112000000.0,251000000.0,2967000000.0,24202000000.0,,1536000000.0,25738000000.0,28705000000,1643000000.0,494000000.0,2485000000.0,8186000000.0,17279000000.0,19764000000,1095000000.0,,8582000000.0,8941000000.0,28705000000,506000000.0,246000000.0,134000000.0,204000000.0,-35000000.0,,52000000.0,187000000.0,1090000000.0,-566000000.0,,,-564000000.0,-132000000.0,554000000.0,-223000000.0,192000000.0,718000000,2011-06-30,8.626667022705076,8.826666831970215,8.590000152587889,8.739999771118164,7.218671798706055,21191400.0
2011-09-30,2963000000.0,-1834000000.0,1129000000.0,-251000000.0,,,-251000000.0,878000000.0,-132000000.0,-138000000.0,746000000,,746000000,-282000000.0,464000000,,464000000,464000000,641000000.0,1148000000.0,236000000.0,2301000000.0,24418000000.0,,1529000000.0,25947000000.0,28248000000,1773000000.0,494000000.0,2568000000.0,8160000000.0,17412000000.0,19980000000,1050000000.0,,7944000000.0,8268000000.0,28248000000,464000000.0,251000000.0,210000000.0,75000000.0,-28000000.0,,82000000.0,21000000.0,1000000000.0,-491000000.0,,,-472000000.0,-126000000.0,-25000000.0,-1033000000.0,-1200000000.0,-672000000,2011-09-30,6.366666793823242,6.423333168029785,6.21999979019165,6.22333288192749,5.168985366821289,29209200.0
2011-12-31,3003000000.0,-1874000000.0,1129000000.0,-236000000.0,,,-236000000.0,893000000.0,-129000000.0,-140000000.0,764000000,,764000000,-275000000.0,489000000,,489000000,489000000,1306000000.0,1000000000.0,240000000.0,2806000000.0,24974000000.0,,1564000000.0,26538000000.0,29344000000,1688000000.0,507000000.0,2558000000.0,8734000000.0,18318000000.0,20876000000,1055000000.0,,8275000000.0,8468000000.0,29344000000,489000000.0,236000000.0,94000000.0,87000000.0,32000000.0,,-41000000.0,96000000.0,906000000.0,-621000000.0,,,-1186000000.0,-126000000.0,590000000.0,2000000.0,483000000.0,203000000,2011-12-30,6.99666690826416,7.059999942779541,6.986667156219482,7.019999980926514,5.865878582000732,11366400.0
2012-03-31,2966000000.0,-1853000000.0,1113000000.0,-257000000.0,,,-257000000.0,856000000.0,-140000000.0,-144000000.0,716000000,,716000000,-267000000.0,449000000,,449000000,449000000,766000000.0,1161000000.0,251000000.0,2468000000.0,25141000000.0,,1577000000.0,26718000000.0,29186000000,1731000000.0,502000000.0,2593000000.0,8623000000.0,18089000000.0,20682000000,1044000000.0,,8313000000.0,8504000000.0,29186000000,449000000.0,257000000.0,-136000000.0,-126000000.0,-36000000.0,,83000000.0,-173000000.0,444000000.0,-469000000.0,,,-77000000.0,-125000000.0,-113000000.0,-292000000.0,-523000000.0,-156000000,2012-03-30,7.236667156219482,7.260000228881836,7.1500000953674325,7.173333168029785,6.0273966789245605,35161800.0
2012-06-30,3012000000.0,-1806000000.0,1206000000.0,-263000000.0,,,-263000000.0,943000000.0,-134000000.0,-139000000.0,809000000,,809000000,-297000000.0,512000000,,512000000,512000000,683000000.0,1136000000.0,256000000.0,2372000000.0,25632000000.0,,1585000000.0,27217000000.0,29589000000,1717000000.0,508000000.0,2575000000.0,8581000000.0,18119000000.0,20694000000,1051000000.0,,8679000000.0,8895000000.0,29589000000,512000000.0,263000000.0,100000000.0,-28000000.0,29000000.0,,-155000000.0,98000000.0,847000000.0,-754000000.0,,,-652000000.0,-145000000.0,-42000000.0,2000000.0,-180000000.0,15000000,2012-06-29,7.429999828338622,7.4633331298828125,7.383333206176758,7.4533329010009775,6.303965091705322,22506000.0
2012-09-30,2894000000.0,-1772000000.0,1122000000.0,-268000000.0,,,-268000000.0,854000000.0,-133000000.0,-138000000.0,721000000,,721000000,-266000000.0,455000000,,455000000,455000000,728000000.0,1163000000.0,264000000.0,2393000000.0,25932000000.0,,1605000000.0,27537000000.0,29930000000,1874000000.0,806000000.0,3021000000.0,8257000000.0,17878000000.0,20899000000,1051000000.0,,8798000000.0,9031000000.0,29930000000,455000000.0,268000000.0,106000000.0,184000000.0,19000000.0,,120000000.0,45000000.0,1013000000.0,-607000000.0,,,-596000000.0,-145000000.0,-26000000.0,-199000000.0,-366000000.0,51000000,2012-09-28,7.0,7.0,6.883333206176758,6.9166669845581055,5.886361122131348,32227200.0
2012-12-31,2891000000.0,-1809000000.0,1082000000.0,-271000000.0,,,-271000000.0,811000000.0,-86000000.0,-145000000.0,725000000,,725000000,-278000000.0,447000000,,447000000,447000000,1371000000.0,1114000000.0,274000000.0,2953000000.0,26050000000.0,,1720000000.0,27770000000.0,30723000000,1585000000.0,780000000.0,2645000000.0,9052000000.0,18942000000.0,21587000000,1048000000.0,,9010000000.0,9136000000.0,30723000000,447000000.0,271000000.0,17000000.0,-93000000.0,49000000.0,,-52000000.0,-90000000.0,642000000.0,-325000000.0,,,-952000000.0,-143000000.0,773000000.0,-231000000.0,401000000.0,91000000,2012-12-31,6.466667175292969,6.579999923706055,6.4533329010009775,6.576666831970215,5.636443138122559,19176000.0
2013-03-31,2963000000.0,-1813000000.0,1150000000.0,-270000000.0,,,-270000000.0,880000000.0,-150000000.0,-147000000.0,730000000,,730000000,-268000000.0,462000000,,462000000,462000000,1072000000.0,976000000.0,283000000.0,2567000000.0,26288000000.0,,1731000000.0,28019000000.0,30586000000,1625000000.0,572000000.0,2474000000.0,8846000000.0,18764000000.0,21238000000,1058000000.0,,9191000000.0,9348000000.0,30586000000,462000000.0,270000000.0,-5000000.0,4000000.0,-47000000.0,,48000000.0,3000000.0,731000000.0,-491000000.0,,,-265000000.0,-143000000.0,-413000000.0,6000000.0,-545000000.0,-79000000,2013-03-28,8.146666526794434,8.223333358764647,8.106666564941406,8.210000038146973,7.080883979797362,18345000.0
2013-06-30,3046000000.0,-1830000000.0,1216000000.0,-276000000.0,,,-276000000.0,940000000.0,-131000000.0,-140000000.0,809000000,,809000000,-288000000.0,521000000,,521000000,521000000,1017000000.0,946000000.0,264000000.0,2489000000.0,26599000000.0,,1793000000.0,28392000000.0,30881000000,1585000000.0,564000000.0,2418000000.0,8811000000.0,18801000000.0,21219000000,1063000000.0,,9482000000.0,9662000000.0,30881000000,521000000.0,276000000.0,49000000.0,2000000.0,54000000.0,,-23000000.0,-29000000.0,848000000.0,-594000000.0,,,-656000000.0,-153000000.0,-42000000.0,-92000000.0,-283000000.0,-91000000,2013-06-28,7.809999942779541,7.8499999046325675,7.72333288192749,7.730000019073486,6.70665979385376,26346900.0
2013-09-30,2985000000.0,-1868000000.0,1117000000.0,-277000000.0,,,-277000000.0,840000000.0,-131000000.0,-136000000.0,709000000,,709000000,-254000000.0,455000000,,455000000,455000000,719000000.0,981000000.0,267000000.0,2200000000.0,26946000000.0,,1797000000.0,28743000000.0,30943000000,1727000000.0,264000000.0,2251000000.0,8787000000.0,18824000000.0,21075000000,1064000000.0,,9670000000.0,9868000000.0,30943000000,455000000.0,277000000.0,64000000.0,124000000.0,-60000000.0,,68000000.0,116000000.0,920000000.0,-602000000.0,,,-322000000.0,-152000000.0,-324000000.0,-129000000.0,-621000000.0,-23000000,2013-09-30,8.520000457763674,8.636667251586914,8.486666679382324,8.579999923706055,7.489413738250732,15698100.0
2013-12-31,3032000000.0,-1938000000.0,1094000000.0,-281000000.0,,,-281000000.0,813000000.0,-139000000.0,-139000000.0,674000000,,674000000,-248000000.0,426000000,,426000000,426000000,1079000000.0,1052000000.0,252000000.0,2602000000.0,27291000000.0,,1889000000.0,29180000000.0,31782000000,1635000000.0,533000000.0,2424000000.0,9022000000.0,18854000000.0,21278000000,1070000000.0,,9936000000.0,10504000000.0,31782000000,426000000.0,281000000.0,87000000.0,-26000000.0,47000000.0,,-65000000.0,-8000000.0,768000000.0,-573000000.0,,,-984000000.0,-152000000.0,499000000.0,-129000000.0,217000000.0,1000000,2013-12-31,9.476667404174805,9.600000381469727,9.476667404174805,9.59000015258789,8.417115211486816,12075600.0
2014-03-31,3012000000.0,-1990000000.0,1022000000.0,-283000000.0,,,-283000000.0,739000000.0,-133000000.0,-140000000.0,606000000,,606000000,-208000000.0,398000000,,398000000,398000000,723000000.0,1073000000.0,259000000.0,2289000000.0,27494000000.0,,1897000000.0,29391000000.0,31680000000,1625000000.0,325000000.0,2212000000.0,9021000000.0,18823000000.0,21035000000,1069000000.0,,10062000000.0,10645000000.0,31680000000,398000000.0,283000000.0,-11000000.0,-71000000.0,-46000000.0,,30000000.0,-55000000.0,599000000.0,-475000000.0,,,-227000000.0,-151000000.0,-209000000.0,-127000000.0,-489000000.0,-117000000,2014-03-31,9.576666831970217,9.69333267211914,9.550000190734863,9.65666675567627,8.522435188293457,13233000.0
2014-06-30,3244000000.0,-1960000000.0,1284000000.0,-287000000.0,,,-287000000.0,997000000.0,-147000000.0,-135000000.0,850000000,,850000000,-321000000.0,529000000,,529000000,529000000,789000000.0,1062000000.0,275000000.0,2372000000.0,27685000000.0,,1918000000.0,29603000000.0,31975000000,1619000000.0,899000000.0,2797000000.0,8410000000.0,18274000000.0,21071000000,1070000000.0,,10304000000.0,10904000000.0,31975000000,529000000.0,287000000.0,94000000.0,-64000000.0,-14000000.0,,-80000000.0,30000000.0,846000000.0,-444000000.0,,,-423000000.0,-160000000.0,-35000000.0,-130000000.0,-325000000.0,98000000,2014-06-30,10.25333309173584,10.376667022705078,10.243332862854004,10.270000457763672,9.113240242004396,22053600.0
2014-09-30,3221000000.0,-1954000000.0,1267000000.0,-291000000.0,,,-291000000.0,976000000.0,-163000000.0,-137000000.0,813000000,,813000000,-304000000.0,509000000,,509000000,509000000,1054000000.0,1123000000.0,276000000.0,2676000000.0,27994000000.0,,1953000000.0,29947000000.0,32623000000,1742000000.0,230000000.0,2231000000.0,9387000000.0,19250000000.0,21481000000,1075000000.0,,10527000000.0,11142000000.0,32623000000,509000000.0,291000000.0,-17000000.0,74000000.0,-56000000.0,,70000000.0,60000000.0,857000000.0,-581000000.0,,,-970000000.0,-159000000.0,312000000.0,-131000000.0,19000000.0,-94000000,2014-09-30,10.733332633972168,10.826666831970217,10.666666984558104,10.686667442321776,9.532447814941406,18346500.0
2014-12-31,3192000000.0,-2001000000.0,1191000000.0,-290000000.0,,,-290000000.0,901000000.0,-110000000.0,-133000000.0,791000000,-16000000.0,775000000,-284000000.0,491000000,,491000000,491000000,961000000.0,1129000000.0,273000000.0,2572000000.0,28584000000.0,,1897000000.0,30481000000.0,33053000000,1621000000.0,228000000.0,2107000000.0,9514000000.0,19770000000.0,21877000000,1084000000.0,,10734000000.0,11176000000.0,33053000000,491000000.0,290000000.0,235000000.0,25000000.0,-3000000.0,,-19000000.0,47000000.0,1041000000.0,-887000000.0,,,-563000000.0,-159000000.0,-1000000.0,-129000000.0,-288000000.0,190000000,2014-12-31,12.17666721343994,12.1899995803833,12.053333282470705,12.076666831970215,10.818014144897461,14589000.0
2015-03-31,3027000000.0,-1889000000.0,1138000000.0,-295000000.0,,,-295000000.0,843000000.0,-132000000.0,-134000000.0,711000000,,711000000,-269000000.0,442000000,,442000000,442000000,818000000.0,1103000000.0,291000000.0,2457000000.0,28872000000.0,,1832000000.0,30704000000.0,33161000000,1556000000.0,228000000.0,2038000000.0,9513000000.0,19785000000.0,21823000000,1088000000.0,,10895000000.0,11338000000.0,33161000000,442000000.0,295000000.0,32000000.0,-79000000.0,19000000.0,,24000000.0,-122000000.0,690000000.0,-598000000.0,,,-500000000.0,-158000000.0,,-127000000.0,-298000000.0,-108000000,2015-03-31,11.079999923706056,11.116666793823242,10.94333267211914,11.039999961853027,9.934074401855467,27283800.0
2015-06-30,3064000000.0,-1748000000.0,1316000000.0,-299000000.0,,,-299000000.0,1017000000.0,-130000000.0,-134000000.0,887000000,,887000000,-334000000.0,553000000,,553000000,553000000,1118000000.0,1022000000.0,295000000.0,2669000000.0,29250000000.0,,1858000000.0,31108000000.0,33777000000,1495000000.0,18000000.0,1778000000.0,10107000000.0,20422000000.0,22200000000,1102000000.0,,11117000000.0,11577000000.0,33777000000,553000000.0,299000000.0,47000000.0,-7000000.0,82000000.0,,-92000000.0,3000000.0,892000000.0,-643000000.0,,,-1074000000.0,-178000000.0,390000000.0,-157000000.0,59000000.0,-123000000,2015-06-30,10.93000030517578,10.973333358764648,10.800000190734863,10.883333206176758,9.844046592712402,33140100.0
2015-09-30,2939000000.0,-1704000000.0,1235000000.0,-302000000.0,,,-302000000.0,933000000.0,-134000000.0,-136000000.0,799000000,,799000000,-292000000.0,507000000,,507000000,507000000,966000000.0,1003000000.0,309000000.0,2502000000.0,29637000000.0,,1876000000.0,31513000000.0,34015000000,1571000000.0,18000000.0,1922000000.0,10088000000.0,20433000000.0,22355000000,1095000000.0,,11195000000.0,11660000000.0,34015000000,507000000.0,302000000.0,30000000.0,91000000.0,25000000.0,,71000000.0,-5000000.0,930000000.0,-622000000.0,,,-377000000.0,-176000000.0,-18000000.0,-262000000.0,-450000000.0,103000000,2015-09-30,8.783332824707031,9.0,8.75333309173584,8.966667175292969,8.16615104675293,38184900.0
2015-12-31,2781000000.0,-1678000000.0,1103000000.0,-312000000.0,,,-312000000.0,791000000.0,-50000000.0,-140000000.0,741000000,0.0,741000000,-275000000.0,466000000,,466000000,466000000,1438000000.0,982000000.0,350000000.0,2840000000.0,30174000000.0,,1731000000.0,31905000000.0,34745000000,1362000000.0,20000000.0,1952000000.0,10515000000.0,21125000000.0,23077000000,1079000000.0,,11238000000.0,11668000000.0,34745000000,466000000.0,312000000.0,279000000.0,-199000000.0,23000000.0,,-82000000.0,-140000000.0,858000000.0,-552000000.0,,,-941000000.0,-174000000.0,599000000.0,-258000000.0,170000000.0,87000000,2015-12-31,8.5,8.713333129882812,8.5,8.649999618530272,7.92690896987915,14226600.0
2016-03-31,2618000000.0,-1601000000.0,1017000000.0,-313000000.0,,,-313000000.0,704000000.0,-136000000.0,-143000000.0,568000000,,568000000,-212000000.0,356000000,,356000000,356000000,1106000000.0,917000000.0,370000000.0,2608000000.0,30293000000.0,,1709000000.0,32002000000.0,34610000000,1383000000.0,20000000.0,1692000000.0,10516000000.0,21312000000.0,23004000000,1068000000.0,,11183000000.0,11606000000.0,34610000000,356000000.0,313000000.0,51000000.0,34000000.0,57000000.0,,50000000.0,-73000000.0,754000000.0,-425000000.0,,,41000000.0,-173000000.0,,-249000000.0,-692000000.0,103000000,2016-03-31,8.686667442321777,8.760000228881836,8.560000419616701,8.583333015441895,7.924055099487305,28235700.0
2016-06-30,2704000000.0,-1545000000.0,1159000000.0,-319000000.0,,,-319000000.0,840000000.0,-133000000.0,-141000000.0,707000000,,707000000,-262000000.0,445000000,,445000000,445000000,828000000.0,912000000.0,399000000.0,2228000000.0,30607000000.0,,1715000000.0,32322000000.0,34550000000,1367000000.0,632000000.0,2282000000.0,9905000000.0,20643000000.0,22925000000,1062000000.0,,11199000000.0,11625000000.0,34550000000,445000000.0,319000000.0,87000000.0,-13000000.0,9000000.0,,-50000000.0,28000000.0,838000000.0,-641000000.0,,,-522000000.0,-171000000.0,0.0,-266000000.0,-481000000.0,-165000000,2016-06-30,8.576666831970215,8.693332672119139,8.416666984558105,8.693332672119139,8.081926345825195,24242700.0
2016-09-30,2710000000.0,-1548000000.0,1162000000.0,-321000000.0,,,-321000000.0,841000000.0,-126000000.0,-139000000.0,715000000,,715000000,-260000000.0,455000000,,455000000,455000000,755000000.0,925000000.0,397000000.0,2163000000.0,30782000000.0,,1736000000.0,32518000000.0,34681000000,1399000000.0,631000000.0,2263000000.0,9888000000.0,20748000000.0,23011000000,1062000000.0,,11233000000.0,11670000000.0,34681000000,455000000.0,321000000.0,123000000.0,-3000000.0,2000000.0,,94000000.0,-99000000.0,896000000.0,-524000000.0,,,-412000000.0,-169000000.0,-19000000.0,-263000000.0,-447000000.0,37000000,2016-09-30,10.053333282470703,10.199999809265137,10.00333309173584,10.166666984558104,9.512380599975586,21422700.0
2016-12-31,3037000000.0,-1685000000.0,1352000000.0,-348000000.0,,,-348000000.0,1004000000.0,-138000000.0,-156000000.0,866000000,-115000000.0,751000000,-293000000.0,458000000,,458000000,458000000,1020000000.0,938000000.0,407000000.0,2487000000.0,31150000000.0,,1777000000.0,32927000000.0,35414000000,1480000000.0,331000000.0,2040000000.0,10962000000.0,21680000000.0,23720000000,1066000000.0,,11253000000.0,11694000000.0,35414000000,458000000.0,348000000.0,-304000000.0,51000000.0,16000000.0,,-54000000.0,89000000.0,553000000.0,-613000000.0,,,-905000000.0,-167000000.0,800000000.0,-278000000.0,352000000.0,0,2016-12-30,12.116666793823242,12.133333206176758,11.93000030517578,11.976667404174805,11.263506889343262,16359900.0
2017-03-31,2869000000.0,-1664000000.0,1205000000.0,-320000000.0,,,-320000000.0,885000000.0,-130000000.0,-137000000.0,755000000,-173000000.0,582000000,-220000000.0,362000000,,362000000,362000000,1217000000.0,943000000.0,415000000.0,2660000000.0,31259000000.0,,1793000000.0,33052000000.0,35712000000,1645000000.0,331000000.0,2277000000.0,10963000000.0,21766000000.0,24043000000,1093000000.0,,11197000000.0,11669000000.0,35712000000,362000000.0,320000000.0,222000000.0,139000000.0,-30000000.0,,91000000.0,78000000.0,1043000000.0,-441000000.0,,,-286000000.0,-166000000.0,,-258000000.0,-430000000.0,327000000,2017-03-31,15.699999809265135,15.826666831970215,15.510000228881836,15.516667366027832,14.647751808166506,18881100.0
2017-06-30,2933000000.0,-1550000000.0,1383000000.0,-327000000.0,,,-327000000.0,1056000000.0,-107000000.0,-137000000.0,949000000,-122000000.0,827000000,-317000000.0,510000000,,510000000,510000000,1097000000.0,1015000000.0,428000000.0,2630000000.0,31427000000.0,,1804000000.0,33231000000.0,35861000000,1411000000.0,19000000.0,1672000000.0,11806000000.0,22588000000.0,24260000000,1123000000.0,,11033000000.0,11601000000.0,35861000000,510000000.0,327000000.0,41000000.0,-355000000.0,-73000000.0,,-85000000.0,-197000000.0,523000000.0,-498000000.0,,,-681000000.0,-184000000.0,537000000.0,-499000000.0,-152000000.0,-310000000,2017-06-30,18.25,18.286666870117188,17.996667861938477,18.18666648864746,17.232301712036133,17623500.0
2017-09-30,2743000000.0,-1562000000.0,1181000000.0,-331000000.0,,,-331000000.0,850000000.0,-99000000.0,-132000000.0,751000000,-1000000.0,750000000,-291000000.0,459000000,,459000000,459000000,704000000.0,981000000.0,392000000.0,2172000000.0,31579000000.0,,1822000000.0,33401000000.0,35573000000,1828000000.0,19000000.0,2075000000.0,11788000000.0,22596000000.0,24671000000,1121000000.0,,10327000000.0,10902000000.0,35573000000,459000000.0,331000000.0,34000000.0,471000000.0,25000000.0,,96000000.0,350000000.0,1295000000.0,-485000000.0,,,-112000000.0,-180000000.0,-19000000.0,-1006000000.0,-1212000000.0,-29000000,2017-09-29,17.883333206176758,18.100000381469727,17.733333587646484,18.086666107177734,17.207073211669922,13744500.0
2017-12-31,2863000000.0,-1576000000.0,1287000000.0,-337000000.0,,,-337000000.0,950000000.0,62000000.0,-140000000.0,1012000000,-29000000.0,983000000,3157000000.0,4140000000,,4140000000,4140000000,419000000.0,970000000.0,372000000.0,1915000000.0,31764000000.0,,2060000000.0,33824000000.0,35739000000,1606000000.0,19000000.0,1894000000.0,11790000000.0,19124000000.0,21018000000,1107000000.0,,14084000000.0,14721000000.0,35739000000,4140000000.0,337000000.0,-3646000000.0,-220000000.0,8000000.0,,-61000000.0,-167000000.0,611000000.0,-519000000.0,,,-416000000.0,-178000000.0,-1000000.0,-207000000.0,-385000000.0,-190000000,2017-12-29,18.333332061767575,18.456666946411133,18.31333351135254,18.336666107177734,17.512104034423828,9407100.0
2018-03-31,2876000000.0,-1534000000.0,1342000000.0,-323000000.0,,,-323000000.0,1019000000.0,-107000000.0,-149000000.0,912000000,0.0,912000000,-217000000.0,695000000,,695000000,695000000,1990000000.0,1045000000.0,369000000.0,3542000000.0,31748000000.0,,2149000000.0,33897000000.0,37439000000,1622000000.0,19000000.0,1891000000.0,13768000000.0,21157000000.0,23048000000,1090000000.0,,13873000000.0,14391000000.0,37439000000,695000000.0,323000000.0,-9000000.0,-43000000.0,-50000000.0,,64000000.0,-57000000.0,966000000.0,-316000000.0,,,-316000000.0,-194000000.0,2000000000.0,-836000000.0,929000000.0,1579000000,2018-03-29,18.17333221435547,18.796667098999023,18.10333251953125,18.56999969482422,17.806011199951172,14846100.0
2018-06-30,3102000000.0,-1520000000.0,1582000000.0,-329000000.0,,,-329000000.0,1253000000.0,-109000000.0,-157000000.0,1144000000,0.0,1144000000,-267000000.0,877000000,,877000000,877000000,1403000000.0,1036000000.0,326000000.0,2881000000.0,31847000000.0,,2196000000.0,34043000000.0,36924000000,1461000000.0,19000000.0,1732000000.0,13769000000.0,21169000000.0,22901000000,986000000.0,,13604000000.0,14023000000.0,36924000000,877000000.0,329000000.0,-45000000.0,-118000000.0,3000000.0,,-53000000.0,-68000000.0,1043000000.0,-366000000.0,,,-439000000.0,-190000000.0,0.0,-974000000.0,-1264000000.0,-660000000,2018-06-29,21.31333351135254,21.523332595825195,21.22333335876465,21.26000022888184,20.455419540405273,15006600.0
2018-09-30,3129000000.0,-1526000000.0,1603000000.0,-334000000.0,,,-334000000.0,1269000000.0,-119000000.0,-162000000.0,1150000000,0.0,1150000000,-256000000.0,894000000,,894000000,894000000,1278000000.0,1090000000.0,283000000.0,2784000000.0,31871000000.0,,2206000000.0,34077000000.0,36861000000,1665000000.0,18000000.0,1944000000.0,13754000000.0,21182000000.0,23126000000,973000000.0,,13320000000.0,13735000000.0,36861000000,894000000.0,334000000.0,-26000000.0,195000000.0,-50000000.0,,129000000.0,116000000.0,1397000000.0,-301000000.0,,,-832000000.0,-186000000.0,-19000000.0,-1006000000.0,-1222000000.0,-657000000,2018-09-28,24.666667938232425,24.803333282470703,24.58666610717773,24.683332443237305,23.819231033325195,9373200.0
2018-12-31,3143000000.0,-1470000000.0,1673000000.0,-345000000.0,,,-345000000.0,1328000000.0,-230000000.0,-171000000.0,1098000000,0.0,1098000000,-255000000.0,843000000,,843000000,843000000,1111000000.0,1010000000.0,263000000.0,2565000000.0,31998000000.0,,2166000000.0,34164000000.0,36729000000,1605000000.0,18000000.0,1915000000.0,14739000000.0,22234000000.0,24149000000,1067000000.0,,12157000000.0,12580000000.0,36729000000,843000000.0,345000000.0,73000000.0,-26000000.0,51000000.0,,-36000000.0,-41000000.0,1235000000.0,-443000000.0,,,-97000000.0,-181000000.0,1000000000.0,-1855000000.0,-943000000.0,195000000,2018-12-31,20.833332061767575,20.92333221435547,20.51000022888184,20.709999084472656,20.045612335205078,10335000.0
2019-03-31,3013000000.0,-1483000000.0,1530000000.0,-330000000.0,,,-330000000.0,1200000000.0,-136000000.0,-178000000.0,1064000000,,1064000000,-230000000.0,834000000,,834000000,834000000,2010000000.0,1106000000.0,241000000.0,3479000000.0,31988000000.0,,2687000000.0,34675000000.0,38154000000,1618000000.0,18000000.0,1926000000.0,15748000000.0,23783000000.0,25709000000,1076000000.0,,12011000000.0,12445000000.0,38154000000,834000000.0,330000000.0,-9000000.0,18000000.0,-56000000.0,,74000000.0,0.0,1173000000.0,-305000000.0,,,-870000000.0,-195000000.0,1000000000.0,-796000000.0,27000000.0,330000000,2019-03-29,24.96999931335449,25.053333282470703,24.886667251586914,24.940000534057614,24.21980285644531,11731200.0
2019-06-30,3061000000.0,-1440000000.0,1621000000.0,-337000000.0,,,-337000000.0,1284000000.0,-138000000.0,-184000000.0,1146000000,,1146000000,-276000000.0,870000000,,870000000,870000000,1731000000.0,1111000000.0,222000000.0,3186000000.0,32019000000.0,,2719000000.0,34738000000.0,37924000000,1534000000.0,245000000.0,2053000000.0,15522000000.0,23581000000.0,25634000000,1088000000.0,,11843000000.0,12290000000.0,37924000000,870000000.0,337000000.0,-19000000.0,-94000000.0,-5000000.0,,-35000000.0,-54000000.0,1094000000.0,-318000000.0,,,-386000000.0,-193000000.0,0.0,-860000000.0,-1043000000.0,-335000000,2019-06-28,25.60000038146973,25.893333435058594,25.47333335876465,25.790000915527344,25.126806259155273,13873800.0
2019-09-30,2978000000.0,-1353000000.0,1625000000.0,-338000000.0,,,-338000000.0,1287000000.0,-162000000.0,-186000000.0,1125000000,,1125000000,-269000000.0,856000000,,856000000,856000000,2558000000.0,1101000000.0,235000000.0,3960000000.0,32078000000.0,,2757000000.0,34835000000.0,38795000000,1742000000.0,745000000.0,2805000000.0,15992000000.0,24111000000.0,26916000000,1096000000.0,,11416000000.0,11879000000.0,38795000000,856000000.0,338000000.0,4000000.0,272000000.0,22000000.0,,113000000.0,137000000.0,1470000000.0,-350000000.0,,,-473000000.0,-189000000.0,982000000.0,-1111000000.0,-329000000.0,668000000,2019-09-30,22.983333587646484,23.30666732788086,22.983333587646484,23.09000015258789,22.57910919189453,9287700.0
2019-12-31,2885000000.0,-1347000000.0,1538000000.0,-344000000.0,,,-344000000.0,1194000000.0,-213000000.0,-189000000.0,981000000,,981000000,-210000000.0,771000000,,771000000,771000000,1954000000.0,986000000.0,261000000.0,3278000000.0,32168000000.0,,2811000000.0,34979000000.0,38257000000,1601000000.0,245000000.0,2151000000.0,15993000000.0,24243000000.0,26394000000,1119000000.0,,11404000000.0,11863000000.0,38257000000,771000000.0,344000000.0,77000000.0,-79000000.0,84000000.0,,-54000000.0,-109000000.0,1113000000.0,-430000000.0,,,-373000000.0,-186000000.0,-500000000.0,-606000000.0,-1303000000.0,-563000000,2019-12-31,24.059999465942386,24.26000022888184,24.03000068664551,24.1200008392334,23.66525840759277,6238500.0
2020-03-31,2855000000.0,-1333000000.0,1522000000.0,-344000000.0,,,-344000000.0,1178000000.0,-165000000.0,-187000000.0,1013000000,,1013000000,-243000000.0,770000000,,770000000,770000000,2482000000.0,1008000000.0,257000000.0,3821000000.0,32188000000.0,993000000.0,1832000000.0,35013000000.0,38834000000,1672000000.0,255000000.0,2211000000.0,16477000000.0,24735000000.0,26946000000,1131000000.0,,11412000000.0,11888000000.0,38834000000,770000000.0,344000000.0,10000000.0,54000000.0,-27000000.0,,14000000.0,67000000.0,1178000000.0,-346000000.0,,,144000000.0,-201000000.0,500000000.0,-577000000.0,-285000000.0,1037000000,2020-03-31,19.239999771118164,19.38333320617676,18.773332595825195,19.100000381469727,18.80482292175293,16772400.0
2020-06-30,2255000000.0,-1094000000.0,1161000000.0,-344000000.0,,,-344000000.0,817000000.0,-176000000.0,-191000000.0,641000000,11000000.0,652000000,-153000000.0,499000000,,499000000,499000000,2594000000.0,860000000.0,246000000.0,3791000000.0,32261000000.0,1001000000.0,1851000000.0,35113000000.0,38904000000,1692000000.0,378000000.0,2347000000.0,16128000000.0,24394000000.0,26741000000,1126000000.0,,11676000000.0,12163000000.0,38904000000,499000000.0,344000000.0,-3000000.0,166000000.0,147000000.0,,-99000000.0,118000000.0,1006000000.0,-410000000.0,,,-147000000.0,-199000000.0,-227000000.0,-39000000.0,-463000000.0,396000000,2020-06-30,22.71999931335449,23.43666648864746,22.663333892822266,23.24666786193848,22.968547821044922,10864200.0
