Report Date,Revenue,Cost of Revenue,Gross Profit,Operating Expenses,"Selling, General & Administrative",Research & Development,Depreciation & Amortization,Operating Income (Loss),Non-Operating Income (Loss),"Interest Expense, Net","Pretax Income (Loss), Adj.",Abnormal Gains (Losses),Pretax Income (Loss),"Income Tax (Expense) Benefit, Net",Income (Loss) from Continuing Operations,Net Extraordinary Gains (Losses),Net Income,Net Income (Common),"Cash, Cash Equivalents & Short Term Investments",Accounts & Notes Receivable,Inventories,Total Current Assets,"Property, Plant & Equipment, Net",Long Term Investments & Receivables,Other Long Term Assets,Total Noncurrent Assets,Total Assets,Payables & Accruals,Short Term Debt,Total Current Liabilities,Long Term Debt,Total Noncurrent Liabilities,Total Liabilities,Share Capital & Additional Paid-In Capital,Treasury Stock,Retained Earnings,Total Equity,Total Liabilities & Equity,Net Income/Starting Line,Depreciation & Amortization,Non-Cash Items,Change in Working Capital,Change in Accounts Receivable,Change in Inventories,Change in Accounts Payable,Change in Other,Net Cash from Operating Activities,Change in Fixed Assets & Intangibles,Net Change in Long Term Investment,Net Cash from Acquisitions & Divestitures,Net Cash from Investing Activities,Dividends Paid,Cash from (Repayment of) Debt,Cash from (Repurchase of) Equity,Net Cash from Financing Activities,Net Change in Cash,Price Date,Open,High,Low,Close,Adj Close,Volume
2014-06-30,519600000.0,-329300000.0,190300000.0,-78600000.0,-78600000.0,,,111700000.0,-47900000.0,-40300000.0,63800000,-10600000.0,53200000,-26200000.0,27000000,0.0,27200000,27200000,74400000.0,403700000.0,134800000.0,687500000.0,873000000.0,,1529700000.0,2402700000.0,3090200000,427800000.0,25200000.0,453000000.0,2685400000.0,3004500000.0,3457500000,1032100000.0,,-1379100000.0,-367300000.0,3090200000,27000000.0,34000000.0,3300000.0,20700000.0,,,,,85000000.0,-60300000.0,,-200000.0,-60500000.0,,1400000.0,,-5800000.0,18700000,,,,,,,
2014-09-30,418300000.0,-293000000.0,125300000.0,-81400000.0,-81400000.0,,,43900000.0,-76800000.0,-35500000.0,-32900000,-1400000.0,-34300000,14000000.0,-20300000,400000.0,-19500000,-19500000,63200000.0,332200000.0,142400000.0,619100000.0,853300000.0,,1478900000.0,2332200000.0,2951300000,341200000.0,36400000.0,377600000.0,1780300000.0,2066400000.0,2444000000,1980200000.0,,-1398600000.0,507300000.0,2951300000,-20300000.0,35000000.0,-500000.0,-54400000.0,,,,,-39800000.0,-31200000.0,,-13500000.0,-44700000.0,,-852100000.0,,86900000.0,-11200000,2014-09-30,25.1299991607666,25.29999923706055,24.670000076293945,25.03000068664551,25.03000068664551,4606500.0
2014-12-31,455800000.0,-299700000.0,156100000.0,-88100000.0,-88100000.0,,,68000000.0,-20300000.0,-23900000.0,47700000,-5600000.0,42100000,4100000.0,46200000,-200000.0,46500000,46500000,84100000.0,336400000.0,144300000.0,637500000.0,865100000.0,,1535500000.0,2400600000.0,3038100000,317700000.0,28800000.0,346500000.0,1905400000.0,2195300000.0,2541800000,1982300000.0,,-1352100000.0,496300000.0,3038100000,46200000.0,35200000.0,-6400000.0,-34600000.0,,,,,40200000.0,-40100000.0,,-111600000.0,-151700000.0,,139200000.0,,135700000.0,20900000,2014-12-31,28.04999923706055,28.8799991607666,27.78000068664551,27.8799991607666,27.8799991607666,186100.0
2015-03-31,446600000.0,-294400000.0,152200000.0,-80900000.0,-80900000.0,,,71300000.0,-23800000.0,-23000000.0,47500000,-5500000.0,42000000,-11200000.0,30800000,,31500000,31500000,116100000.0,331600000.0,142200000.0,653100000.0,847300000.0,,1473700000.0,2321000000.0,2974100000,340600000.0,24800000.0,365400000.0,1857000000.0,2136000000.0,2501400000,1975400000.0,,-1320600000.0,472700000.0,2974100000,30800000.0,34400000.0,2000000.0,27100000.0,,,,,94300000.0,-37400000.0,,-6500000.0,-43900000.0,,-6700000.0,,-13600000.0,32000000,2015-03-31,31.11000061035156,31.36000061035156,30.84000015258789,31.149999618530273,31.149999618530273,357800.0
2015-06-30,510100000.0,-328400000.0,181700000.0,-86900000.0,-86900000.0,,,94800000.0,-26500000.0,-22600000.0,68300000,-5600000.0,62700000,90800000.0,153500000,-100000.0,153700000,153700000,151300000.0,372400000.0,132900000.0,737500000.0,885200000.0,,1515600000.0,2400800000.0,3138300000,375200000.0,23800000.0,399000000.0,1857000000.0,2099500000.0,2498500000,1974900000.0,,-1166900000.0,639800000.0,3138300000,153500000.0,36200000.0,-86100000.0,-26400000.0,,,,,77100000.0,-32300000.0,,800000.0,-31500000.0,,-9800000.0,,-12500000.0,35200000,2015-06-30,29.739999771118164,29.739999771118164,29.165000915527344,29.32999992370605,29.32999992370605,443300.0
2015-09-30,423000000.0,-301500000.0,121500000.0,-82300000.0,-82300000.0,,,39200000.0,-23300000.0,-22700000.0,15900000,-2200000.0,13700000,-2000000.0,11700000,,11900000,11900000,151400000.0,308200000.0,150900000.0,691200000.0,884300000.0,,1480900000.0,2365200000.0,3056400000,328900000.0,24000000.0,352900000.0,1859900000.0,2100500000.0,2453400000,1971600000.0,,-1157800000.0,603000000.0,3056400000,11700000.0,35500000.0,1600000.0,-3900000.0,,,,,44900000.0,-33200000.0,,,-33200000.0,,-4700000.0,,-10300000.0,100000,2015-09-30,24.8700008392334,25.20000076293945,24.04999923706055,24.29999923706055,24.29999923706055,1151800.0
2015-12-31,454900000.0,-302800000.0,152100000.0,-93000000.0,-93000000.0,,,59100000.0,-18800000.0,-22300000.0,40300000,-500000.0,39800000,-9200000.0,30600000,,30700000,30700000,115500000.0,332000000.0,159300000.0,679500000.0,902000000.0,,1453700000.0,2355700000.0,3035200000,315800000.0,24400000.0,340200000.0,1848300000.0,2087600000.0,2427800000,1974100000.0,,-1127100000.0,607400000.0,3035200000,30700000.0,35200000.0,8000000.0,-47300000.0,,,,,26600000.0,-49300000.0,,,-49300000.0,,-4800000.0,,-10600000.0,-35900000,2015-12-31,25.149999618530273,25.5,24.979999542236328,25.03000068664551,25.03000068664551,425800.0
2016-03-31,438000000.0,-311800000.0,126200000.0,-93400000.0,-93400000.0,,,32800000.0,-17500000.0,-21700000.0,15300000,-1500000.0,13800000,-3100000.0,10700000,,10700000,10700000,133900000.0,343700000.0,167700000.0,727500000.0,906300000.0,,1423900000.0,2330200000.0,3057700000,345600000.0,25900000.0,371500000.0,1844900000.0,2083300000.0,2454800000,1975100000.0,,-1117300000.0,602900000.0,3057700000,10700000.0,34800000.0,5700000.0,-1300000.0,,,,,49900000.0,-25300000.0,,,-25300000.0,,-3800000.0,,-6200000.0,18400000,2016-03-31,26.93000030517578,27.60000038146973,26.57999992370605,26.670000076293945,26.670000076293945,774500.0
2016-06-30,532200000.0,-344400000.0,187800000.0,-89400000.0,-89400000.0,,,98400000.0,-13300000.0,-21800000.0,85100000,-7500000.0,77600000,-19400000.0,58200000,,58200000,58200000,131600000.0,414800000.0,154800000.0,790200000.0,905800000.0,,1395100000.0,2300900000.0,3091100000,363500000.0,27700000.0,391200000.0,1832800000.0,2064000000.0,2455200000,1977700000.0,,-1036100000.0,635900000.0,3091100000,58100000.0,35100000.0,-10100000.0,-49200000.0,,,,,33900000.0,-29900000.0,,,-29900000.0,,-3000000.0,,-3700000.0,-2300000,2016-06-30,22.75,22.989999771118164,22.51000022888184,22.989999771118164,22.989999771118164,1346800.0
2016-09-30,442200000.0,-318100000.0,124100000.0,-98200000.0,-98200000.0,,,25900000.0,-20000000.0,-22100000.0,5900000,-1100000.0,4800000,-200000.0,4600000,,4600000,4600000,132100000.0,376300000.0,177500000.0,768900000.0,926500000.0,,1432700000.0,2359200000.0,3128100000,349300000.0,99300000.0,448600000.0,1838000000.0,2065000000.0,2513600000,1984500000.0,,-1065700000.0,614500000.0,3128100000,4600000.0,35800000.0,5200000.0,2700000.0,,,,,48300000.0,-27700000.0,,-86900000.0,-114600000.0,,66000000.0,,65900000.0,500000,2016-09-30,25.65999984741211,26.03000068664551,25.61000061035156,25.84000015258789,25.84000015258789,1849400.0
2016-12-31,483700000.0,-335800000.0,147900000.0,-96200000.0,-96200000.0,,,51700000.0,-21000000.0,-22800000.0,30700000,-3800000.0,26900000,-9500000.0,17400000,,17400000,17400000,255800000.0,366300000.0,169800000.0,882600000.0,905000000.0,,1366700000.0,2271700000.0,3154300000,311700000.0,23100000.0,334800000.0,2001300000.0,2231500000.0,2566300000,1989000000.0,,-1048300000.0,588000000.0,3154300000,17400000.0,35500000.0,12200000.0,-17400000.0,,,,,47700000.0,-25100000.0,,1200000.0,-23900000.0,,116600000.0,,109800000.0,123700000,2016-12-30,26.81999969482422,27.1200008392334,26.6200008392334,26.959999084472656,26.959999084472656,365700.0
2017-03-31,532600000.0,-365200000.0,167400000.0,-100900000.0,-100900000.0,,,66500000.0,-29900000.0,-22600000.0,36600000,-1900000.0,34700000,-8700000.0,26000000,,26000000,26000000,241200000.0,402600000.0,193900000.0,928400000.0,968900000.0,,1387900000.0,2356800000.0,3285200000,366400000.0,23700000.0,390100000.0,2025300000.0,2252400000.0,2642500000,1991300000.0,,-1022300000.0,642700000.0,3285200000,26000000.0,36500000.0,19000000.0,21800000.0,,,,,103300000.0,-34300000.0,,-84200000.0,-118500000.0,,-5000000.0,,-7300000.0,-14600000,2017-03-31,28.540000915527344,28.56999969482422,28.21999931335449,28.31999969482422,28.31999969482422,510400.0
2017-06-30,616900000.0,-401700000.0,215200000.0,-107300000.0,-107300000.0,,,107900000.0,-27700000.0,-22600000.0,80200000,-11000000.0,69200000,-7400000.0,61800000,,61800000,61800000,288300000.0,488800000.0,184900000.0,1059800000.0,995900000.0,,1398600000.0,2394500000.0,3454300000,444400000.0,24600000.0,469000000.0,2055100000.0,2261800000.0,2730800000,1993300000.0,,-955700000.0,723500000.0,3454300000,61800000.0,38700000.0,18600000.0,-18900000.0,,,,,100200000.0,-52000000.0,,0.0,-52000000.0,,-4500000.0,,-7100000.0,47100000,2017-06-30,35.29999923706055,35.470001220703125,34.740001678466804,35.09999847412109,35.09999847412109,1354200.0
2017-09-30,543900000.0,-403800000.0,140100000.0,-107500000.0,-107500000.0,,,32600000.0,-29500000.0,-24300000.0,3100000,-1200000.0,1900000,1900000.0,3800000,,3800000,3800000,601400000.0,410500000.0,194000000.0,1330100000.0,1025000000.0,,1429700000.0,2454700000.0,3784800000,433200000.0,23900000.0,457100000.0,2082900000.0,2288900000.0,2746000000,2269700000.0,,-951900000.0,1038800000.0,3784800000,3800000.0,39000000.0,19700000.0,21200000.0,,,,,83700000.0,-42700000.0,,,-42700000.0,,-6400000.0,277800000.0,263000000.0,313100000,2017-09-29,39.5,39.93999862670898,39.16999816894531,39.91999816894531,39.91999816894531,909500.0
2017-12-31,606300000.0,-418900000.0,187400000.0,-114800000.0,-114800000.0,,,72600000.0,-40300000.0,-27200000.0,32300000,-4300000.0,28000000,-49900000.0,-21900000,,-21900000,-21900000,329500000.0,427900000.0,212700000.0,1075500000.0,1256200000.0,,2055400000.0,3311600000.0,4387100000,414100000.0,69900000.0,484000000.0,2672500000.0,2897600000.0,3381600000,2274200000.0,,-973800000.0,1005500000.0,4387100000,-21900000.0,46800000.0,60500000.0,6900000.0,,,,,92300000.0,-38400000.0,,-744600000.0,-783000000.0,,439000000.0,0.0,419400000.0,-271900000,2017-12-29,41.5,41.75,41.04999923706055,41.08000183105469,41.08000183105469,513200.0
2018-03-31,627900000.0,-436200000.0,191700000.0,-117600000.0,-117600000.0,,,74100000.0,-39800000.0,-29900000.0,34300000,-1600000.0,32700000,-13700000.0,19000000,,19000000,19000000,391500000.0,506800000.0,223600000.0,1214400000.0,1271400000.0,,2068300000.0,3339700000.0,4554100000,486900000.0,70600000.0,557500000.0,2706500000.0,2928200000.0,3485700000,2278800000.0,,-954800000.0,1068400000.0,4554100000,19000000.0,51700000.0,20200000.0,4300000.0,,,,,95200000.0,-34800000.0,,0.0,-34800000.0,,-6800000.0,0.0,-7800000.0,62000000,2018-03-29,40.77999877929688,41.34000015258789,40.5,41.060001373291016,41.060001373291016,716700.0
2018-06-30,685300000.0,-451900000.0,233400000.0,-124900000.0,-124900000.0,,,108500000.0,-7300000.0,-30000000.0,101200000,-11800000.0,89400000,-6700000.0,82700000,,82700000,82700000,410200000.0,555800000.0,209100000.0,1240300000.0,1270600000.0,,2020200000.0,3290800000.0,4531100000,505000000.0,71900000.0,576900000.0,2649400000.0,2867500000.0,3444400000,2284600000.0,,-872100000.0,1086700000.0,4531100000,82700000.0,52600000.0,-8400000.0,-23600000.0,,,,,103300000.0,-58800000.0,,0.0,-58800000.0,,-5200000.0,0.0,-5500000.0,18700000,2018-06-29,41.5099983215332,42.31999969482422,41.27000045776367,41.88999938964844,41.88999938964844,1067500.0
2018-09-30,551800000.0,-403300000.0,148500000.0,-115500000.0,-115500000.0,,,33000000.0,-33800000.0,-28100000.0,-800000,-12600000.0,-13400000,-1000000.0,-14400000,,-14400000,-14400000,266100000.0,503300000.0,235800000.0,1083400000.0,1288200000.0,,2128200000.0,3416400000.0,4499800000,454100000.0,73400000.0,527500000.0,2205700000.0,2442900000.0,2970400000,2735000000.0,,-871400000.0,1529400000.0,4499800000,-14400000.0,52900000.0,24100000.0,-21400000.0,,,,,41200000.0,-38300000.0,,-127500000.0,-165800000.0,,-459200000.0,445500000.0,-18800000.0,-144100000,2018-09-28,45.33000183105469,45.90999984741211,45.2599983215332,45.54999923706055,45.54999923706055,775200.0
2018-12-31,623000000.0,-421600000.0,201400000.0,-123200000.0,-123200000.0,,,78200000.0,-26900000.0,-25500000.0,51300000,0.0,51300000,-2300000.0,49000000,,49000000,49000000,207900000.0,551300000.0,235200000.0,1071500000.0,1285800000.0,,2084300000.0,3370100000.0,4441600000,444400000.0,69900000.0,514300000.0,2130000000.0,2364300000.0,2878600000,2736600000.0,,-822400000.0,1563000000.0,4441600000,49000000.0,54600000.0,10500000.0,-70800000.0,,,,,43300000.0,-43000000.0,,0.0,-43000000.0,,-49100000.0,0.0,-55000000.0,-58200000,2018-12-31,30.8700008392334,31.415000915527344,30.40999984741211,31.18000030517578,31.18000030517578,1213200.0
2019-03-31,617500000.0,-418800000.0,198700000.0,-129900000.0,-129900000.0,,,68800000.0,-23200000.0,-26400000.0,45600000,-3000000.0,42600000,-10900000.0,31700000,,31700000,31700000,227900000.0,583500000.0,247000000.0,1143700000.0,1301500000.0,,2047900000.0,3349400000.0,4493100000,455100000.0,70300000.0,525400000.0,2116300000.0,2347000000.0,2872400000,2740700000.0,,-790700000.0,1620700000.0,4493100000,31700000.0,66400000.0,7500000.0,-30300000.0,,,,,75300000.0,-48000000.0,,400000.0,-48900000.0,,-6200000.0,-200000.0,-8700000.0,20000000,2019-03-29,40.63999938964844,41.18999862670898,40.31999969482422,40.59000015258789,40.59000015258789,846900.0
2019-06-30,725700000.0,-469200000.0,256500000.0,-143400000.0,-143400000.0,,,113100000.0,-29700000.0,-30900000.0,83400000,-3600000.0,79800000,-8700000.0,71100000,,71100000,65700000,345400000.0,693100000.0,257200000.0,1395800000.0,1536700000.0,,3251500000.0,4788200000.0,6184000000,594200000.0,76500000.0,670700000.0,2882800000.0,3225100000.0,3895800000,2758900000.0,,-723400000.0,2288200000.0,6184000000,71100000.0,54700000.0,-100000.0,-37800000.0,,,,,87900000.0,-88300000.0,,-1163900000.0,-1252700000.0,,663400000.0,200000.0,1283900000.0,117500000,2019-06-28,53.93000030517578,54.90999984741211,53.93000030517578,54.209999084472656,54.209999084472656,1616600.0
2019-09-30,664700000.0,-487000000.0,177700000.0,-142800000.0,-142800000.0,,,34900000.0,-41200000.0,-36300000.0,-6300000,-500000.0,-6800000,6900000.0,100000,,100000,-8000000,243400000.0,647900000.0,250700000.0,1266800000.0,1561100000.0,,3291600000.0,4852700000.0,6119500000,541500000.0,74300000.0,615800000.0,2858700000.0,3247800000.0,3863600000,2756700000.0,,-731400000.0,2255900000.0,6119500000,100000.0,60600000.0,30200000.0,-65700000.0,,,,,25200000.0,-73500000.0,,-10700000.0,-84900000.0,-11900000.0,-5800000.0,,-35800000.0,-102000000,2019-09-30,47.459999084472656,47.97000122070313,47.26599884033203,47.65999984741211,47.65999984741211,726600.0
2019-12-31,721400000.0,-489200000.0,232200000.0,-141000000.0,-141000000.0,,,91200000.0,-30500000.0,-34900000.0,60700000,-2200000.0,58500000,-13000000.0,45500000,,45500000,34300000,188900000.0,681000000.0,249600000.0,1300500000.0,1618100000.0,,3276700000.0,4894800000.0,6195300000,585700000.0,72400000.0,658100000.0,2824600000.0,3214500000.0,3872600000,2760700000.0,,-694000000.0,2322700000.0,6195300000,45500000.0,61900000.0,17500000.0,-4200000.0,,,,,120700000.0,-78700000.0,,20800000.0,-114300000.0,-8100000.0,-51600000.0,,-66000000.0,-54500000,2019-12-31,56.599998474121094,56.83000183105469,56.2400016784668,56.29999923706055,56.29999923706055,683500.0
2020-03-31,760600000.0,-521799999.0,238800001.0,-136100000.0,-136100000.0,,,102700001.0,-71100000.0,-34400000.0,31600001,-1900000.0,29700001,-8800000.0,20900001,,20900001,11800001,608400000.0,698700000.0,297200000.0,1746100000.0,1769500000.0,,3564000000.0,5333500000.0,7079600000,645300000.0,271800000.0,917100000.0,2926900000.0,3368200000.0,4285300000,3262500000.0,,-681200000.0,2794300000.0,7079600000,20900000.0,64800000.0,54800000.0,-18800000.0,,,,,121700000.0,-151300000.0,,-369000000.0,-465600000.0,-8100000.0,312400000.0,494200000.0,772500000.0,419500000,2020-03-31,50.20000076293945,52.47999954223633,50.0099983215332,51.95000076293945,51.95000076293945,1049000.0
2020-06-30,947600000.0,-613000001.0,334599999.0,-158000000.0,-158000000.0,,,176599999.0,8800000.0,-20500000.0,185399999,-6400000.0,178999999,-24800000.0,154199999,,154199999,134899999,953200000.0,838100000.0,323800000.0,2293000000.0,1900800000.0,,3582700000.0,5483500000.0,7776500000,820300000.0,72900000.0,893200000.0,2945100000.0,3377900000.0,4271100000,3820300000.0,,-535200000.0,3505400000.0,7776500000,154200000.0,66400000.0,-15300000.0,-32600000.0,,,,,172700000.0,-162300000.0,,0.0,-162700000.0,-8100000.0,-206700000.0,552300000.0,331000000.0,344800000,2020-06-30,71.8499984741211,73.36000061035156,71.2699966430664,73.30000305175781,73.30000305175781,798900.0
