Report Date,Revenue,Cost of Revenue,Gross Profit,Operating Expenses,"Selling, General & Administrative",Research & Development,Depreciation & Amortization,Operating Income (Loss),Non-Operating Income (Loss),"Interest Expense, Net","Pretax Income (Loss), Adj.",Abnormal Gains (Losses),Pretax Income (Loss),"Income Tax (Expense) Benefit, Net",Income (Loss) from Continuing Operations,Net Extraordinary Gains (Losses),Net Income,Net Income (Common),"Cash, Cash Equivalents & Short Term Investments",Accounts & Notes Receivable,Inventories,Total Current Assets,"Property, Plant & Equipment, Net",Long Term Investments & Receivables,Other Long Term Assets,Total Noncurrent Assets,Total Assets,Payables & Accruals,Short Term Debt,Total Current Liabilities,Long Term Debt,Total Noncurrent Liabilities,Total Liabilities,Share Capital & Additional Paid-In Capital,Treasury Stock,Retained Earnings,Total Equity,Total Liabilities & Equity,Net Income/Starting Line,Depreciation & Amortization,Non-Cash Items,Change in Working Capital,Change in Accounts Receivable,Change in Inventories,Change in Accounts Payable,Change in Other,Net Cash from Operating Activities,Change in Fixed Assets & Intangibles,Net Change in Long Term Investment,Net Cash from Acquisitions & Divestitures,Net Cash from Investing Activities,Dividends Paid,Cash from (Repayment of) Debt,Cash from (Repurchase of) Equity,Net Cash from Financing Activities,Net Change in Cash,Price Date,Open,High,Low,Close,Adj Close,Volume
2018-06-30,5731000000.0,-3687000000.0,2044000000.0,-1426000000.0,-965000000.0,-354000000.0,-107000000.0,618000000.0,40000000.0,-88000000.0,658000000,-350000000.0,308000000,67000000.0,375000000,323000000.0,697000000,697000000,2745000000.0,7331000000.0,4362000000.0,24641000000.0,4463000000.0,195000000.0,86830000000.0,91488000000.0,116129000000,6567000000.0,3715000000.0,13049000000.0,9736000000.0,25377000000.0,38426000000,,,,77703000000.0,116129000000,832000000.0,763000000.0,588000000.0,-1798000000.0,,,,,385000000.0,-313000000.0,-136000000.0,,-380000000.0,2000000.0,310000000.0,12000000.0,-518000000.0,-724000000,,,,,,,
2018-09-30,1947000000.0,-1485000000.0,462000000.0,-1046000000.0,-633000000.0,-325000000.0,-88000000.0,-584000000.0,-75000000.0,-82000000.0,-659000000,-4991000000.0,-5650000000,8000000.0,-5642000000,526000000.0,-5119000000,-5119000000,1799000000.0,6547000000.0,4898000000.0,23340000000.0,4384000000.0,144000000.0,81780000000.0,86308000000.0,109648000000,5983000000.0,4371000000.0,13242000000.0,10215000000.0,24407000000.0,37649000000,,,,71999000000.0,109648000000,-5116000000.0,682000000.0,3884000000.0,-640000000.0,,,,,-1190000000.0,-352000000.0,110000000.0,,-230000000.0,,1164000000.0,24000000.0,621000000.0,-883000000,,,,,,,
2018-12-31,-90000000.0,71000000.0,-19000000.0,-659000000.0,-484000000.0,-294000000.0,119000000.0,-678000000.0,-20000000.0,-87000000.0,-698000000,-577000000.0,-1275000000,-17000000.0,-1292000000,904000000.0,-405000000,-405000000,2275000000.0,5260000000.0,5310000000.0,22972000000.0,4544000000.0,138000000.0,81029000000.0,85711000000.0,108683000000,7989000000.0,2154000000.0,13310000000.0,5784000000.0,20220000000.0,33530000000,,,,75153000000.0,108683000000,-522000000.0,698000000.0,248000000.0,2839000000.0,,,,,3263000000.0,-481000000.0,234000000.0,9000000.0,-277000000.0,,-6399000000.0,4000000.0,-2033000000.0,896000000,,,,,,,
2019-03-31,3396000000.0,-2211000000.0,1185000000.0,-1135000000.0,-735000000.0,-299000000.0,-101000000.0,50000000.0,-28000000.0,-59000000.0,22000000,-273000000.0,-251000000,67000000.0,-184000000,360000000.0,164000000,164000000,1764000000.0,6507000000.0,5019000000.0,24061000000.0,4521000000.0,77000000.0,81443000000.0,86041000000.0,110102000000,7376000000.0,3201000000.0,14078000000.0,6297000000.0,20950000000.0,35028000000,,,,75074000000.0,110102000000,176000000.0,726000000.0,-7000000.0,-2436000000.0,,,,,-1541000000.0,-663000000.0,20000000.0,21000000.0,-502000000.0,,1530000000.0,35000000.0,1312000000.0,-711000000,,,,,,,
2019-06-30,5556000000.0,-3047000000.0,2509000000.0,-1319000000.0,-937000000.0,-269000000.0,-113000000.0,1190000000.0,-34000000.0,-34000000.0,1156000000,-403000000.0,753000000,-270000000.0,483000000,-1077000000.0,-608000000,-608000000,2083000000.0,7434000000.0,3918000000.0,14445000000.0,4543000000.0,64000000.0,24870000000.0,29477000000.0,43922000000,6556000000.0,2058000000.0,8614000000.0,117000000.0,9241000000.0,17855000000,28088000000.0,,97000000.0,26067000000.0,43922000000,-594000000.0,358000000.0,1011000000.0,-322000000.0,,,,,453000000.0,-171000000.0,4000000.0,-9000000.0,-172000000.0,,-7159000000.0,4000000.0,-1997000000.0,-1800000000,2019-06-28,29.60000038146973,29.75,29.26000022888184,29.56999969482422,28.488142013549805,15517800.0
2019-09-30,1911000000.0,-1349000000.0,562000000.0,-1035000000.0,-646000000.0,-289000000.0,-100000000.0,-473000000.0,40000000.0,-19000000.0,-433000000,-198000000.0,-631000000,104000000.0,-527000000,22000000.0,-494000000,-494000000,2097000000.0,6574000000.0,4403000000.0,14117000000.0,4503000000.0,70000000.0,24545000000.0,29118000000.0,43235000000,5389000000.0,3604000000.0,8993000000.0,116000000.0,8981000000.0,17974000000,28079000000.0,,-397000000.0,25261000000.0,43235000000,-505000000.0,226000000.0,38000000.0,-974000000.0,,,,,-1215000000.0,-181000000.0,-115000000.0,0.0,-290000000.0,-97000000.0,1556000000.0,-21000000.0,1446000000.0,-113000000,2019-09-30,27.899999618530273,28.35000038146973,27.76000022888184,28.0,27.09798240661621,6245000.0
2019-12-31,2983000000.0,-1968000000.0,1015000000.0,-1198000000.0,-747000000.0,-290000000.0,-161000000.0,-183000000.0,-5000000.0,-130000000.0,-188000000,-105000000.0,-293000000,170000000.0,-123000000,24000000.0,-92000000,-92000000,1769000000.0,5528000000.0,5032000000.0,13519000000.0,4546000000.0,66000000.0,24266000000.0,28878000000.0,42397000000,8237000000.0,7000000.0,8244000000.0,4136000000.0,13625000000.0,21869000000,24197000000.0,,-406000000.0,20528000000.0,42397000000,-99000000.0,289000000.0,-74000000.0,3183000000.0,,,,,3299000000.0,-148000000.0,113000000.0,-1000000.0,60000000.0,97000000.0,423000000.0,29000000.0,-3616000000.0,-227000000,2019-12-31,28.85000038146973,29.59000015258789,28.809999465942386,29.559999465942386,28.75215721130371,3414500.0
2020-03-31,3956000000.0,-2269000000.0,1687000000.0,-1200000000.0,-757000000.0,-280000000.0,-163000000.0,487000000.0,-9000000.0,-10000000.0,478000000,-70000000.0,408000000,-127000000.0,281000000,1000000.0,272000000,272000000,1973000000.0,6775000000.0,4401000000.0,14679000000.0,4358000000.0,64000000.0,23877000000.0,28299000000.0,42978000000,5207000000.0,1996000000.0,9199000000.0,614000000.0,9700000000.0,18899000000,27913000000.0,,-155000000.0,24079000000.0,42978000000,282000000.0,283000000.0,100000000.0,-2595000000.0,,,,,-1930000000.0,-128000000.0,-9000000.0,11000000.0,-130000000.0,-97000000.0,2493000000.0,-36000000.0,2344000000.0,167000000,2020-03-31,24.229999542236328,24.56999969482422,23.35000038146973,23.5,22.9675407409668,4090400.0
2020-06-30,5191000000.0,-2829000000.0,2362000000.0,-1414000000.0,-965000000.0,-273000000.0,-176000000.0,948000000.0,75000000.0,-14000000.0,1023000000,-179000000.0,844000000,-78000000.0,766000000,,760000000,760000000,2869000000.0,6772000000.0,3589000000.0,14422000000.0,4293000000.0,62000000.0,23403000000.0,27758000000.0,42180000000,5569000000.0,1529000000.0,7529000000.0,1102000000.0,9850000000.0,17379000000,27898000000.0,,508000000.0,24801000000.0,42180000000,766000000.0,300000000.0,-107000000.0,102000000.0,,,,,1061000000.0,-74000000.0,-54000000.0,7000000.0,-122000000.0,-97000000.0,28000000.0,3000000.0,-130000000.0,831000000,2020-06-30,26.1200008392334,27.07999992370605,25.79999923706055,26.790000915527344,26.33009147644043,4590500.0
