Report Date,Revenue,Cost of Revenue,Gross Profit,Operating Expenses,"Selling, General & Administrative",Research & Development,Depreciation & Amortization,Operating Income (Loss),Non-Operating Income (Loss),"Interest Expense, Net","Pretax Income (Loss), Adj.",Abnormal Gains (Losses),Pretax Income (Loss),"Income Tax (Expense) Benefit, Net",Income (Loss) from Continuing Operations,Net Extraordinary Gains (Losses),Net Income,Net Income (Common),"Cash, Cash Equivalents & Short Term Investments",Accounts & Notes Receivable,Inventories,Total Current Assets,"Property, Plant & Equipment, Net",Long Term Investments & Receivables,Other Long Term Assets,Total Noncurrent Assets,Total Assets,Payables & Accruals,Short Term Debt,Total Current Liabilities,Long Term Debt,Total Noncurrent Liabilities,Total Liabilities,Share Capital & Additional Paid-In Capital,Treasury Stock,Retained Earnings,Total Equity,Total Liabilities & Equity,Net Income/Starting Line,Depreciation & Amortization,Non-Cash Items,Change in Working Capital,Change in Accounts Receivable,Change in Inventories,Change in Accounts Payable,Change in Other,Net Cash from Operating Activities,Change in Fixed Assets & Intangibles,Net Change in Long Term Investment,Net Cash from Acquisitions & Divestitures,Net Cash from Investing Activities,Dividends Paid,Cash from (Repayment of) Debt,Cash from (Repurchase of) Equity,Net Cash from Financing Activities,Net Change in Cash,Price Date,Open,High,Low,Close,Adj Close,Volume
2009-06-30,392828000.0,-44061000.0,348767000.0,-307005000.0,-226682000.0,-75160000.0,,41762000.0,5069000.0,4359000.0,46831000,-2036000.0,44795000,-2276000.0,42519000,,42519000,42519000,579675000.0,224184000.0,9864000.0,952389000.0,254025000.0,407669000.0,1202185000.0,1863879000.0,2816268000,229254000.0,,719530000.0,,48900000.0,768430000,2440704000.0,-1823787000.0,1436513000.0,2047838000.0,2816268000,42519000.0,17557000.0,40053000.0,-13686000.0,-25928000.0,184000.0,1145000.0,10913000.0,86443000.0,-18894000.0,-55698000.0,-220000.0,-77812000.0,,,13105000.0,15498000.0,24387000,2009-06-30,25.30657768249512,25.625099182128906,25.171205520629886,25.3941707611084,24.54460144042969,2974613.0
2009-09-30,401042000.0,-45418000.0,355624000.0,-299463000.0,-225487000.0,-68865000.0,,56161000.0,5625000.0,3974000.0,61786000,-61000.0,61725000,-8302000.0,53423000,,53423000,53423000,578667000.0,237897000.0,8793000.0,961265000.0,251174000.0,511701000.0,1189834000.0,1952709000.0,2913974000,230341000.0,,725534000.0,,61576000.0,787110000,2528285000.0,-1898877000.0,1489936000.0,2126864000.0,2913974000,53423000.0,17433000.0,47236000.0,15780000.0,-12784000.0,883000.0,1530000.0,26151000.0,133872000.0,-18074000.0,-88479000.0,-700000.0,-107253000.0,,,-23062000.0,-19112000.0,6158000,2009-09-30,30.68163681030273,31.334606170654297,30.37904167175293,31.239051818847656,30.19394302368164,4753454.0
2009-12-31,451160000.0,-52615000.0,398545000.0,-317051000.0,-244429000.0,-66918000.0,,81494000.0,3352000.0,3759000.0,84846000,-3646000.0,81200000,6948000.0,88148000,,88148000,88148000,599611000.0,304912000.0,8664000.0,1039295000.0,247703000.0,607646000.0,1196503000.0,2051852000.0,3091147000,278850000.0,,834364000.0,,68276000.0,902640000,2587992000.0,-1975509000.0,1578084000.0,2188507000.0,3091147000,88148000.0,17697000.0,-4069000.0,80137000.0,-67366000.0,-128000.0,8306000.0,139325000.0,181913000.0,-19446000.0,-156328000.0,-1218000.0,-180542000.0,,0.0,-38091000.0,-41530000.0,-38925000,2009-12-31,33.596115112304695,33.635929107666016,33.046661376953125,33.13425827026367,32.025745391845696,1391426.0
2010-03-31,414272000.0,-48699000.0,365573000.0,-312998000.0,-231139000.0,-77702000.0,,52575000.0,3933000.0,3556000.0,56508000,-500000.0,56008000,-8659000.0,47349000,,47349000,47349000,637147000.0,242607000.0,7337000.0,1086725000.0,243094000.0,717933000.0,1190708000.0,2151735000.0,3238460000,263208000.0,,833951000.0,,69878000.0,903829000,2784831000.0,-2078179000.0,1625433000.0,2334631000.0,3238460000,47349000.0,17480000.0,41012000.0,37724000.0,60112000.0,743000.0,-3328000.0,-19803000.0,143565000.0,-18554000.0,-163569000.0,-9466000.0,-188563000.0,,,54937000.0,65842000.0,20404000,2010-03-31,38.00764465332031,38.421722412109375,37.69708633422852,37.80060577392578,36.535980224609375,5373066.0
2010-06-30,458433000.0,-53555000.0,404878000.0,-330725000.0,-247406000.0,-79543000.0,,74153000.0,875000.0,3837000.0,75028000,-335000.0,74693000,-27136000.0,47557000,,47557000,47557000,823025000.0,319378000.0,7374000.0,1311653000.0,242979000.0,585418000.0,1178540000.0,2006937000.0,3318590000,289454000.0,,884393000.0,,98181000.0,982574000,2844987000.0,-2179592000.0,1672990000.0,2336016000.0,3318590000,47557000.0,17967000.0,47657000.0,-9962000.0,-80419000.0,-1005000.0,216000.0,71246000.0,103219000.0,-21753000.0,9030000.0,-761000.0,27050000.0,,,-70689000.0,-67618000.0,62857000,2010-06-30,34.20927047729492,34.535755157470696,33.56426239013672,33.627967834472656,32.502933502197266,2605157.0
2010-09-30,472233000.0,-57798000.0,414435000.0,-332871000.0,-242138000.0,-87399000.0,,81564000.0,5700000.0,3638000.0,87264000,-87000.0,87177000,602000.0,87779000,,87779000,87779000,902179000.0,273286000.0,7349000.0,1386648000.0,247208000.0,689211000.0,1173920000.0,2110339000.0,3496987000,308523000.0,,889262000.0,,106131000.0,995393000,3019762000.0,-2289652000.0,1760769000.0,2501594000.0,3496987000,87779000.0,18598000.0,44241000.0,39563000.0,46109000.0,-666000.0,6654000.0,-12534000.0,190181000.0,-25676000.0,-125748000.0,-10445000.0,-164369000.0,,0.0,1676000.0,26561000.0,54284000,2010-09-30,56.33858871459961,57.03137588500977,54.26023483276367,54.33986282348633,52.52191162109375,4517238.0
2010-12-31,529724000.0,-72214000.0,457510000.0,-344115000.0,-224371000.0,-116732000.0,,113395000.0,2596000.0,3546000.0,115991000,-49000.0,115942000,-22186000.0,93756000,,94380000,94380000,893805000.0,378395000.0,6980000.0,1470479000.0,250482000.0,791854000.0,1190785000.0,2233121000.0,3703600000,355680000.0,,1020012000.0,,123000000.0,1143012000,3112464000.0,-2416645000.0,1855149000.0,2560588000.0,3703600000,93756000.0,19330000.0,-11226000.0,77467000.0,-104860000.0,-264000.0,6070000.0,176521000.0,179327000.0,-26108000.0,-99229000.0,162000.0,-131160000.0,,0.0,-66106000.0,-51101000.0,-2826000,2010-12-31,54.33986282348633,54.6106071472168,53.61522674560547,54.47523498535156,52.65275955200195,1411896.0
2011-03-31,490888000.0,-59977000.0,430911000.0,-350004000.0,-255947000.0,-90548000.0,,80907000.0,7572000.0,3939000.0,88479000,-24000.0,88455000,-15108000.0,73347000,,73503000,73503000,929919000.0,297190000.0,7513000.0,1431839000.0,261235000.0,708906000.0,1350585000.0,2320726000.0,3752565000,295876000.0,,974062000.0,,159529000.0,1133591000,3197342000.0,-2525395000.0,1928652000.0,2618974000.0,3752565000,73347000.0,19641000.0,33332000.0,32908000.0,85622000.0,-1050000.0,-21456000.0,-30208000.0,159228000.0,-28367000.0,166523000.0,-118440000.0,17864000.0,,-10926000.0,-57617000.0,-61838000.0,119178000,2011-03-31,57.75601196289063,58.69565200805664,57.29415512084961,58.49657440185547,56.53955841064453,2390290.0
2011-06-30,530790000.0,-71833000.0,458957000.0,-363367000.0,-268056000.0,-91374000.0,,95590000.0,5088000.0,3727000.0,100678000,0.0,100678000,-19270000.0,81408000,,81944000,81944000,898421000.0,338734000.0,7332000.0,1452556000.0,272685000.0,800649000.0,1343799000.0,2417133000.0,3869689000,326678000.0,,1038305000.0,,167895000.0,1206200000,3268586000.0,-2628612000.0,2010596000.0,2663489000.0,3869689000,81408000.0,20377000.0,40195000.0,20317000.0,-41217000.0,-472000.0,12518000.0,49488000.0,162297000.0,-38576000.0,-143139000.0,0.0,-188085000.0,,0.0,-57172000.0,-58867000.0,-84524000,2011-06-30,62.66125106811523,63.7203369140625,62.54977035522461,63.70441055297852,61.57316589355469,2023973.0
2011-09-30,565348000.0,-79689000.0,485659000.0,-380980000.0,-279874000.0,-96676000.0,,104679000.0,-1861000.0,3085000.0,102818000,0.0,102818000,-10642000.0,92176000,,92176000,92176000,775051000.0,339494000.0,7024000.0,1311641000.0,277951000.0,765822000.0,1527450000.0,2571223000.0,3882864000,340359000.0,,1050738000.0,,172201000.0,1222939000,3315888000.0,-2753724000.0,2102772000.0,2659925000.0,3882864000,92176000.0,23780000.0,53897000.0,18181000.0,-3211000.0,82000.0,-3329000.0,24639000.0,188034000.0,-35076000.0,41460000.0,-191032000.0,-192244000.0,,-635000.0,-115281000.0,-113447000.0,-118686000,2011-09-30,44.52141952514648,45.381431579589844,43.42251968383789,43.42251968383789,41.96980667114258,3824413.0
2011-12-31,619366000.0,-82100000.0,537266000.0,-401452000.0,-294862000.0,-102076000.0,,135814000.0,2732000.0,3068000.0,138546000,0.0,138546000,-29847000.0,108699000,,108699000,108699000,739757000.0,484431000.0,8507000.0,1373030000.0,277429000.0,737844000.0,1711238000.0,2726511000.0,4099541000,281170000.0,,1179130000.0,,189921000.0,1369051000,3385336000.0,-2854756000.0,2211471000.0,2730490000.0,4099541000,108699000.0,24326000.0,34079000.0,2459000.0,-136675000.0,-1657000.0,509000.0,140282000.0,169563000.0,-25350000.0,83600000.0,-145905000.0,-88716000.0,,0.0,-69173000.0,-58462000.0,21166000,2011-12-30,48.65424346923828,48.88517379760742,47.99331283569336,48.351646423339844,46.7340316772461,1704623.0
2012-03-31,589495000.0,-86343000.0,503152000.0,-422402000.0,-308313000.0,-103622000.0,,80750000.0,3800000.0,3078000.0,84550000,,84550000,-16283000.0,68267000,,68267000,68267000,867081000.0,389807000.0,9430000.0,1423729000.0,278671000.0,741619000.0,1707099000.0,2727389000.0,4151118000,349813000.0,,1171861000.0,,201724000.0,1373585000,3471071000.0,-2968855000.0,2279738000.0,2777533000.0,4151118000,68267000.0,22545000.0,59149000.0,93109000.0,88114000.0,-1334000.0,-4513000.0,10842000.0,243070000.0,-23208000.0,-71714000.0,-24033000.0,-115108000.0,,-2456000.0,-69736000.0,-71697000.0,57585000,2012-03-30,62.90810775756836,63.401817321777344,62.2869873046875,62.8364372253418,60.734230041503906,2361155.0
2012-06-30,615210000.0,-94358000.0,520852000.0,-438660000.0,-323438000.0,-110028000.0,,82192000.0,3353000.0,2828000.0,85545000,,85545000,6461000.0,92006000,,92006000,92006000,1297784000.0,404212000.0,6659000.0,1875676000.0,283535000.0,410369000.0,1759436000.0,2453340000.0,4329016000,287861000.0,,1134153000.0,,264881000.0,1399034000,3549907000.0,-2969815000.0,2371744000.0,2929982000.0,4329016000,92006000.0,23504000.0,27757000.0,24477000.0,-17215000.0,2279000.0,7668000.0,31745000.0,167744000.0,-40039000.0,469556000.0,-58345000.0,371253000.0,,-5281000.0,31229000.0,35420000.0,570959000,2012-06-29,64.29367828369139,66.84981536865234,64.22997283935547,66.84185028076172,64.60563659667969,3009022.0
2012-09-30,641422000.0,-106068000.0,535354000.0,-452939000.0,-328388000.0,-114713000.0,,82415000.0,8483000.0,2059000.0,90898000,,90898000,-12653000.0,78245000,,78245000,78245000,683047000.0,456545000.0,10961000.0,1319514000.0,295934000.0,723205000.0,2150500000.0,3169639000.0,4489153000,302977000.0,,1165874000.0,,287241000.0,1453115000,3643414000.0,-3047232000.0,2449989000.0,3036038000.0,4489153000,78245000.0,25942000.0,67637000.0,9168000.0,-414000.0,-3108000.0,-10206000.0,22896000.0,180992000.0,-38320000.0,-339809000.0,-405969000.0,-768312000.0,,-16609000.0,-40648000.0,-51722000.0,-637713000,2012-09-28,60.02548217773438,61.67383193969727,60.00955581665039,60.94123458862305,58.90243148803711,2851671.0
2012-12-31,739996000.0,-117368000.0,622628000.0,-477207000.0,-345949000.0,-122208000.0,,145421000.0,3815000.0,1875000.0,149236000,0.0,149236000,-35207000.0,114029000,,114029000,114029000,928631000.0,630956000.0,10723000.0,1713735000.0,303294000.0,595313000.0,2184060000.0,3082667000.0,4796402000,377597000.0,,1342873000.0,,331752000.0,1674625000,3691398000.0,-3125934000.0,2564018000.0,3121777000.0,4796402000,114029000.0,28308000.0,5762000.0,78622000.0,-178113000.0,139000.0,6625000.0,249971000.0,226721000.0,-49151000.0,200886000.0,1126000.0,154227000.0,,0.0,-63447000.0,-61783000.0,319482000,2012-12-31,51.30593872070313,52.40484237670898,50.931678771972656,52.25354385375977,50.50539016723633,1526425.0
2013-03-31,672899000.0,-114914000.0,557985000.0,-501377000.0,-360467000.0,-130492000.0,,56608000.0,1196000.0,1962000.0,57804000,0.0,57804000,1884000.0,59688000,,59688000,59688000,657944000.0,450939000.0,11229000.0,1301475000.0,302378000.0,747004000.0,2497482000.0,3546864000.0,4848339000,318427000.0,,1304450000.0,,349742000.0,1654192000,3799220000.0,-3210539000.0,2623706000.0,3194147000.0,4848339000,59688000.0,29409000.0,67402000.0,110299000.0,183892000.0,-1140000.0,-11312000.0,-61141000.0,266798000.0,-30533000.0,-273909000.0,-324049000.0,-629593000.0,,0.0,-36113000.0,-28891000.0,-392144000,2013-03-28,56.529701232910156,57.54101181030274,55.9722900390625,57.45341491699219,55.53129959106445,2687914.0
2013-06-30,730384000.0,-127240000.0,603144000.0,-527256000.0,-384439000.0,-132299000.0,,75888000.0,1375000.0,1974000.0,77263000,0.0,77263000,-12802000.0,64461000,,64461000,64461000,700150000.0,493671000.0,13697000.0,1371358000.0,311316000.0,819590000.0,2493747000.0,3624653000.0,4996011000,342735000.0,,1350622000.0,,369200000.0,1719822000,3856771000.0,-3251774000.0,2688167000.0,3276189000.0,4996011000,64461000.0,31090000.0,78801000.0,34550000.0,-45898000.0,-2774000.0,10890000.0,72332000.0,208902000.0,-40742000.0,-106104000.0,0.0,-146711000.0,,0.0,-29964000.0,-49134000.0,11688000,2013-06-28,48.184425354003906,48.46313095092773,47.26867294311523,48.064979553222656,46.45695495605469,2247756.0
2013-09-30,712731000.0,-123933000.0,588798000.0,-501431000.0,-363996000.0,-127049000.0,,87367000.0,3438000.0,2038000.0,90805000,0.0,90805000,-14075000.0,76730000,,76730000,76730000,694669000.0,450395000.0,11979000.0,1328806000.0,337021000.0,961422000.0,2496740000.0,3795183000.0,5123989000,338505000.0,,1340595000.0,,382594000.0,1723189000,3949101000.0,-3309976000.0,2764897000.0,3400800000.0,5123989000,76730000.0,33440000.0,43842000.0,68937000.0,44045000.0,826000.0,-4527000.0,28593000.0,222949000.0,-62537000.0,-151307000.0,-5294000.0,-220455000.0,,0.0,-21687000.0,-20250000.0,-16680000,2013-09-30,55.82099151611328,56.42618179321289,55.26357650756836,56.22710418701172,54.34601593017578,1829701.0
2013-12-31,802420000.0,-136708000.0,665712000.0,-504858000.0,-368014000.0,-126498000.0,,160854000.0,1164000.0,2092000.0,162018000,0.0,162018000,-23374000.0,138644000,,138644000,138644000,734716000.0,654821000.0,14107000.0,1563095000.0,338996000.0,855700000.0,2454458000.0,3649154000.0,5212249000,365380000.0,,1464061000.0,0.0,428381000.0,1892442000,3974588000.0,-3563273000.0,2903541000.0,3319807000.0,5212249000,138644000.0,34020000.0,80342000.0,-23312000.0,-204990000.0,-2503000.0,8041000.0,176140000.0,229694000.0,-41230000.0,97850000.0,-5538000.0,58609000.0,,-2061000.0,-244907000.0,-254006000.0,34267000,2013-12-31,50.2388916015625,50.51759719848633,49.80092239379883,50.36629867553711,48.6812858581543,1391678.0
2014-03-31,750819000.0,-134326000.0,616493000.0,-534956000.0,-388884000.0,-133618000.0,,81537000.0,-3132000.0,2087000.0,78405000,-9650000.0,68755000,-12816000.0,55939000,,55939000,55939000,829277000.0,510862000.0,12537000.0,1538901000.0,336740000.0,998831000.0,2395001000.0,3730572000.0,5269473000,356959000.0,,1449536000.0,,405920000.0,1855456000,4034808000.0,-3584521000.0,2959480000.0,3414017000.0,5269473000,55939000.0,33271000.0,99144000.0,99522000.0,142974000.0,1117000.0,-1312000.0,-43257000.0,287876000.0,-31180000.0,-219714000.0,-24154000.0,-275011000.0,,-3766000.0,7958000.0,4208000.0,17779000,2014-03-31,45.81143569946289,46.153846740722656,45.26994705200195,45.73976516723633,44.20953369140625,4800547.0
2014-06-30,781560000.0,-175256000.0,606304000.0,-547374000.0,-396554000.0,-140375000.0,,58930000.0,-3391000.0,-4843000.0,55539000,-4511000.0,51028000,1996000.0,53024000,,53024000,53024000,820398000.0,506409000.0,14206000.0,1541570000.0,339832000.0,975676000.0,2392138000.0,3707646000.0,5249216000,364847000.0,,1475595000.0,1277289000.0,1669724000.0,3145319000,3896752000.0,-4807111000.0,3012504000.0,2103897000.0,5249216000,53024000.0,-33271000.0,150989000.0,32798000.0,3230000.0,-2204000.0,4055000.0,27717000.0,203540000.0,-45688000.0,16247000.0,-17188000.0,-45309000.0,,1415717000.0,-1389086000.0,-177509000.0,-19117000,2014-06-30,50.92371368408203,51.04315948486328,49.72925567626953,49.80888748168945,48.14251708984375,6194108.0
2014-09-30,758994000.0,-135985000.0,623009000.0,-561288000.0,-413455000.0,-137877000.0,,61721000.0,-10375000.0,-8140000.0,51346000,-3124000.0,48222000,-690000.0,47532000,,47532000,47532000,747223000.0,465558000.0,16483000.0,1444710000.0,353720000.0,1073232000.0,2359815000.0,3786767000.0,5231477000,374988000.0,,1462447000.0,1285092000.0,1672692000.0,3135139000,3968838000.0,-4912037000.0,3060036000.0,2096338000.0,5231477000,47532000.0,,109938000.0,6664000.0,36338000.0,-3255000.0,4783000.0,-31202000.0,164134000.0,-51286000.0,-62367000.0,-2000000.0,-115926000.0,,0.0,-79409000.0,-82228000.0,-36615000,2014-09-30,56.54562759399414,57.15082168579102,56.45803451538086,56.80841064453125,54.90786361694336,3025850.0
2014-12-31,851483000.0,-174652000.0,676831000.0,-549963000.0,-401294000.0,-141947000.0,,126868000.0,-9707000.0,-8015000.0,117161000,-9460000.0,107701000,-12473000.0,95228000,,95228000,95228000,789409000.0,674401000.0,12617000.0,1688324000.0,367779000.0,1073110000.0,2382794000.0,3823683000.0,5512007000,390016000.0,,1590109000.0,1292953000.0,1748253000.0,3338362000,4293001000.0,-5237830000.0,3155264000.0,2173645000.0,5512007000,95228000.0,137945000.0,-628000.0,-42114000.0,-213504000.0,3175000.0,-7486000.0,175701000.0,190431000.0,-50939000.0,-23896000.0,-57717000.0,-133211000.0,,-299000.0,-31955000.0,-37139000.0,17362000,2014-12-31,52.30928421020508,52.30928421020508,50.79630661010742,50.80426788330078,49.1046028137207,1066049.0
2015-03-31,760802000.0,-132606000.0,628196000.0,-542513000.0,-388431000.0,-144641000.0,,85683000.0,-16135000.0,-8286000.0,69548000,-33951000.0,35597000,-6710000.0,28887000,,28887000,28887000,983319000.0,438177000.0,12024000.0,1668656000.0,373384000.0,986295000.0,2426301000.0,3785980000.0,5454636000,363711000.0,95000000.0,1633938000.0,1300872000.0,1720367000.0,3354305000,4341132000.0,-5388980000.0,3184151000.0,2100331000.0,5454636000,28887000.0,,139651000.0,123333000.0,231034000.0,319000.0,1883000.0,-109903000.0,291871000.0,-46173000.0,37853000.0,-89467000.0,-98524000.0,,91825000.0,-116515000.0,-42933000.0,142784000,2015-03-31,50.75648880004883,51.24223709106445,50.62908172607422,50.8600082397461,49.15848159790039,1635805.0
2015-06-30,796759000.0,-132751000.0,664008000.0,-527325000.0,-376130000.0,-140203000.0,,136683000.0,-11422000.0,-8160000.0,125261000,-14534000.0,110727000,-7452000.0,103275000,,103275000,103275000,872491000.0,500976000.0,12708000.0,1589283000.0,370767000.0,972909000.0,2569016000.0,3912692000.0,5501975000,348186000.0,,1524318000.0,1308852000.0,1752822000.0,3277140000,4404927000.0,-5438282000.0,3287426000.0,2224835000.0,5501975000,103275000.0,,86487000.0,11385000.0,-62183000.0,-1090000.0,-1845000.0,76503000.0,201147000.0,-43166000.0,81549000.0,-161717000.0,-123655000.0,,-99394000.0,-12198000.0,-119746000.0,-40620000,2015-06-30,56.06784439086914,56.12358856201172,55.50246810913086,55.86877059936523,53.99967575073242,1483853.0
2015-09-30,813270000.0,-146254000.0,667016000.0,-525048000.0,-373386000.0,-139128000.0,,141968000.0,-10440000.0,-8071000.0,131528000,-78170000.0,53358000,2567000.0,55925000,,55925000,55925000,1072800000.0,467815000.0,10863000.0,1737138000.0,371101000.0,792262000.0,2504982000.0,3668345000.0,5405483000,409714000.0,,1547542000.0,1316892000.0,1773249000.0,3320791000,4492611000.0,-5721807000.0,3343352000.0,2084692000.0,5405483000,55925000.0,,163774000.0,40096000.0,29224000.0,1855000.0,6620000.0,2397000.0,259795000.0,-40918000.0,145555000.0,198000.0,102493000.0,,0.0,-190019000.0,-193737000.0,165281000,2015-09-30,54.30801010131836,55.26357650756836,53.86207962036133,55.16801834106445,53.32235717773438,2368816.0
2015-12-31,275323000.0,-62429000.0,212894000.0,-208638000.0,-154279000.0,-56985000.0,,4256000.0,-211000.0,-7961000.0,4045000,-39143000.0,-35098000,62144000.0,27046000,104228000.0,131274000,131274000,871370000.0,669276000.0,10521000.0,1683951000.0,373817000.0,891964000.0,2517785000.0,3783566000.0,5467517000,431215000.0,,1680969000.0,1311071000.0,1813102000.0,3494071000,4567218000.0,-6039870000.0,3474625000.0,1973446000.0,5467517000,27046000.0,102207000.0,-71413000.0,21254000.0,-206941000.0,-381000.0,-250000.0,228826000.0,281735000.0,21896000.0,-65296000.0,155655000.0,-104729000.0,,4394000.0,-324687000.0,-335035000.0,-159076000,2015-12-31,61.092529296875,61.307533264160156,59.97770309448242,60.24048233032226,58.22512435913086,904553.0
2016-03-31,658773000.0,-99811000.0,558962000.0,-417698000.0,-311746000.0,-102232000.0,,141264000.0,-8407000.0,-7404000.0,132857000,-46012000.0,86845000,-13591000.0,73254000,10209000.0,83463000,83463000,1155754000.0,450000000.0,12194000.0,1787570000.0,376012000.0,849490000.0,2505617000.0,3731119000.0,5518689000,414829000.0,,1624264000.0,1320240000.0,1826345000.0,3450609000,4632464000.0,-6101409000.0,3558088000.0,2068080000.0,5518689000,73254000.0,,89812000.0,144389000.0,218821000.0,-2072000.0,-8921000.0,-63439000.0,339965000.0,-50483000.0,-93232000.0,0.0,-158055000.0,,0.0,-22665000.0,-39204000.0,144788000,2016-03-31,61.77735137939453,62.96384811401367,61.52253341674805,62.57365798950195,60.480247497558594,1339939.0
2016-06-30,673987000.0,-107191000.0,566796000.0,-429277000.0,-324804000.0,-100651000.0,,137519000.0,-7304000.0,-7032000.0,130215000,-3580000.0,126635000,-20346000.0,106289000,14609000.0,120898000,120898000,1350831000.0,504420000.0,11509000.0,2001791000.0,365804000.0,854486000.0,2492133000.0,3712423000.0,5714214000,415580000.0,,1626683000.0,1329478000.0,1845486000.0,3472169000,4697360000.0,-6112401000.0,3678986000.0,2242045000.0,5714214000,106289000.0,,77824000.0,9682000.0,-55863000.0,609000.0,-15611000.0,80547000.0,228362000.0,-22781000.0,-45234000.0,0.0,-81380000.0,,0.0,24535000.0,7540000.0,152926000,2016-06-30,64.31756591796875,64.47682952880861,63.13107299804688,63.77607727050781,61.64243698120117,2326244.0
2016-09-30,668736000.0,-98171000.0,570565000.0,-429760000.0,-324112000.0,-101741000.0,,140805000.0,-6567000.0,-7061000.0,134238000,-12176000.0,122062000,-10325000.0,111737000,20164000.0,131901000,131901000,1663011000.0,475085000.0,14809000.0,2272387000.0,352521000.0,789038000.0,2508557000.0,3650116000.0,5922503000,416943000.0,1338782000.0,2949826000.0,0.0,620941000.0,3570767000,4687645000.0,-6123961000.0,3810887000.0,2351736000.0,5922503000,111737000.0,,80626000.0,46004000.0,27727000.0,-3891000.0,5244000.0,16924000.0,288456000.0,-18758000.0,394580000.0,-11456000.0,353140000.0,,0.0,8879000.0,-615000.0,642451000,2016-09-30,67.97261047363281,68.34687042236328,67.50278472900389,67.86112213134766,65.59081268310547,1381380.0
2016-12-31,734584000.0,-99716000.0,634868000.0,-426891000.0,-332515000.0,-90749000.0,,207977000.0,-10116000.0,-6766000.0,197861000,-5633000.0,192228000,-13653000.0,178575000,21275000.0,199850000,199850000,1563018000.0,681206000.0,12522000.0,2561277000.0,261954000.0,980142000.0,2586854000.0,3828950000.0,6390227000,369294000.0,1348156000.0,2925679000.0,0.0,855821000.0,3781500000,4761891000.0,-6135197000.0,4010737000.0,2608727000.0,6390227000,178575000.0,107954000.0,-11840000.0,-67138000.0,-252347000.0,1221000.0,2923000.0,181065000.0,259047000.0,-18953000.0,-567745000.0,-1786000.0,-597909000.0,,0.0,1809000.0,-5752000.0,-351727000,2016-12-30,71.9859848022461,72.1771011352539,70.89505004882812,71.11801147460938,68.73874664306639,845907.0
2017-03-31,662677000.0,-102458000.0,560219000.0,-429589000.0,-323274000.0,-102669000.0,,130630000.0,-2615000.0,-5941000.0,128015000,-7986000.0,120029000,-49704000.0,70325000,-42704000.0,27621000,27621000,1414095000.0,485769000.0,15210000.0,2085157000.0,260149000.0,952157000.0,2063103000.0,3275409000.0,5360566000,347276000.0,100000000.0,1617167000.0,1357580000.0,2009657000.0,3626824000,4883143000.0,-6692147000.0,3553680000.0,1733742000.0,5360566000,70325000.0,,148419000.0,72789000.0,197408000.0,-2811000.0,-8222000.0,-113586000.0,249284000.0,-21680000.0,249476000.0,-60449000.0,164741000.0,,96000000.0,-499098000.0,-466489000.0,-48979000,2017-03-31,83.55000305175781,84.12000274658203,83.37000274658203,83.38999938964844,80.60017395019531,1391500.0
2017-06-30,693227000.0,-109312000.0,583915000.0,-459834000.0,-349446000.0,-106696000.0,,124081000.0,-7588000.0,-6447000.0,116493000,-2140000.0,114353000,-5524000.0,108829000,0.0,108829000,108829000,1355863000.0,541315000.0,13229000.0,2086487000.0,252925000.0,1045384000.0,2046113000.0,3344422000.0,5430909000,310797000.0,30000000.0,1546489000.0,1367092000.0,2002719000.0,3549208000,4922492000.0,-6695744000.0,3663732000.0,1881701000.0,5430909000,108829000.0,,82818000.0,-27351000.0,-56937000.0,1413000.0,-1050000.0,29223000.0,150475000.0,-22125000.0,-98052000.0,0.0,-120475000.0,,-70000000.0,588000.0,-95091000.0,-63206000,2017-06-30,79.91000366210938,80.1500015258789,78.94999694824219,79.58000183105469,76.91764068603516,936200.0
2017-09-30,690925000.0,-105937000.0,584988000.0,-439723000.0,-328877000.0,-107113000.0,,145265000.0,-2872000.0,-3853000.0,142393000,-8552000.0,133841000,-7121000.0,126720000,0.0,126720000,126720000,1503762000.0,464801000.0,14892000.0,2151673000.0,254297000.0,1054952000.0,2038474000.0,3347723000.0,5499396000,285301000.0,40000000.0,1498649000.0,1376673000.0,2005136000.0,3503785000,4995159000.0,-6781333000.0,3790452000.0,1995611000.0,5499396000,126720000.0,,79707000.0,48332000.0,75668000.0,-1952000.0,-7767000.0,-17617000.0,254759000.0,-23730000.0,-61239000.0,0.0,-85466000.0,,10000000.0,-74353000.0,-74985000.0,96098000,2017-09-29,76.62000274658203,77.23999786376953,76.47000122070312,76.81999969482422,74.2499771118164,903000.0
2017-12-31,777857000.0,-121939000.0,655918000.0,-412522000.0,-307080000.0,-99323000.0,,243396000.0,-7576000.0,-7560000.0,235820000,-53697000.0,182123000,-466012000.0,-283889000,0.0,-283889000,-283889000,1747646000.0,712535000.0,13912000.0,2621423000.0,252932000.0,984328000.0,1961493000.0,3198753000.0,5820176000,378605000.0,,1687079000.0,2127474000.0,3140636000.0,4827715000,4883976000.0,-7390193000.0,3509484000.0,992461000.0,5820176000,-283889000.0,87137000.0,73789000.0,376721000.0,-250043000.0,805000.0,9801000.0,616158000.0,253758000.0,-20745000.0,-3809000.0,0.0,-22721000.0,0.0,701039000.0,-599980000.0,-57802000.0,174261000,2017-12-29,88.31999969482422,88.80000305175781,87.9000015258789,88.0,85.05593872070312,585100.0
2018-03-31,697192000.0,-108286000.0,588906000.0,-417156000.0,-314940000.0,-98550000.0,,171750000.0,-14617000.0,-11605000.0,157133000,-6187000.0,150946000,-6687000.0,144259000,0.0,144259000,144259000,1464964000.0,427890000.0,13569000.0,2075410000.0,249696000.0,773654000.0,2038717000.0,3062067000.0,5137477000,317460000.0,,1521659000.0,2137418000.0,3092440000.0,4614099000,4938841000.0,-8187110000.0,3786521000.0,523378000.0,5137477000,144259000.0,,97155000.0,116441000.0,285104000.0,34000.0,1828000.0,-170525000.0,357855000.0,-16532000.0,328119000.0,-66330000.0,248514000.0,,-5674000.0,-599930000.0,-769206000.0,-160433000,2018-03-29,92.31999969482422,93.62999725341795,91.9800033569336,92.8000030517578,89.69535827636719,974000.0
2018-06-30,742365000.0,-108749000.0,633616000.0,-481032000.0,-364070000.0,-112943000.0,,152584000.0,-13677000.0,-11140000.0,138907000,-7437000.0,131470000,-24637000.0,106833000,0.0,106833000,106833000,1509075000.0,528386000.0,20282000.0,2266391000.0,246025000.0,825444000.0,2028202000.0,3099671000.0,5366062000,365069000.0,1406157000.0,3014258000.0,741277000.0,1715628000.0,4729886000,5116647000.0,-8355107000.0,3893354000.0,636176000.0,5366062000,106833000.0,,117621000.0,-54271000.0,-102635000.0,-6679000.0,18023000.0,37020000.0,170183000.0,-17614000.0,-28563000.0,347000.0,-46085000.0,,0.0,-164935000.0,-51269000.0,67011000,2018-06-29,104.29000091552734,105.62999725341795,104.20999908447266,104.83999633789062,101.33255004882812,1421400.0
2018-09-30,732476000.0,-103917000.0,628559000.0,-464266000.0,-348646000.0,-111557000.0,,164293000.0,-5364000.0,-9066000.0,158929000,486000.0,159415000,-558000.0,158857000,0.0,158857000,158857000,1833878000.0,413509000.0,21386000.0,2497961000.0,247544000.0,657727000.0,2033295000.0,2938566000.0,5436527000,394911000.0,1415970000.0,3023161000.0,741551000.0,1660146000.0,4683307000,5194236000.0,-8474936000.0,4052211000.0,753220000.0,5436527000,158857000.0,,106404000.0,35637000.0,113817000.0,-904000.0,-16906000.0,-60370000.0,300898000.0,-22283000.0,27187000.0,0.0,3301000.0,,0.0,-116124000.0,-119777000.0,183474000,2018-09-28,110.88999938964844,111.4800033569336,110.88999938964844,111.16000366210938,107.44113159179688,1180000.0
2018-12-31,801870000.0,-112851000.0,689019000.0,-482961000.0,-361921000.0,-116934000.0,-15854000.0,206058000.0,-14847000.0,-8321000.0,191211000,-3587000.0,187624000,-21906000.0,165718000,0.0,165718000,165718000,1202381000.0,688420000.0,21905000.0,2086901000.0,243396000.0,574319000.0,2231433000.0,3049148000.0,5136049000,410452000.0,1155445000.0,2911140000.0,741825000.0,1673390000.0,4584530000,5404810000.0,-9014156000.0,4169019000.0,551519000.0,5136049000,165718000.0,78983000.0,29261000.0,-67553000.0,-277583000.0,-690000.0,3859000.0,206861000.0,206409000.0,-12925000.0,130132000.0,-182946000.0,-73550000.0,-46799000.0,-272986000.0,-380000000.0,-717789000.0,-586416000,2018-12-31,102.5,103.0,101.86000061035156,102.45999908447266,99.3515853881836,1299400.0
2019-03-31,719143000.0,-107473000.0,611670000.0,-482465000.0,-352202000.0,-130263000.0,,129205000.0,-4660000.0,-8359000.0,124545000,-6361000.0,118184000,-7836000.0,110348000,,110348000,110348000,1786280000.0,482647000.0,23145000.0,2453010000.0,243132000.0,86340000.0,2384974000.0,2714446000.0,5167456000,376359000.0,1163199000.0,2842768000.0,742100000.0,1769810000.0,4612578000,5496247000.0,-9168067000.0,4232181000.0,554878000.0,5167456000,110348000.0,62472000.0,88133000.0,6613000.0,204406000.0,-1876000.0,6134000.0,-202051000.0,267566000.0,-17867000.0,900185000.0,0.0,882893000.0,-46024000.0,0.0,-93805000.0,-157491000.0,993913000,2019-03-29,100.06999969482422,100.4000015258789,99.30999755859376,99.66000366210938,96.9640121459961,2836700.0
2019-06-30,748697000.0,-110479000.0,638218000.0,-513620000.0,-379591000.0,-134029000.0,,124598000.0,-9839000.0,-6419000.0,114759000,-7516000.0,107243000,-13748000.0,93495000,,93495000,93495000,563145000.0,530102000.0,22888000.0,1271714000.0,245395000.0,30484000.0,2387603000.0,2663482000.0,3935196000,392616000.0,0.0,1681526000.0,742482000.0,1745648000.0,3427174000,6079277000.0,-9844231000.0,4277586000.0,508022000.0,3935196000,93495000.0,56217000.0,69538000.0,-56903000.0,-49236000.0,-718000.0,15122000.0,-22071000.0,162347000.0,-22352000.0,171570000.0,0.0,149808000.0,-45827000.0,-1164497000.0,-156195000.0,-1419409000.0,-1107959000,2019-06-28,97.87000274658205,98.29000091552734,97.54000091552734,98.13999938964844,95.8384780883789,1969800.0
2019-09-30,732901000.0,-126918000.0,605983000.0,-486273000.0,-354916000.0,-126420000.0,,119710000.0,-2717000.0,-6173000.0,116993000,-8879000.0,108114000,162743000.0,270857000,,270857000,270857000,549206000.0,426842000.0,18518000.0,1194000000.0,236788000.0,21374000.0,2578931000.0,2837093000.0,4031093000,413189000.0,0.0,1613685000.0,742704000.0,1704497000.0,3318182000,6170895000.0,-9952378000.0,4500876000.0,712911000.0,4031093000,270857000.0,-118689000.0,59322000.0,-64384000.0,101458000.0,3037000.0,-23901000.0,-144978000.0,147106000.0,-12639000.0,12221000.0,0.0,-664000.0,-45373000.0,0.0,-103904000.0,-153519000.0,-10886000,2019-09-30,95.88999938964844,96.94000244140624,95.76000213623048,96.5199966430664,94.61187744140624,1440500.0
2019-12-31,809823000.0,-119177000.0,690646000.0,-505794000.0,-366676000.0,-128165000.0,-15890000.0,184852000.0,-9402000.0,-6743000.0,175450000,509000.0,175959000,31154000.0,207113000,,207113000,207113000,588816000.0,720359000.0,15898000.0,1512732000.0,231894000.0,16640000.0,2627660000.0,2876194000.0,4388926000,476254000.0,,1828587000.0,742926000.0,1722683000.0,3551270000,6249384000.0,-10066746000.0,4660145000.0,837656000.0,4388926000,207113000.0,72079000.0,2668000.0,-75809000.0,-295622000.0,2603000.0,11639000.0,205571000.0,206051000.0,-10596000.0,17076000.0,,3712000.0,-45723000.0,0.0,-99949000.0,-160091000.0,51927000,2019-12-31,110.05999755859376,110.97000122070312,110.05999755859376,110.9000015258789,109.05186462402344,655200.0
2020-03-31,860945000.0,-115577000.0,745368000.0,-541368000.0,-406208000.0,-134458000.0,-702000.0,204000000.0,-10908000.0,-13006000.0,193092000,-2453000.0,190639000,-9417000.0,181222000,,181222000,181222000,550525000.0,700026000.0,17323000.0,1461053000.0,225098000.0,12721000.0,2632355000.0,2870174000.0,4331227000,533593000.0,,1874049000.0,1730961000.0,2676107000.0,4550156000,6125909000.0,-11131992000.0,4794964000.0,-218929000.0,4331227000,181222000.0,53701000.0,63413000.0,-14089000.0,11314000.0,-1944000.0,20529000.0,-43988000.0,284247000.0,-10503000.0,21335000.0,,10034000.0,-42839000.0,986953000.0,-1199903000.0,-310036000.0,-20880000,2020-03-31,144.0800018310547,146.39999389648438,140.52999877929688,141.5500030517578,139.63485717773438,2957000.0
2020-06-30,798929000.0,-122240000.0,676689000.0,-533018000.0,-391793000.0,-140531000.0,-694000.0,143671000.0,-14576000.0,-16487000.0,129095000,,129095000,-16189000.0,112906000,,112906000,112906000,867670000.0,614150000.0,17767000.0,1685977000.0,218790000.0,12648000.0,2630699000.0,2862137000.0,4548114000,614511000.0,,1992533000.0,1731514000.0,2649177000.0,4641710000,6217159000.0,-11167805000.0,4863515000.0,-93596000.0,4548114000,112906000.0,52892000.0,79074000.0,174297000.0,84015000.0,50000.0,17335000.0,72897000.0,419169000.0,-10575000.0,-287405000.0,,-299685000.0,-43223000.0,0.0,0.0,-90132000.0,30191000,2020-06-30,146.57000732421875,148.36000061035156,145.57000732421875,147.91000366210938,146.27560424804688,1145100.0
