Report Date,Revenue,Cost of Revenue,Gross Profit,Operating Expenses,"Selling, General & Administrative",Research & Development,Depreciation & Amortization,Operating Income (Loss),Non-Operating Income (Loss),"Interest Expense, Net","Pretax Income (Loss), Adj.",Abnormal Gains (Losses),Pretax Income (Loss),"Income Tax (Expense) Benefit, Net",Income (Loss) from Continuing Operations,Net Extraordinary Gains (Losses),Net Income,Net Income (Common),"Cash, Cash Equivalents & Short Term Investments",Accounts & Notes Receivable,Inventories,Total Current Assets,"Property, Plant & Equipment, Net",Long Term Investments & Receivables,Other Long Term Assets,Total Noncurrent Assets,Total Assets,Payables & Accruals,Short Term Debt,Total Current Liabilities,Long Term Debt,Total Noncurrent Liabilities,Total Liabilities,Share Capital & Additional Paid-In Capital,Treasury Stock,Retained Earnings,Total Equity,Total Liabilities & Equity,Net Income/Starting Line,Depreciation & Amortization,Non-Cash Items,Change in Working Capital,Change in Accounts Receivable,Change in Inventories,Change in Accounts Payable,Change in Other,Net Cash from Operating Activities,Change in Fixed Assets & Intangibles,Net Change in Long Term Investment,Net Cash from Acquisitions & Divestitures,Net Cash from Investing Activities,Dividends Paid,Cash from (Repayment of) Debt,Cash from (Repurchase of) Equity,Net Cash from Financing Activities,Net Change in Cash,Price Date,Open,High,Low,Close,Adj Close,Volume
2010-03-31,3007829000.0,-1539117000.0,1468712000.0,-1047167000.0,-866331000.0,-180836000.0,,421545000.0,-28491000.0,-28491000.0,393054000,,393054000,-100307000.0,292747000,7486000.0,300233000,300233000,806368000.0,1981411000.0,1187893000.0,4541077000.0,1179094000.0,,14160475000.0,15339569000.0,19880646000,2794255000.0,63551000.0,2857806000.0,2822298000.0,5169662000.0,8027468000,2128972000.0,,9492413000.0,11853178000.0,19880646000,292747000.0,92993000.0,16482000.0,-6724000.0,38346000.0,-73878000.0,90454000.0,-61646000.0,393879000.0,-36954000.0,,-1263242000.0,-1301314000.0,-12962000.0,-10441000.0,30313000.0,6910000.0,-915552000,2010-03-31,30.52312469482422,30.57998466491699,30.21228218078613,30.291887283325195,28.87556266784668,5940776.0
2010-06-30,3217428000.0,-1611875000.0,1605553000.0,-1087787000.0,-896588000.0,-191199000.0,,517766000.0,-27905000.0,-27905000.0,489861000,,489861000,-127738000.0,362123000,10353000.0,372476000,372476000,1232936000.0,2025978000.0,1238693000.0,5044931000.0,1163335000.0,,13870691000.0,15034026000.0,20078957000,2921937000.0,69964000.0,2991901000.0,2754966000.0,5029046000.0,8020947000,2264324000.0,,9851839000.0,12058010000.0,20078957000,362122000.0,97733000.0,24400000.0,36397000.0,-102010000.0,-83535000.0,83811000.0,138131000.0,537923000.0,-51538000.0,,-135284000.0,-188923000.0,-13050000.0,31984000.0,62537000.0,81471000.0,426568000,2010-06-30,28.39272117614746,28.77179718017578,28.05913543701172,28.14253234863281,26.840240478515625,5524763.0
2010-09-30,3092836000.0,-1480901000.0,1611935000.0,-1069372000.0,-872935000.0,-196437000.0,,542563000.0,-18921000.0,-29471000.0,523642000,291037000.0,814679000,-180875000.0,633804000,12631000.0,646435000,646435000,1635041000.0,2032661000.0,1244895000.0,5460623000.0,1153431000.0,,14883781000.0,16037212000.0,21497835000,3039944000.0,39483000.0,3079427000.0,2822259000.0,5246475000.0,8325902000,2314817000.0,,10485199000.0,13171933000.0,21497835000,633804000.0,95875000.0,-276515000.0,107764000.0,-16340000.0,-43496000.0,11116000.0,156484000.0,579267000.0,-50978000.0,,-169542000.0,-222349000.0,-13075000.0,-30674000.0,24350000.0,25827000.0,402105000,2010-09-30,31.07657241821289,31.37225151062012,30.62926483154297,30.78847694396973,29.378061294555664,6875156.0
2010-12-31,3231907000.0,-1513607000.0,1718300000.0,-1173374000.0,-967846000.0,-205528000.0,,544926000.0,-12883000.0,-25133000.0,532043000,-37000.0,532006000,-102480000.0,429526000,44330000.0,473856000,473856000,1632980000.0,2097974000.0,1165623000.0,6065455000.0,1129781000.0,,15021894000.0,16151675000.0,22217130000,3279941000.0,40761000.0,3320702000.0,2783907000.0,5123662000.0,8444364000,2419696000.0,,10945928000.0,13772766000.0,22217130000,429527000.0,101699000.0,9933000.0,463000.0,-170896000.0,39209000.0,31819000.0,100331000.0,573331000.0,-51630000.0,,-561632000.0,-632814000.0,-13113000.0,-269000.0,61200000.0,59092000.0,-2021000,2010-12-31,35.73919677734375,35.761940002441406,35.50416946411133,35.761940002441406,34.138137817382805,1433621.0
2011-03-31,3292198000.0,-1543348000.0,1748850000.0,-1178472000.0,-963242000.0,-215230000.0,,570378000.0,-13849000.0,-28324000.0,556529000,,556529000,-139754000.0,416775000,12583000.0,429358000,429358000,1593559000.0,2210224000.0,1284932000.0,6131892000.0,1177703000.0,,15725286000.0,16902989000.0,23034881000,3264933000.0,58922000.0,3323855000.0,2668039000.0,4987337000.0,8311192000,2690299000.0,,11362018000.0,14723689000.0,23034881000,416775000.0,104123000.0,8301000.0,-94920000.0,53755000.0,-39484000.0,35499000.0,-144690000.0,436483000.0,-43896000.0,,-517420000.0,-564955000.0,-13268000.0,15250000.0,50480000.0,52462000.0,-39421000,2011-03-31,39.27975845336914,39.56027221679688,39.11296463012695,39.347991943359375,37.57601547241211,3142649.0
2011-06-30,3635871000.0,-1718319000.0,1917552000.0,-1322055000.0,-1088385000.0,-233670000.0,,595497000.0,-14672000.0,-29132000.0,580825000,,580825000,-141275000.0,439550000,209214000.0,648764000,648764000,551583000.0,3099418000.0,2065049000.0,6554800000.0,2226119000.0,,22732457000.0,24958576000.0,31513376000,4233364000.0,47932000.0,4281296000.0,6524931000.0,10676561000.0,14957857000,3754580000.0,,11997077000.0,16555519000.0,31513376000,439550000.0,119487000.0,21079000.0,213267000.0,-74424000.0,11816000.0,8254000.0,267621000.0,662649000.0,-61205000.0,,-5538859000.0,-4917404000.0,-13705000.0,2230640000.0,999842000.0,3216777000.0,-1041977000,2011-06-30,39.72706604003906,40.5761947631836,39.68915939331055,40.17437362670898,38.379661560058594,5102815.0
2011-09-30,4445787000.0,-2262706000.0,2183081000.0,-1555917000.0,-1268411000.0,-287506000.0,,627164000.0,-25979000.0,-41970000.0,601185000,-32887000.0,568298000,-52890000.0,515408000,8020000.0,523428000,523428000,484368000.0,3007192000.0,1970896000.0,6314538000.0,2151052000.0,,22152834000.0,24303886000.0,30618424000,4041411000.0,82284000.0,4123695000.0,5813406000.0,9932578000.0,14056273000,3808332000.0,,12503349000.0,16562151000.0,30618424000,515408000.0,207692000.0,18177000.0,-53096000.0,21220000.0,41260000.0,-16270000.0,-99306000.0,699942000.0,-109721000.0,,-30808000.0,-121387000.0,-17156000.0,-638628000.0,9950000.0,-645834000.0,-67214000,2011-09-30,32.373008728027344,32.78240966796875,31.796815872192386,31.796815872192386,30.393524169921875,6517311.0
2011-12-31,4716644000.0,-2389527000.0,2327117000.0,-1569756000.0,-1287662000.0,-282094000.0,,757361000.0,-15200000.0,-37074000.0,742161000,-13000.0,742148000,-178581000.0,563567000,7183000.0,570750000,570750000,537000000.0,3049900000.0,1781400000.0,6272400000.0,2101000000.0,,21576100000.0,23677100000.0,29949500000,4073600000.0,98400000.0,4172000000.0,5206800000.0,8805700000.0,12977700000,3884800000.0,,13056900000.0,16971800000.0,29949500000,563567000.0,203698000.0,29643000.0,19349000.0,-135851000.0,148408000.0,9117000.0,-2325000.0,827226000.0,-119678000.0,0.0,-123713000.0,-243554000.0,-17171000.0,-569862000.0,52228000.0,-534805000.0,52612000,2011-12-30,35.868080139160156,35.96664047241211,35.633056640625,35.66337966918945,34.107349395751946,2181626.0
2012-03-31,4316200000.0,-2080700000.0,2235500000.0,-1515000000.0,-1244900000.0,-270100000.0,,720500000.0,-24300000.0,-38700000.0,696200000,0.0,696200000,-176200000.0,520000000,92900000.0,612900000,612900000,1043283000.0,2996457000.0,1889079000.0,6543223000.0,2104811000.0,,21772925000.0,23877736000.0,30420959000,3849458000.0,63108000.0,3912566000.0,4862716000.0,8617191000.0,12529757000,4023400000.0,,13652469000.0,17891202000.0,30420959000,520000000.0,202300000.0,14400000.0,-85300000.0,97700000.0,-76100000.0,23500000.0,-130400000.0,645300000.0,-117800000.0,,-55700000.0,166700000.0,-17300000.0,-364300000.0,71000000.0,-310600000.0,506300000,2012-03-30,41.95602798461914,42.49431228637695,41.81956100463867,42.45640563964844,40.62233352661133,4804194.0
2012-06-30,4553500000.0,-2198000000.0,2355500000.0,-1562200000.0,-1278600000.0,-283600000.0,,793300000.0,-19200000.0,-37200000.0,774100000,0.0,774100000,-173900000.0,600200000,0.0,600200000,600200000,1118240000.0,3094250000.0,1855811000.0,6610495000.0,2065451000.0,,22494637000.0,24560088000.0,31170583000,3974294000.0,55407000.0,4029701000.0,4847620000.0,8773158000.0,12802859000,4141663000.0,,14235198000.0,18367724000.0,31170583000,600200000.0,207500000.0,10600000.0,226200000.0,-104400000.0,49500000.0,47900000.0,233200000.0,1008800000.0,-110700000.0,,-889400000.0,-988700000.0,-17400000.0,52100000.0,33300000.0,68000000.0,74900000,2012-06-29,38.55951690673828,39.484458923339844,38.52919006347656,39.484458923339844,37.797550201416016,4726768.0
2012-09-30,4415500000.0,-2137500000.0,2278000000.0,-1540700000.0,-1251200000.0,-289500000.0,,737300000.0,-20200000.0,-38700000.0,717100000,0.0,717100000,-168400000.0,548700000,0.0,548700000,548700000,1541335000.0,2984728000.0,1882370000.0,6908000000.0,2062952000.0,,22614468000.0,24677420000.0,31585420000,3879626000.0,55063000.0,3934689000.0,4659158000.0,8697965000.0,12632654000,3969585000.0,,14766627000.0,18952766000.0,31585420000,548700000.0,210600000.0,22900000.0,193200000.0,141200000.0,-26900000.0,-32900000.0,111800000.0,961200000.0,-104900000.0,,-27700000.0,-123500000.0,-17300000.0,-186200000.0,-219600000.0,-423100000.0,423100000,2012-09-28,41.81956100463867,41.9787712097168,41.43290328979492,41.81197738647461,40.04399108886719,5589131.0
2012-12-31,4975200000.0,-2429900000.0,2545300000.0,-1701200000.0,-1406500000.0,-294700000.0,,844100000.0,-20700000.0,-39700000.0,823400000,0.0,823400000,-193000000.0,630400000,0.0,630400000,630400000,1678700000.0,3267300000.0,1813400000.0,7587800000.0,2140900000.0,,23212300000.0,25353200000.0,32941000000,4150600000.0,55500000.0,4206100000.0,5287600000.0,9651000000.0,13857100000,3695800000.0,,15379900000.0,19083900000.0,32941000000,630400000.0,219400000.0,36600000.0,-55600000.0,-214200000.0,123300000.0,18500000.0,16800000.0,799700000.0,-124900000.0,0.0,-824000000.0,-942100000.0,-34400000.0,632800000.0,-321100000.0,277300000.0,137400000,2012-12-31,41.56937026977539,42.41849899291992,41.37225341796875,42.380592346191406,40.6075325012207,3194090.0
2013-03-31,4444700000.0,-2119000000.0,2325700000.0,-1594800000.0,-1298400000.0,-296400000.0,,730900000.0,-38300000.0,-38300000.0,692600000,229800000.0,922400000,-230500000.0,691900000,,691900000,691900000,2150700000.0,3118300000.0,1866500000.0,7910000000.0,2109900000.0,,22449400000.0,24559300000.0,32469300000,3859500000.0,67000000.0,3926500000.0,4404300000.0,8793600000.0,12720100000,3894600000.0,,16054500000.0,19749200000.0,32469300000,691900000.0,216800000.0,-135400000.0,-136800000.0,105900000.0,-89400000.0,10100000.0,-163400000.0,636500000.0,-116300000.0,,-12100000.0,-137300000.0,0.0,-764800000.0,54300000.0,-18500000.0,472000000,2013-03-28,46.88400268554688,47.17968368530274,46.69446563720703,47.1190299987793,45.166221618652344,3358834.0
2013-06-30,4737500000.0,-2242000000.0,2495500000.0,-1651900000.0,-1339700000.0,-312200000.0,,843600000.0,-37800000.0,-37800000.0,805800000,,805800000,-189000000.0,616800000,,616800000,616800000,2324900000.0,3281400000.0,1911000000.0,8231000000.0,2148900000.0,,22729100000.0,24878000000.0,33109000000,4078600000.0,53900000.0,4132500000.0,4100900000.0,8611900000.0,12744400000,4020800000.0,,16653900000.0,20364600000.0,33109000000,616800000.0,219600000.0,28300000.0,34500000.0,-134800000.0,-23100000.0,71900000.0,120500000.0,899200000.0,-136200000.0,692000000.0,-310500000.0,248300000.0,-17300000.0,-313600000.0,55700000.0,-967200000.0,174200000,2013-06-28,48.08946228027344,48.309326171875,47.78620147705078,47.99090194702149,46.020423889160156,5570797.0
2013-09-30,4669100000.0,-2244400000.0,2424700000.0,-1612300000.0,-1303200000.0,-309100000.0,,812400000.0,-33600000.0,-33600000.0,778800000,,778800000,-181800000.0,597000000,,597000000,597000000,1995600000.0,3372700000.0,1965700000.0,8023700000.0,2179200000.0,,23518300000.0,25697500000.0,33721200000,4222900000.0,56500000.0,4279400000.0,3445500000.0,8071000000.0,12350400000,4096300000.0,,17233500000.0,21370800000.0,33721200000,597000000.0,225300000.0,29600000.0,119500000.0,23500000.0,-6500000.0,17700000.0,84800000.0,971400000.0,-139300000.0,0.0,-546000000.0,-683000000.0,-17400000.0,-656500000.0,38700000.0,-635200000.0,-329300000,2013-09-30,52.56254577636719,52.91129684448242,52.3881721496582,52.55496597290039,50.41537475585938,3525555.0
2013-12-31,4431800000.0,-2335700000.0,2096100000.0,-1362500000.0,-1175800000.0,-186700000.0,,733600000.0,405500000.0,-25800000.0,1139100000,-229800000.0,909300000,-224400000.0,684900000,104400000.0,789300000,789300000,3115200000.0,3451600000.0,1783500000.0,9113700000.0,2211300000.0,,23347200000.0,25558500000.0,34672200000,4465100000.0,62300000.0,4527400000.0,3436700000.0,7693400000.0,12220800000,4165500000.0,,18005300000.0,22451400000.0,34672200000,684900000.0,188900000.0,-177600000.0,264100000.0,-29800000.0,162500000.0,75600000.0,55800000.0,1078200000.0,-146300000.0,266600000.0,-13900000.0,19500000.0,-17400000.0,3800000.0,28700000.0,15100000.0,1119600000,2013-12-31,58.46095657348633,58.62774658203125,58.26383590698242,58.52919006347656,56.1646728515625,1390358.0
2014-03-31,4662700000.0,-2209800000.0,2452900000.0,-1664000000.0,-1350600000.0,-313400000.0,,788900000.0,-27600000.0,-27600000.0,761300000,,761300000,-181600000.0,579700000,,579700000,579700000,3346500000.0,3467600000.0,1871300000.0,9404300000.0,2182600000.0,,23455700000.0,25638300000.0,35042600000,4240300000.0,64100000.0,4304400000.0,3422900000.0,7709400000.0,12013800000,4228000000.0,,18515100000.0,23028800000.0,35042600000,579700000.0,224700000.0,29000000.0,-322200000.0,-5900000.0,-67000000.0,-96800000.0,-152500000.0,511200000.0,-130900000.0,0.0,-162800000.0,-284700000.0,-17400000.0,2100000.0,30000000.0,14700000.0,231300000,2014-03-31,56.50492858886719,56.86125946044922,56.26990127563477,56.86125946044922,54.63751220703125,2807096.0
2014-06-30,4963600000.0,-2343400000.0,2620200000.0,-1730900000.0,-1394500000.0,-336400000.0,,889300000.0,-10300000.0,-29500000.0,879000000,,879000000,-202600000.0,676400000,,676400000,676400000,3321100000.0,3631800000.0,1894200000.0,9507300000.0,2232100000.0,,23912700000.0,26144800000.0,35652100000,4357700000.0,49000000.0,4406700000.0,3020000000.0,7456500000.0,11863200000,4293300000.0,,19121400000.0,23788900000.0,35652100000,676400000.0,235400000.0,6800000.0,73100000.0,-152800000.0,8200000.0,45800000.0,171900000.0,991700000.0,-147700000.0,25000000.0,-443900000.0,-564400000.0,-70000000.0,-419100000.0,30900000.0,-458200000.0,-25400000,2014-06-30,60.12888717651367,60.14405059814453,59.56027221679688,59.68915939331055,57.42728805541992,4072940.0
2014-09-30,4707100000.0,-2254800000.0,2452300000.0,-1586100000.0,-1298000000.0,-288100000.0,,866200000.0,12200000.0,-26000000.0,878400000,,878400000,-197100000.0,681300000,-700000.0,680600000,680600000,4025300000.0,3498100000.0,1874000000.0,9989500000.0,2161600000.0,,23384800000.0,25546400000.0,35535900000,4399700000.0,71400000.0,4471100000.0,2964700000.0,7254700000.0,11725800000,4388800000.0,,19731700000.0,23810100000.0,35535900000,637500000.0,204400000.0,-10200000.0,116200000.0,52200000.0,-30300000.0,-11800000.0,106100000.0,1016100000.0,-130700000.0,12400000.0,-25700000.0,-149100000.0,-70000000.0,800000.0,14100000.0,-55100000.0,704200000,2014-09-30,57.41470718383789,58.49127960205078,57.346473693847656,57.60424423217773,55.49306106567383,6947569.0
2014-12-31,-1466500000.0,790600000.0,-675900000.0,176500000.0,8000000.0,168500000.0,,-499400000.0,66900000.0,1700000.0,-432500000,0.0,-432500000,133800000.0,-298700000,960400000.0,661700000,661700000,3005600000.0,3445800000.0,1782800000.0,9431300000.0,2171900000.0,,25388500000.0,27560400000.0,36991700000,5016500000.0,71900000.0,5396400000.0,3401500000.0,8145500000.0,13541900000,4488800000.0,,20323000000.0,23449800000.0,36991700000,-254900000.0,53600000.0,-63500000.0,485200000.0,63800000.0,157900000.0,142500000.0,121000000.0,1239400000.0,-56100000.0,129700000.0,-2207000000.0,-2446100000.0,-70300000.0,313700000.0,57900000.0,280400000.0,-1019700000,2014-12-31,65.62547302246094,65.82259368896484,64.95830535888672,64.98104858398439,62.67147827148438,2734683.0
2015-03-31,4694700000.0,-2226500000.0,2468200000.0,-1713100000.0,-1413700000.0,-299400000.0,,755100000.0,-27000000.0,-27000000.0,728100000,,728100000,-170100000.0,558000000,11800000.0,569800000,569800000,2511000000.0,3446900000.0,1897200000.0,8774400000.0,2135900000.0,,25162000000.0,27297900000.0,36072300000,4829000000.0,123700000.0,4952700000.0,3053800000.0,7728900000.0,12681600000,4631600000.0,,20797300000.0,23390700000.0,36072300000,558000000.0,235500000.0,30300000.0,-294200000.0,104200000.0,-111100000.0,-84800000.0,-202500000.0,523600000.0,-117000000.0,-87100000.0,-482600000.0,-690700000.0,-70400000.0,-248700000.0,61600000.0,-260800000.0,-494600000,2015-03-31,64.73844146728516,64.82941436767578,64.32904052734375,64.366943359375,62.17689895629883,3315307.0
2015-06-30,4960200000.0,-2316200000.0,2644000000.0,-1709600000.0,-1405000000.0,-304600000.0,,934400000.0,-26700000.0,-26700000.0,907700000,,907700000,-192200000.0,715500000,-19800000.0,695700000,695700000,3342000000.0,3565200000.0,1912200000.0,9654500000.0,2161300000.0,,25171000000.0,27332300000.0,36986800000,4945500000.0,110100000.0,5055600000.0,3052700000.0,7759200000.0,12814800000,4736100000.0,,21397200000.0,24172000000.0,36986800000,715500000.0,237000000.0,28200000.0,120600000.0,-102900000.0,8500000.0,10000000.0,205000000.0,1094000000.0,-136200000.0,0.0,-110200000.0,-246900000.0,-95500000.0,-13000000.0,69900000.0,-38600000.0,831000000,2015-06-30,64.6474609375,65.10993194580078,64.48066711425781,64.89006805419922,62.78107833862305,7411065.0
2015-09-30,3512200000.0,-1618800000.0,1893400000.0,-1413400000.0,-1201200000.0,-212200000.0,,480000000.0,-26100000.0,-38500000.0,453900000,0.0,453900000,-74000000.0,379900000,1023400000.0,1403300000,1403300000,1833500000.0,3906100000.0,2340600000.0,8931800000.0,2791600000.0,,37984500000.0,40776100000.0,49707900000,5093900000.0,3489300000.0,8625600000.0,11522700000.0,17898500000.0,26524100000,4895300000.0,,20416400000.0,23183800000.0,49707900000,-47800000.0,136300000.0,6000000.0,163100000.0,83800000.0,61800000.0,-67400000.0,84900000.0,952600000.0,-98400000.0,43000000.0,-13614300000.0,-13753000000.0,-95700000.0,11358400000.0,66600000.0,11329300000.0,-1508500000,2015-09-30,63.76800537109375,64.66262054443361,63.55572509765625,64.60197448730469,62.60393905639648,7109410.0
2015-12-31,1266600000.0,-501100000.0,765500000.0,-772800000.0,-727600000.0,-45200000.0,,-7300000.0,-43000000.0,-43000000.0,-50300000,0.0,-50300000,143600000.0,93300000,595300000.0,688600000,688600000,790800000.0,2985100000.0,1573100000.0,7836700000.0,2302700000.0,,38082800000.0,40385500000.0,48222200000,4001300000.0,845200000.0,6170400000.0,12025200000.0,18287800000.0,24458200000,4989200000.0,,21012300000.0,23764000000.0,48222200000,521000000.0,272000000.0,30500000.0,120200000.0,-84300000.0,187300000.0,192500000.0,-175300000.0,1231600000.0,-100900000.0,0.0,-40700000.0,-260400000.0,-92500000.0,-1938100000.0,50900000.0,-1979700000.0,-1042700000,2015-12-31,70.43972778320312,71.02350616455078,70.31084442138672,70.41698455810547,68.33712005615234,2294401.0
2016-03-31,3924100000.0,-1756800000.0,2167300000.0,-1554200000.0,-1328100000.0,-226100000.0,,613100000.0,170500000.0,-52900000.0,783600000,,783600000,-197800000.0,585800000,172600000.0,758400000,758400000,664300000.0,3871200000.0,2237700000.0,7747200000.0,2872500000.0,,37765900000.0,40638400000.0,48385600000,5124300000.0,197000000.0,5321300000.0,12194700000.0,18487200000.0,23808500000,5080600000.0,,21660600000.0,24577100000.0,48385600000,585800000.0,267700000.0,-193800000.0,-52600000.0,83500000.0,-85600000.0,-116000000.0,65500000.0,772800000.0,-122600000.0,264800000.0,-94700000.0,8300000.0,-92700000.0,-815100000.0,43900000.0,-890600000.0,-126500000,2016-03-31,72.14556121826172,72.17588806152344,71.75132751464844,71.91812133789062,69.91182708740234,2853261.0
2016-06-30,4241900000.0,-1860600000.0,2381300000.0,-1671200000.0,-1431300000.0,-239900000.0,,710100000.0,-55500000.0,-55500000.0,654600000,,654600000,-236600000.0,418000000,238700000.0,656700000,656700000,4097600000.0,3994800000.0,2240200000.0,11231000000.0,2784800000.0,,37487900000.0,40272700000.0,51503700000,5381400000.0,2644500000.0,8025900000.0,12007700000.0,18357500000.0,26383400000,5229500000.0,,22206800000.0,25120300000.0,51503700000,418000000.0,277600000.0,35300000.0,250500000.0,-145000000.0,-19300000.0,73300000.0,341500000.0,1281800000.0,-145700000.0,0.0,2000000.0,-174200000.0,-110100000.0,2373900000.0,100900000.0,2364700000.0,3433300000,2016-06-30,75.98180389404297,76.57315826416016,75.95147705078125,76.57315826416016,74.55827331542969,5762975.0
2016-09-30,4132100000.0,-1846100000.0,2286000000.0,-1586900000.0,-1345800000.0,-241100000.0,,699100000.0,-43600000.0,-43600000.0,655500000,-178800000.0,476700000,-74100000.0,402600000,-11000000.0,391600000,391600000,971400000.0,3081800000.0,1712200000.0,6493200000.0,2255100000.0,,32549200000.0,34804300000.0,41297500000,3954300000.0,809100000.0,4763400000.0,7503100000.0,13269700000.0,18033100000,5270800000.0,,20043100000.0,23264400000.0,41297500000,402600000.0,277200000.0,210200000.0,-40000000.0,-33300000.0,-33600000.0,4600000.0,22300000.0,818200000.0,-146600000.0,0.0,-6900000.0,-153600000.0,-110500000.0,-3006300000.0,11800000.0,-3778400000.0,-3126200000,2016-09-30,77.44999694824219,78.70999908447266,77.41999816894531,78.38999938964844,76.4504165649414,3411300.0
2016-12-31,4584300000.0,-2084300000.0,2500000000.0,-1787100000.0,-1519100000.0,-268000000.0,,712900000.0,-16500000.0,-32200000.0,696400000,0.0,696400000,50600000.0,747000000,0.0,747000000,747000000,963700000.0,3186100000.0,1709400000.0,6665100000.0,2354000000.0,,36276200000.0,38630200000.0,45295300000,4279200000.0,2594800000.0,6874000000.0,9674200000.0,15344500000.0,22218500000,5321000000.0,,20703500000.0,23076800000.0,45295300000,747000000.0,305600000.0,45500000.0,-449100000.0,-88300000.0,147900000.0,116200000.0,-624900000.0,649000000.0,-164900000.0,0.0,-4780500000.0,-4923500000.0,-86500000.0,4425900000.0,7900000.0,4347000000.0,-7700000,2016-12-30,78.55999755859375,78.55999755859375,77.66000366210938,77.83999633789062,76.03459930419922,2014500.0
2017-03-31,4205700000.0,-1871400000.0,2334300000.0,-1717300000.0,-1449900000.0,-267400000.0,,617000000.0,-31800000.0,-38700000.0,585200000,,585200000,-101400000.0,483800000,22300000.0,506100000,506100000,803900000.0,3034900000.0,1764900000.0,6318900000.0,2408700000.0,,36517500000.0,38926200000.0,45245100000,3782100000.0,2221000000.0,6003100000.0,9729300000.0,15450900000.0,21454000000,5378600000.0,,21112400000.0,23791100000.0,45245100000,483800000.0,305600000.0,33600000.0,-262800000.0,168300000.0,-56900000.0,-90900000.0,-283300000.0,560200000.0,-157900000.0,0.0,,-163700000.0,-86600000.0,-434900000.0,20500000.0,-590700000.0,-159800000,2017-03-31,85.20999908447266,85.81999969482422,85.20999908447266,85.52999877929688,83.68264770507812,2174400.0
2017-06-30,4510100000.0,-2027800000.0,2482300000.0,-1805600000.0,-1522300000.0,-283300000.0,,676700000.0,-31900000.0,-38900000.0,644800000,,644800000,-87500000.0,557300000,0.0,557300000,557300000,726400000.0,3214800000.0,1791700000.0,6256600000.0,2422800000.0,,36967400000.0,39390200000.0,45646800000,4033100000.0,169500000.0,4202600000.0,11422500000.0,16849000000.0,21051600000,5432200000.0,,21572300000.0,24595200000.0,45646800000,557300000.0,303200000.0,87100000.0,62900000.0,-96200000.0,11500000.0,-13200000.0,160800000.0,1010500000.0,-118600000.0,0.0,-93900000.0,-209200000.0,-97300000.0,-831000000.0,15300000.0,-925000000.0,-77500000,2017-06-30,84.27999877929688,84.68000030517578,84.08000183105469,84.38999938964844,82.70411682128906,2758900.0
2017-09-30,4528200000.0,-1991400000.0,2536800000.0,-1777600000.0,-1498400000.0,-279200000.0,,759200000.0,-29400000.0,-37700000.0,729800000,,729800000,-157700000.0,572100000,0.0,572100000,572100000,648600000.0,3254600000.0,1892300000.0,6260200000.0,2424900000.0,,37166200000.0,39591100000.0,45851300000,4205300000.0,182200000.0,4387500000.0,10726800000.0,16083200000.0,20470700000,5480100000.0,,22047100000.0,25380600000.0,45851300000,572100000.0,311400000.0,33400000.0,155500000.0,2500000.0,-52800000.0,55600000.0,150200000.0,1072400000.0,-137000000.0,0.0,-18100000.0,-155000000.0,-97100000.0,-931600000.0,13200000.0,-1028900000.0,-77800000,2017-09-29,85.08000183105469,85.9000015258789,85.0,85.77999877929688,84.20427703857422,2324400.0
2017-12-31,5085700000.0,-2246600000.0,2839100000.0,-1901600000.0,-1602700000.0,-298900000.0,,937500000.0,41500000.0,-39900000.0,979000000,0.0,979000000,-122400000.0,856600000,0.0,856600000,856600000,630300000.0,3521800000.0,1840800000.0,6850000000.0,2454600000.0,,37344000000.0,39798600000.0,46648600000,4597600000.0,194700000.0,4792300000.0,10327400000.0,15488500000.0,20280800000,5546300000.0,,22806100000.0,26367800000.0,46648600000,856600000.0,318100000.0,-31400000.0,-308600000.0,-236000000.0,70800000.0,-5900000.0,-137500000.0,834700000.0,-173500000.0,137900000.0,-273800000.0,-315500000.0,-97300000.0,-467300000.0,19800000.0,-553900000.0,-18300000,2017-12-29,93.91999816894531,94.02999877929688,92.8000030517578,92.81999969482422,91.25150299072266,1844800.0
2018-03-31,4695400000.0,-2051800000.0,2643600000.0,-1900600000.0,-1601900000.0,-298700000.0,,743000000.0,-29900000.0,-37700000.0,713100000,,713100000,-146500000.0,566600000,,566600000,566600000,1045700000.0,3270700000.0,1949100000.0,7075100000.0,2475900000.0,,37594200000.0,40070100000.0,47145200000,4344200000.0,98700000.0,4442900000.0,10410700000.0,15500500000.0,19943400000,5619200000.0,,23415400000.0,27201800000.0,47145200000,566600000.0,320800000.0,33300000.0,-91800000.0,219000000.0,-128900000.0,51400000.0,-233300000.0,828900000.0,-137500000.0,21900000.0,0.0,-122700000.0,-97500000.0,-236600000.0,23200000.0,-321700000.0,415400000,2018-03-29,96.88999938964844,98.52999877929688,96.66000366210938,97.91000366210938,96.41412353515624,2275800.0
2018-06-30,4981000000.0,-2163900000.0,2817100000.0,-1949600000.0,-1637900000.0,-311700000.0,,867500000.0,-32400000.0,-40700000.0,835100000,,835100000,-161300000.0,673800000,0.0,673800000,673800000,904000000.0,3296600000.0,1980500000.0,6913100000.0,2492900000.0,,38649800000.0,41142700000.0,48055800000,4430300000.0,175100000.0,4605400000.0,11145600000.0,16226000000.0,20831400000,5714300000.0,,23977200000.0,27224400000.0,48055800000,673800000.0,334600000.0,40100000.0,-12500000.0,-59400000.0,-68200000.0,35600000.0,79500000.0,1036000000.0,-152800000.0,200000.0,-2067800000.0,-2242600000.0,-111800000.0,1262800000.0,26500000.0,1172100000.0,-141700000,2018-06-29,98.83000183105469,99.6500015258789,98.63999938964844,98.68000030517578,97.3310089111328,2352000.0
2018-09-30,4853100000.0,-2162600000.0,2690500000.0,-1859800000.0,-1558600000.0,-301200000.0,,830700000.0,-29400000.0,-38500000.0,801300000,,801300000,-137600000.0,663700000,0.0,663700000,663700000,776200000.0,3323100000.0,2029400000.0,6830500000.0,2462300000.0,,38426700000.0,40889000000.0,47719500000,4405500000.0,59800000.0,4465300000.0,10558000000.0,15569000000.0,20034300000,5780400000.0,,24528700000.0,27685200000.0,47719500000,663700000.0,321500000.0,38200000.0,-103900000.0,-31000000.0,-58300000.0,-15500000.0,900000.0,919500000.0,-149400000.0,0.0,-105500000.0,-286700000.0,-111900000.0,-648000000.0,27600000.0,-732700000.0,-127800000,2018-09-28,108.18000030517578,108.83999633789062,108.08999633789062,108.66000366210938,107.3322982788086,1952500.0
2018-12-31,2519500000.0,-1165700000.0,1353800000.0,-740000000.0,-592600000.0,-147400000.0,,613800000.0,-1300000.0,-11100000.0,612500000,,612500000,-110600000.0,501900000,245000000.0,746900000,746900000,787800000.0,3489600000.0,1910100000.0,7093800000.0,2511200000.0,,38227500000.0,40738700000.0,47832500000,4789700000.0,51800000.0,4841500000.0,9688500000.0,14764300000.0,19605800000,5842500000.0,,25163000000.0,28226700000.0,47832500000,501900000.0,201100000.0,-225600000.0,382200000.0,-183600000.0,121400000.0,157500000.0,286900000.0,1237600000.0,-138300000.0,-146100000.0,300000.0,-297000000.0,-111800000.0,-820200000.0,18700000.0,-914700000.0,12100000,2018-12-31,102.1500015258789,103.63999938964844,102.1500015258789,103.12000274658205,102.02328491210938,1980300.0
2019-03-31,4879900000.0,-2161900000.0,2718000000.0,-1994200000.0,-1683400000.0,-310800000.0,,723800000.0,-2400000.0,-7600000.0,721400000,,721400000,-387600000.0,333800000,,333800000,327300000,3910000000.0,3409200000.0,2027900000.0,10080400000.0,2504300000.0,,39189700000.0,41694000000.0,51774400000,4596200000.0,36600000.0,4632800000.0,9458200000.0,15572900000.0,20205700000,7384600000.0,,25368500000.0,31568700000.0,51774400000,333800000.0,328400000.0,39200000.0,1900000.0,73800000.0,-132300000.0,-32300000.0,92700000.0,703300000.0,-154900000.0,-43200000.0,-308200000.0,-498500000.0,-112200000.0,-86100000.0,3080100000.0,2877800000.0,3122200000,2019-03-29,130.44000244140622,132.16999816894528,130.07000732421878,132.02000427246094,130.78732299804688,3211100.0
2019-06-30,5156600000.0,-2279200000.0,2877400000.0,-1993600000.0,-1671800000.0,-321800000.0,,883800000.0,11900000.0,5600000.0,895700000,,895700000,-164400000.0,731300000,,731300000,708600000,5433600000.0,3481600000.0,2055900000.0,11603700000.0,2541600000.0,,39176700000.0,41718300000.0,53322000000,4854300000.0,153700000.0,5008000000.0,10144400000.0,16100800000.0,21108800000,7490900000.0,,25955000000.0,32213200000.0,53322000000,731300000.0,330800000.0,46200000.0,63200000.0,-66400000.0,-39200000.0,-14700000.0,183500000.0,1171500000.0,-169500000.0,-49100000.0,-18400000.0,-228900000.0,-121700000.0,681800000.0,45700000.0,605000000.0,1523600000,2019-06-28,141.97999572753906,143.11000061035156,140.72999572753906,142.9199981689453,141.75653076171875,3777800.0
2019-09-30,4378000000.0,-1936600000.0,2441400000.0,-1665100000.0,-1382500000.0,-282600000.0,,776300000.0,10300000.0,6100000.0,786600000,,786600000,-155900000.0,630700000,37300000.0,668000000,648400000,14252100000.0,3467100000.0,2023700000.0,20353700000.0,2519600000.0,,38657800000.0,41177400000.0,61531100000,4865400000.0,1068600000.0,5934000000.0,16536200000.0,22401500000.0,28335500000,7509800000.0,,26481200000.0,33195600000.0,61531100000,574300000.0,230600000.0,32100000.0,-50100000.0,-29700000.0,6600000.0,-1600000.0,-25400000.0,965600000.0,-119600000.0,-71100000.0,-4500000.0,-244600000.0,-151100000.0,8248000000.0,32000000.0,8127700000.0,8818500000,2019-09-30,142.22999572753906,145.14999389648438,141.8300018310547,144.42999267578125,143.42361450195312,2181100.0
2019-12-31,3496500000.0,-1549300000.0,1947200000.0,-1062100000.0,-851300000.0,-210800000.0,,885100000.0,23200000.0,26900000.0,908300000,-7000000.0,901300000,-165100000.0,736200000,538700000.0,1274900000,1255700000,19912000000.0,3191000000.0,1628000000.0,25596000000.0,2302000000.0,,34184000000.0,36486000000.0,62082000000,4720000000.0,212000000.0,4932000000.0,21517000000.0,26868000000.0,31800000000,7573000000.0,,24166000000.0,30282000000.0,62082000000,792600000.0,299200000.0,-373500000.0,277000000.0,-134700000.0,142900000.0,66600000.0,202200000.0,1111600000.0,-179000000.0,-77600000.0,100000.0,-266000000.0,-142000000.0,5149300000.0,-1584800000.0,4754500000.0,5659700000,2019-12-31,152.72000122070312,153.5800018310547,152.25,153.47999572753906,152.5797119140625,2194300.0
2020-03-31,4343000000.0,-1900000000.0,2443000000.0,-1745000000.0,-1458000000.0,-287000000.0,,698000000.0,13000000.0,15000000.0,711000000,,711000000,-116000000.0,595000000,,595000000,576000000,4367700000.0,3433300000.0,2575000000.0,11142600000.0,2988500000.0,,54799200000.0,57787700000.0,68930300000,5231300000.0,3234300000.0,8465600000.0,22737200000.0,29398300000.0,37863900000,7638200000.0,,24608600000.0,31066400000.0,68930300000,595000000.0,297000000.0,52000000.0,-118000000.0,182000000.0,-175000000.0,10000000.0,-135000000.0,819000000.0,-132000000.0,-37000000.0,-20735000000.0,-20868000000.0,-138000000.0,4762000000.0,10000000.0,4634000000.0,-15544000000,2020-03-31,140.75999450683594,140.88999938964844,137.17999267578122,138.41000366210938,137.78990173339844,5470400.0
2020-06-30,5297000000.0,-2445000000.0,2852000000.0,-2008000000.0,-1685000000.0,-323000000.0,,844000000.0,377000000.0,-77000000.0,1221000000,,1221000000,-294000000.0,927000000,,927000000,892000000,5539300000.0,3378400000.0,2592900000.0,12343800000.0,2972900000.0,,55951700000.0,58924600000.0,71268400000,5582700000.0,17200000.0,5599900000.0,22370000000.0,29395600000.0,34995500000,9483600000.0,,25373500000.0,36272900000.0,71268400000,927000000.0,478000000.0,-218000000.0,258000000.0,92000000.0,-92000000.0,-170000000.0,428000000.0,1445000000.0,655000000.0,-91000000.0,-1000000.0,539000000.0,-145000000.0,-4198000000.0,3456000000.0,-889000000.0,1171000000,2020-06-30,172.0,177.41000366210938,171.39999389648438,176.8300018310547,176.2227783203125,2434700.0
