Report Date,Revenue,Cost of Revenue,Gross Profit,Operating Expenses,"Selling, General & Administrative",Research & Development,Depreciation & Amortization,Operating Income (Loss),Non-Operating Income (Loss),"Interest Expense, Net","Pretax Income (Loss), Adj.",Abnormal Gains (Losses),Pretax Income (Loss),"Income Tax (Expense) Benefit, Net",Income (Loss) from Continuing Operations,Net Extraordinary Gains (Losses),Net Income,Net Income (Common),"Cash, Cash Equivalents & Short Term Investments",Accounts & Notes Receivable,Inventories,Total Current Assets,"Property, Plant & Equipment, Net",Long Term Investments & Receivables,Other Long Term Assets,Total Noncurrent Assets,Total Assets,Payables & Accruals,Short Term Debt,Total Current Liabilities,Long Term Debt,Total Noncurrent Liabilities,Total Liabilities,Share Capital & Additional Paid-In Capital,Treasury Stock,Retained Earnings,Total Equity,Total Liabilities & Equity,Net Income/Starting Line,Depreciation & Amortization,Non-Cash Items,Change in Working Capital,Change in Accounts Receivable,Change in Inventories,Change in Accounts Payable,Change in Other,Net Cash from Operating Activities,Change in Fixed Assets & Intangibles,Net Change in Long Term Investment,Net Cash from Acquisitions & Divestitures,Net Cash from Investing Activities,Dividends Paid,Cash from (Repayment of) Debt,Cash from (Repurchase of) Equity,Net Cash from Financing Activities,Net Change in Cash,Price Date,Open,High,Low,Close,Adj Close,Volume
2015-03-31,12461000000.0,-6690000000.0,5771000000.0,-2665000000.0,-2081000000.0,,-584000000.0,3106000000.0,214000000.0,8000000.0,3320000000,0.0,3320000000,-1092000000.0,2228000000,,2108000000,2108000000,3745000000.0,8161000000.0,1432000000.0,15646000000.0,23762000000.0,2575000000.0,43732000000.0,70069000000.0,85715000000,6823000000.0,2771000000.0,13410000000.0,12186000000.0,22568000000.0,35978000000,34720000000.0,-42897000000.0,56058000000.0,49737000000.0,85715000000,2228000000.0,584000000.0,-85000000.0,191000000.0,,,,,2918000000.0,-907000000.0,,81000000.0,-836000000.0,-1948000000.0,-1600000000.0,-315000000.0,-3242000000.0,-1332000000,2015-03-31,105.5999984741211,106.31999969482422,104.88999938964844,104.88999938964844,97.7588882446289,5701600.0
2015-06-30,13101000000.0,-6663000000.0,6438000000.0,-2676000000.0,-2101000000.0,,-575000000.0,3762000000.0,200000000.0,-12000000.0,3962000000,0.0,3962000000,-1323000000.0,2639000000,,2483000000,2483000000,4475000000.0,8012000000.0,1513000000.0,16512000000.0,24436000000.0,2694000000.0,43725000000.0,70855000000.0,87367000000,7794000000.0,3119000000.0,14826000000.0,12154000000.0,22034000000.0,36860000000,34930000000.0,-43932000000.0,57425000000.0,50507000000.0,87367000000,2639000000.0,575000000.0,-275000000.0,-131000000.0,,,,,2808000000.0,-1156000000.0,,62000000.0,-1228000000.0,0.0,409000000.0,-978000000.0,-896000000.0,730000000,2015-06-30,113.93000030517578,114.86000061035156,113.5500030517578,114.13999938964844,106.38001251220705,6946700.0
2015-09-30,13512000000.0,-7355000000.0,6157000000.0,-3009000000.0,-2406000000.0,,-603000000.0,3148000000.0,129000000.0,-55000000.0,3277000000,-53000000.0,3224000000,-1483000000.0,1741000000,,1609000000,1609000000,4269000000.0,8019000000.0,1571000000.0,16758000000.0,25179000000.0,2643000000.0,43602000000.0,71424000000.0,88182000000,7844000000.0,4563000000.0,16334000000.0,12773000000.0,23193000000.0,39527000000,35122000000.0,-47204000000.0,59028000000.0,48655000000.0,88182000000,1741000000.0,603000000.0,593000000.0,867000000.0,,,,,3804000000.0,-1204000000.0,,-143000000.0,-1190000000.0,-1115000000.0,2178000000.0,-3235000000.0,-2560000000.0,-17000000,2015-09-30,100.77999877929688,102.43000030517578,100.5,102.1999969482422,95.80575561523438,9190000.0
2015-12-31,15244000000.0,-8623000000.0,6621000000.0,-2632000000.0,-2025000000.0,,-607000000.0,3989000000.0,450000000.0,-24000000.0,4439000000,-81000000.0,4358000000,-1448000000.0,2910000000,,2880000000,2880000000,4301000000.0,10298000000.0,1434000000.0,17768000000.0,25487000000.0,3268000000.0,43598000000.0,72353000000.0,90121000000,9320000000.0,5950000000.0,18796000000.0,12965000000.0,23127000000.0,41923000000,35249000000.0,-49556000000.0,60734000000.0,48198000000.0,90121000000,2910000000.0,607000000.0,600000000.0,-1661000000.0,,,,,2456000000.0,-1406000000.0,,-400000000.0,-1798000000.0,,1725000000.0,-2300000000.0,-562000000.0,32000000,2015-12-31,106.13999938964844,106.30999755859376,105.05999755859376,105.08000183105469,99.1370086669922,6670100.0
2016-03-31,12969000000.0,-6864000000.0,6105000000.0,-2742000000.0,-2137000000.0,,-605000000.0,3363000000.0,83000000.0,-67000000.0,3446000000,0.0,3446000000,-1170000000.0,2276000000,,2143000000,2143000000,5015000000.0,8874000000.0,1352000000.0,16999000000.0,26421000000.0,3247000000.0,43597000000.0,73265000000.0,90264000000,7252000000.0,5755000000.0,17073000000.0,15367000000.0,25181000000.0,42254000000,35448000000.0,-51595000000.0,62870000000.0,48010000000.0,90264000000,2276000000.0,605000000.0,481000000.0,167000000.0,,,,,3529000000.0,-1150000000.0,,0.0,-1240000000.0,-1168000000.0,2124000000.0,-1931000000.0,-1642000000.0,714000000,2016-03-31,99.01000213623048,100.37000274658205,99.01000213623048,99.30999755859376,93.69335174560548,7038800.0
2016-06-30,14277000000.0,-7201000000.0,7076000000.0,-2931000000.0,-2305000000.0,,-626000000.0,4145000000.0,82000000.0,-70000000.0,4227000000,-44000000.0,4183000000,-1471000000.0,2712000000,,2597000000,2597000000,5227000000.0,8958000000.0,1354000000.0,17617000000.0,26865000000.0,3228000000.0,43204000000.0,73297000000.0,90914000000,8719000000.0,5312000000.0,18072000000.0,15129000000.0,24696000000.0,42768000000,35683000000.0,-53112000000.0,64321000000.0,48146000000.0,90914000000,2712000000.0,626000000.0,532000000.0,-240000000.0,,,,,3630000000.0,-1135000000.0,,0.0,-1188000000.0,0.0,-691000000.0,-1461000000.0,-2116000000.0,212000000,2016-06-30,97.0999984741211,98.06999969482422,96.87999725341795,97.81999969482422,92.28761291503906,7189500.0
2016-09-30,13142000000.0,-7305000000.0,5837000000.0,-2976000000.0,-2287000000.0,,-689000000.0,2861000000.0,51000000.0,-99000000.0,2912000000,-31000000.0,2881000000,-989000000.0,1892000000,,1771000000,1771000000,4610000000.0,9065000000.0,1390000000.0,16966000000.0,27349000000.0,4280000000.0,43438000000.0,75067000000.0,92033000000,9130000000.0,3687000000.0,16842000000.0,16483000000.0,27868000000.0,44710000000,35859000000.0,-54703000000.0,66088000000.0,47323000000.0,92033000000,1892000000.0,689000000.0,515000000.0,425000000.0,,,,,3521000000.0,-1082000000.0,,-450000000.0,-1532000000.0,-1145000000.0,-218000000.0,-1548000000.0,-2900000000.0,-923000000,2016-09-30,92.27999877929688,93.48999786376952,92.20999908447266,92.86000061035156,88.24453735351562,8923700.0
2016-12-31,14784000000.0,-8406000000.0,6378000000.0,-2672000000.0,-1985000000.0,,-687000000.0,3706000000.0,19000000.0,-99000000.0,3725000000,0.0,3725000000,-1237000000.0,2488000000,,2479000000,2479000000,3736000000.0,9878000000.0,1299000000.0,16665000000.0,27054000000.0,4220000000.0,43637000000.0,74911000000.0,91576000000,9979000000.0,5698000000.0,19317000000.0,14792000000.0,25082000000.0,44399000000,35906000000.0,-56168000000.0,67327000000.0,47177000000.0,91576000000,2488000000.0,687000000.0,293000000.0,-2023000000.0,,,,,1445000000.0,-1040000000.0,,,-1035000000.0,,580000000.0,-1400000000.0,-987000000.0,-689000000,2016-12-30,104.56999969482422,105.0,103.95999908447266,104.22000122070312,99.80319213867188,6983300.0
2017-03-31,13336000000.0,-6969000000.0,6367000000.0,-2617000000.0,-1941000000.0,,-676000000.0,3750000000.0,1000000.0,-84000000.0,3751000000,0.0,3751000000,-1212000000.0,2539000000,,2388000000,2388000000,3800000000.0,9293000000.0,1304000000.0,16270000000.0,27399000000.0,4155000000.0,43983000000.0,75537000000.0,91807000000,8077000000.0,4865000000.0,17365000000.0,16788000000.0,27175000000.0,44540000000,36100000000.0,-58144000000.0,69708000000.0,47267000000.0,91807000000,2539000000.0,676000000.0,477000000.0,-464000000.0,,,,,3228000000.0,-883000000.0,,-557000000.0,-1355000000.0,-1237000000.0,1154000000.0,-1914000000.0,-2062000000.0,-146000000,2017-03-31,113.0,113.70999908447266,112.9499969482422,113.38999938964844,108.58456420898438,4617400.0
2017-06-30,14238000000.0,-7717000000.0,6521000000.0,-2733000000.0,-2022000000.0,,-711000000.0,3788000000.0,-170000000.0,-117000000.0,3618000000,0.0,3618000000,-1144000000.0,2474000000,,2366000000,2366000000,4336000000.0,9636000000.0,1300000000.0,17151000000.0,27733000000.0,4141000000.0,43727000000.0,75601000000.0,92752000000,9374000000.0,3338000000.0,17094000000.0,18849000000.0,29607000000.0,46701000000,36119000000.0,-60587000000.0,70863000000.0,46051000000.0,92752000000,2474000000.0,711000000.0,432000000.0,483000000.0,,,,,4100000000.0,-805000000.0,,0.0,-900000000.0,0.0,471000000.0,-2374000000.0,-2743000000.0,503000000,2017-06-30,106.25,106.55999755859376,105.5,106.25,101.74715423583984,5113800.0
2017-09-30,12779000000.0,-7214000000.0,5565000000.0,-2936000000.0,-2228000000.0,,-708000000.0,2629000000.0,163000000.0,-85000000.0,2792000000,-98000000.0,2694000000,-829000000.0,1865000000,,1747000000,1747000000,4017000000.0,8633000000.0,1373000000.0,15889000000.0,28406000000.0,3202000000.0,48292000000.0,79900000000.0,95789000000,8855000000.0,6172000000.0,19595000000.0,19119000000.0,30042000000.0,49637000000,36248000000.0,-64011000000.0,72606000000.0,46152000000.0,95789000000,1865000000.0,708000000.0,178000000.0,819000000.0,,,,,3570000000.0,-895000000.0,,140000000.0,-821000000.0,-1208000000.0,1498000000.0,-3404000000.0,-3167000000.0,-364000000,2017-09-29,97.88999938964844,98.58999633789062,97.66000366210938,98.56999969482422,95.09483337402344,8185900.0
2017-12-31,15351000000.0,-8737000000.0,6614000000.0,-2821000000.0,-2079000000.0,,-742000000.0,3793000000.0,-33000000.0,-129000000.0,3760000000,-15000000.0,3745000000,728000000.0,4473000000,,4423000000,4423000000,4677000000.0,9886000000.0,1307000000.0,17274000000.0,28584000000.0,3206000000.0,48670000000.0,80460000000.0,97734000000,9574000000.0,6009000000.0,19875000000.0,20082000000.0,29634000000.0,49509000000,36254000000.0,-65324000000.0,75763000000.0,48225000000.0,97734000000,4473000000.0,742000000.0,-1366000000.0,-1612000000.0,,,,,2237000000.0,-981000000.0,,,-1043000000.0,,835000000.0,-1263000000.0,-584000000.0,631000000,2017-12-29,108.0500030517578,108.33999633789062,107.51000213623048,107.51000213623048,104.55400848388672,4538400.0
2018-03-31,14548000000.0,-7533000000.0,7015000000.0,-2978000000.0,-2247000000.0,,-731000000.0,4037000000.0,-96000000.0,-143000000.0,3941000000,-13000000.0,3928000000,-813000000.0,3115000000,,2937000000,2937000000,4179000000.0,9678000000.0,1301000000.0,16808000000.0,29200000000.0,3148000000.0,48787000000.0,81135000000.0,97943000000,9022000000.0,5918000000.0,19728000000.0,18766000000.0,28414000000.0,48142000000,36411000000.0,-66619000000.0,78704000000.0,49801000000.0,97943000000,3115000000.0,731000000.0,432000000.0,248000000.0,,,,,4526000000.0,-1063000000.0,,-1581000000.0,-2762000000.0,-1266000000.0,235000000.0,-1254000000.0,-2298000000.0,-500000000,2018-03-29,99.01000213623048,101.27999877929688,98.86000061035156,100.44000244140624,97.67839813232422,9343600.0
2018-06-30,15228000000.0,-8348000000.0,6880000000.0,-2956000000.0,-2212000000.0,,-744000000.0,3924000000.0,-70000000.0,-143000000.0,3854000000,0.0,3854000000,-795000000.0,3059000000,,2916000000,2916000000,4326000000.0,10071000000.0,1322000000.0,17729000000.0,29373000000.0,3155000000.0,48535000000.0,81063000000.0,98792000000,9763000000.0,5992000000.0,20214000000.0,17681000000.0,27370000000.0,47584000000,36574000000.0,-67588000000.0,80364000000.0,51208000000.0,98792000000,3059000000.0,744000000.0,592000000.0,-716000000.0,,,,,3679000000.0,-1220000000.0,,0.0,-1338000000.0,0.0,-917000000.0,-931000000.0,-2099000000.0,136000000,2018-06-29,104.93000030517578,105.68000030517578,104.6500015258789,104.80999755859376,101.9282455444336,6774000.0
2018-09-30,14307000000.0,-8108000000.0,6199000000.0,-3116000000.0,-2322000000.0,,-794000000.0,3083000000.0,124000000.0,-159000000.0,3207000000,-5000000.0,3202000000,-783000000.0,2419000000,,2322000000,2322000000,4150000000.0,9334000000.0,1392000000.0,16825000000.0,29540000000.0,2899000000.0,49334000000.0,81773000000.0,98598000000,9479000000.0,3790000000.0,17860000000.0,17084000000.0,26783000000.0,44643000000,36779000000.0,-67588000000.0,82679000000.0,53955000000.0,98598000000,2419000000.0,794000000.0,-80000000.0,720000000.0,,,,,3853000000.0,-1201000000.0,,0.0,-193000000.0,-1249000000.0,-2736000000.0,81000000.0,-3862000000.0,-176000000,2018-09-28,115.6500015258789,117.45999908447266,115.3499984741211,116.94000244140624,114.63888549804688,7366800.0
2018-12-31,15303000000.0,-9001000000.0,6302000000.0,-2884000000.0,-2152000000.0,,-732000000.0,3418000000.0,13000000.0,-63000000.0,3431000000,0.0,3431000000,-645000000.0,2786000000,,2788000000,2788000000,4455000000.0,10123000000.0,1357000000.0,17537000000.0,29797000000.0,2970000000.0,49637000000.0,82404000000.0,99941000000,10696000000.0,3489000000.0,17619000000.0,17176000000.0,26805000000.0,44424000000,36799000000.0,-67588000000.0,84887000000.0,55517000000.0,99941000000,2786000000.0,732000000.0,293000000.0,-1712000000.0,,,,,2099000000.0,-1195000000.0,,,-1336000000.0,,-302000000.0,37000000.0,-411000000.0,308000000,2018-12-31,109.11000061035156,109.66999816894531,107.5500030517578,109.6500015258789,108.3261260986328,7241700.0
2019-03-31,14922000000.0,-8376000000.0,6546000000.0,-3155000000.0,-2327000000.0,,-828000000.0,3391000000.0,4508000000.0,-143000000.0,7899000000,-662000000.0,7237000000,-1647000000.0,5590000000,21000000.0,5452000000,5452000000,10108000000.0,14593000000.0,1445000000.0,34277000000.0,31017000000.0,4080000000.0,144968000000.0,180065000000.0,214342000000,20503000000.0,19158000000.0,44376000000.0,37803000000.0,64524000000.0,108900000000,53419000000.0,-907000000.0,41212000000.0,105442000000.0,214342000000,5590000000.0,828000000.0,-2818000000.0,315000000.0,,,,,3915000000.0,-1195000000.0,,-9901000000.0,-11347000000.0,-1310000000.0,14425000000.0,46000000.0,13107000000.0,5759000000,2019-03-29,111.55999755859376,111.5999984741211,110.38999938964844,111.02999877929688,109.68946075439452,16358800.0
2019-06-30,20245000000.0,-12819000000.0,7426000000.0,-4666000000.0,-3362000000.0,,-1304000000.0,2760000000.0,-535000000.0,-411000000.0,2225000000,-207000000.0,2018000000,-395000000.0,1623000000,359000000.0,1760000000,1760000000,6728000000.0,15673000000.0,1516000000.0,31370000000.0,31392000000.0,3872000000.0,142841000000.0,178105000000.0,209475000000,17647000000.0,21923000000.0,44593000000.0,36311000000.0,59629000000.0,104222000000,53718000000.0,-907000000.0,41382000000.0,105253000000.0,209475000000,1623000000.0,1304000000.0,972000000.0,-5647000000.0,,,,,-1748000000.0,-1177000000.0,,0.0,-1102000000.0,0.0,1159000000.0,195000000.0,-163000000.0,-2865000000,2019-06-28,139.41000366210938,140.21000671386722,138.61000061035156,139.63999938964844,137.95402526855472,20078800.0
2019-09-30,19137000000.0,-11865000000.0,7272000000.0,-5011000000.0,-3708000000.0,,-1303000000.0,2261000000.0,-710000000.0,-361000000.0,1551000000,-314000000.0,1237000000,-339000000.0,898000000,307000000.0,1054000000,1054000000,5418000000.0,15481000000.0,1649000000.0,28124000000.0,31603000000.0,3224000000.0,131033000000.0,165860000000.0,193984000000,17762000000.0,8857000000.0,31341000000.0,38129000000.0,59791000000.0,91132000000,53907000000.0,-907000000.0,42494000000.0,102852000000.0,193984000000,898000000.0,1303000000.0,-1341000000.0,858000000.0,,,,,1718000000.0,-1309000000.0,,0.0,-1311000000.0,-1585000000.0,-11605000000.0,40000000.0,-12997000000.0,-1902000000,2019-09-30,130.35000610351562,130.86000061035156,129.82000732421878,130.32000732421878,129.54386901855472,5532500.0
2019-12-31,20877000000.0,-13034000000.0,7843000000.0,-5008000000.0,-3709000000.0,,-1299000000.0,2835000000.0,-59000000.0,-283000000.0,2776000000,-150000000.0,2626000000,-458000000.0,2168000000,-21000000.0,2107000000,2107000000,6833000000.0,17100000000.0,1571000000.0,27776000000.0,31895000000.0,3312000000.0,137965000000.0,173172000000.0,200948000000,19755000000.0,10018000000.0,34797000000.0,38057000000.0,62349000000.0,97146000000,53995000000.0,-907000000.0,43202000000.0,103802000000.0,200948000000,2168000000.0,1299000000.0,711000000.0,-2548000000.0,,,,,1630000000.0,-1338000000.0,,,-1350000000.0,,1177000000.0,126000000.0,1117000000.0,1419000000,2019-12-31,143.6699981689453,144.77000427246094,143.25999450683594,144.6300048828125,144.6300048828125,5662900.0
2020-03-31,18025000000.0,-11937000000.0,6088000000.0,-4727000000.0,-3393000000.0,,-1334000000.0,1361000000.0,-165000000.0,-300000000.0,1196000000,-145000000.0,1051000000,-523000000.0,528000000,-8000000.0,460000000,460000000,14339000000.0,14532000000.0,1531000000.0,33274000000.0,32151000000.0,3180000000.0,137689000000.0,173020000000.0,206294000000,17906000000.0,12676000000.0,35473000000.0,42770000000.0,66848000000.0,102321000000,54230000000.0,-907000000.0,43721000000.0,103973000000.0,206294000000,528000000.0,1334000000.0,-52000000.0,1347000000.0,,,,,3157000000.0,-1247000000.0,,,-1256000000.0,-1587000000.0,6984000000.0,81000000.0,5499000000.0,7504000000,2020-03-31,100.22000122070312,103.16000366210938,96.16000366210938,96.5999984741211,96.5999984741211,21563200.0
2020-06-30,11779000000.0,-7896000000.0,3883000000.0,-3832000000.0,-2455000000.0,,-1377000000.0,51000000.0,156000000.0,-412000000.0,207000000,-5047000000.0,-4840000000,331000000.0,-4509000000,-3000000.0,-4721000000,-4721000000,23115000000.0,12622000000.0,1559000000.0,41330000000.0,31891000000.0,3611000000.0,130817000000.0,166319000000.0,207649000000,16986000000.0,10224000000.0,30917000000.0,54197000000.0,77107000000.0,108024000000,54386000000.0,-907000000.0,39004000000.0,99625000000.0,207649000000,-4509000000.0,1377000000.0,4257000000.0,37000000.0,,,,,1162000000.0,-708000000.0,,,-714000000.0,0.0,8945000000.0,31000000.0,8303000000.0,8776000000,2020-06-30,111.5,112.0500030517578,109.93000030517578,111.51000213623048,111.51000213623048,10565900.0
