Report Date,Revenue,Cost of Revenue,Gross Profit,Operating Expenses,"Selling, General & Administrative",Research & Development,Depreciation & Amortization,Operating Income (Loss),Non-Operating Income (Loss),"Interest Expense, Net","Pretax Income (Loss), Adj.",Abnormal Gains (Losses),Pretax Income (Loss),"Income Tax (Expense) Benefit, Net",Income (Loss) from Continuing Operations,Net Extraordinary Gains (Losses),Net Income,Net Income (Common),"Cash, Cash Equivalents & Short Term Investments",Accounts & Notes Receivable,Inventories,Total Current Assets,"Property, Plant & Equipment, Net",Long Term Investments & Receivables,Other Long Term Assets,Total Noncurrent Assets,Total Assets,Payables & Accruals,Short Term Debt,Total Current Liabilities,Long Term Debt,Total Noncurrent Liabilities,Total Liabilities,Share Capital & Additional Paid-In Capital,Treasury Stock,Retained Earnings,Total Equity,Total Liabilities & Equity,Net Income/Starting Line,Depreciation & Amortization,Non-Cash Items,Change in Working Capital,Change in Accounts Receivable,Change in Inventories,Change in Accounts Payable,Change in Other,Net Cash from Operating Activities,Change in Fixed Assets & Intangibles,Net Change in Long Term Investment,Net Cash from Acquisitions & Divestitures,Net Cash from Investing Activities,Dividends Paid,Cash from (Repayment of) Debt,Cash from (Repurchase of) Equity,Net Cash from Financing Activities,Net Change in Cash,Price Date,Open,High,Low,Close,Adj Close,Volume
2009-10-31,1248700000.0,-807500000.0,441200000.0,-333600000.0,-333600000.0,,,107600000.0,-1600000.0,-1600000.0,106000000,0.0,106000000,-37800000.0,68200000,,68200000,68200000,342100000.0,,846200000.0,1220700000.0,705100000.0,,254700000.0,959800000.0,2180500000,272900000.0,17500000.0,468600000.0,250000000.0,387000000.0,855600000,,,,1324900000.0,2180500000,68200000.0,38600000.0,17200000.0,-35400000.0,,,,-35400000.0,88600000.0,-45800000.0,,,-45800000.0,,,-59700000.0,-58900000.0,-16100000,2009-10-30,15.243332862854006,15.313332557678224,14.899999618530273,15.043333053588867,15.043333053588867,5669700.0
2010-01-31,1558600000.0,-980200000.0,578400000.0,-360000000.0,-360000000.0,,,218400000.0,-1500000.0,-1300000.0,216900000,0.0,216900000,-81900000.0,135000000,,135000000,135000000,599400000.0,,679800000.0,1305600000.0,714300000.0,,269800000.0,984100000.0,2289700000,268500000.0,17500000.0,475900000.0,250000000.0,384600000.0,860500000,900000.0,,1430700000.0,1429200000.0,2289700000,135000000.0,41300000.0,8700000.0,173400000.0,5800000.0,-4000000.0,27000000.0,144600000.0,358400000.0,-51000000.0,,0.0,-94600000.0,,-400000.0,-34300000.0,-34300000.0,229500000,2010-01-29,16.413333892822266,16.629999160766598,16.326667785644528,16.50666618347168,16.50666618347168,4549800.0
2010-04-30,1352600000.0,-876100000.0,476500000.0,-347600000.0,-347600000.0,,,128900000.0,-500000.0,-1400000.0,128400000,-26300000.0,102100000,-38500000.0,63600000,,63600000,63600000,390100000.0,,707700000.0,1144800000.0,719400000.0,,278500000.0,997900000.0,2142700000,296300000.0,17500000.0,468200000.0,250000000.0,381500000.0,849700000,,,,1293000000.0,2142700000,63600000.0,39300000.0,26300000.0,-93400000.0,,,,-93400000.0,35800000.0,-45100000.0,,,-68700000.0,,,-207500000.0,-200100000.0,-233000000,2010-04-30,20.81999969482422,20.81999969482422,20.06666755676269,20.239999771118164,20.239999771118164,4746600.0
2010-07-31,1377900000.0,-894400000.0,483500000.0,-355700000.0,-355700000.0,,,127800000.0,-2800000.0,-1600000.0,125000000,0.0,125000000,-47000000.0,78000000,,78000000,78000000,480300000.0,,751600000.0,1261700000.0,724100000.0,,271500000.0,995600000.0,2257300000,316400000.0,16500000.0,491900000.0,250000000.0,383900000.0,875800000,,,,1381500000.0,2257300000,78000000.0,39400000.0,0.0,600000.0,,,,600000.0,118000000.0,-45000000.0,,,-29100000.0,,,2700000.0,1800000.0,90700000,2010-07-30,21.45499992370605,22.209999084472656,21.354999542236328,22.15999984741211,22.15999984741211,3675600.0
2010-10-31,1426600000.0,-920600000.0,506000000.0,-365100000.0,-365100000.0,,,140900000.0,3800000.0,-1600000.0,144700000,0.0,144700000,-51500000.0,93200000,,93200000,93200000,392000000.0,,934900000.0,1366400000.0,741400000.0,,254300000.0,995700000.0,2362100000,322700000.0,16500000.0,566500000.0,250000000.0,383400000.0,949900000,,,,1412200000.0,2362100000,93200000.0,38900000.0,14200000.0,-125300000.0,,,,-125300000.0,21000000.0,-56600000.0,,,-88200000.0,,,-52800000.0,-52600000.0,-119800000,2010-10-29,25.665000915527344,25.78000068664551,25.459999084472656,25.65500068664551,25.65500068664551,1725200.0
2011-01-31,1725300000.0,-1077400000.0,647900000.0,-389200000.0,-389200000.0,,,258700000.0,-600000.0,-1000000.0,258100000,0.0,258100000,-95600000.0,162500000,,162500000,162500000,486000000.0,,803100000.0,1333300000.0,741100000.0,,306100000.0,1047200000.0,2380500000,325800000.0,16500000.0,532800000.0,250000000.0,388700000.0,921500000,1200000.0,,1458200000.0,1459000000.0,2380500000,162500000.0,42100000.0,4700000.0,134600000.0,2000000.0,-126700000.0,28100000.0,231200000.0,343900000.0,-32000000.0,0.0,-49400000.0,-188100000.0,,-15100000.0,-139400000.0,-153400000.0,1700000,2011-01-31,25.46999931335449,25.665000915527344,25.15500068664551,25.290000915527344,25.290000915527344,2159600.0
2011-04-30,1545900000.0,-1005100000.0,540800000.0,-379100000.0,-379100000.0,,,161700000.0,-200000.0,-900000.0,161500000,,161500000,-60500000.0,101000000,,101000000,101000000,510300000.0,,771200000.0,1325500000.0,760200000.0,,295600000.0,1055800000.0,2381300000,317600000.0,16500000.0,504700000.0,250000000.0,389900000.0,894600000,,,,1486700000.0,2381300000,101000000.0,39200000.0,23800000.0,-7700000.0,,,,-7700000.0,156300000.0,-58300000.0,,,-22100000.0,,,-84700000.0,-75000000.0,60100000,2011-04-29,28.68000030517578,28.97500038146973,28.63500022888184,28.75,28.75,3364600.0
2011-07-31,1542400000.0,-1000000000.0,542400000.0,-388900000.0,-388900000.0,,,153500000.0,-1200000.0,-700000.0,152300000,,152300000,-57400000.0,94900000,,94900000,94900000,545400000.0,,813900000.0,1408300000.0,783100000.0,,287500000.0,1070600000.0,2478900000,311200000.0,15500000.0,495800000.0,250000000.0,395400000.0,891200000,,,,1587700000.0,2478900000,94900000.0,39600000.0,16700000.0,-48300000.0,,,,-48300000.0,102900000.0,-63000000.0,,,-48200000.0,,,-3700000.0,-4400000.0,50300000,2011-07-29,33.130001068115234,33.264999389648445,32.279998779296875,33.115001678466804,33.115001678466804,2454400.0
2011-10-31,1596600000.0,-1036000000.0,560600000.0,-395700000.0,-395700000.0,,,164900000.0,-700000.0,-600000.0,164200000,,164200000,-59700000.0,104500000,,104500000,104500000,280200000.0,,1005400000.0,1332500000.0,816500000.0,,282200000.0,1098700000.0,2431200000,362600000.0,15500000.0,587100000.0,250000000.0,397200000.0,984300000,,,,1446900000.0,2431200000,104500000.0,41100000.0,8800000.0,-94900000.0,,,,-94900000.0,59500000.0,-75500000.0,0.0,,48300000.0,,,-248200000.0,-248200000.0,-141400000,2011-10-31,39.334999084472656,40.46500015258789,39.30500030517578,39.97999954223633,39.97999954223633,2970800.0
2012-01-31,1945600000.0,-1211100000.0,734500000.0,-432500000.0,-432500000.0,,,302000000.0,-500000.0,-700000.0,301500000,,301500000,-113600000.0,187900000,,187900000,187900000,288300000.0,,867400000.0,1209400000.0,825300000.0,,293900000.0,1119200000.0,2328600000,350000000.0,15500000.0,581000000.0,250000000.0,403000000.0,984000000,1100000.0,,1344100000.0,1344600000.0,2328600000,187900000.0,44000000.0,-2400000.0,138300000.0,-1300000.0,-64500000.0,26900000.0,177200000.0,367800000.0,-53300000.0,0.0,,-64100000.0,,-2000000.0,-298400000.0,-295600000.0,8100000,2012-01-31,42.51499938964844,42.75,42.125,42.400001525878906,42.400001525878906,2151000.0
2012-04-30,1723600000.0,-1120900000.0,602700000.0,-414700000.0,-414700000.0,,,188000000.0,600000.0,-500000.0,188600000,,188600000,-72500000.0,116100000,,116100000,116100000,382300000.0,,875000000.0,1304400000.0,848800000.0,,297900000.0,1146700000.0,2451100000,363500000.0,265500000.0,816000000.0,0.0,154500000.0,970500000,,,1480600000.0,1480600000.0,2451100000,116100000.0,41800000.0,20900000.0,-44300000.0,,,,-44300000.0,134500000.0,-65400000.0,,,-65400000.0,,,1400000.0,25000000.0,94000000,2012-04-30,51.04499816894531,51.2599983215332,50.6500015258789,50.83000183105469,50.83000183105469,1308800.0
2012-07-31,1704600000.0,-1105000000.0,599600000.0,-415200000.0,-415200000.0,,,184400000.0,-1100000.0,-1100000.0,183300000,,183300000,-64100000.0,119200000,,119200000,119200000,379800000.0,,891700000.0,1321600000.0,879800000.0,,298300000.0,1178100000.0,2499700000,374200000.0,14300000.0,580800000.0,250000000.0,395900000.0,976700000,,,1523000000.0,1523000000.0,2499700000,119200000.0,43000000.0,3100000.0,-20000000.0,,,,-20000000.0,145300000.0,-74700000.0,,,-75000000.0,,-1200000.0,-70600000.0,-71300000.0,-2500000,2012-07-31,51.20000076293945,51.38999938964844,50.31999969482422,50.34000015258789,50.34000015258789,1773600.0
2012-10-31,1720500000.0,-1120900000.0,599600000.0,-415400000.0,-415400000.0,,,184200000.0,59900000.0,-800000.0,244100000,,244100000,-88700000.0,155400000,,155400000,155400000,222400000.0,,1133200000.0,1408500000.0,932400000.0,,298400000.0,1230800000.0,2639300000,454300000.0,14300000.0,701000000.0,250000000.0,399400000.0,1100400000,,,1538900000.0,1538900000.0,2639300000,155400000.0,43600000.0,-51600000.0,-113800000.0,,,,-113800000.0,33600000.0,-96600000.0,62300000.0,,-34300000.0,,0.0,-157300000.0,-157100000.0,-157400000,2012-10-31,39.209999084472656,40.0,39.20000076293945,39.86999893188477,39.86999893188477,3445200.0
2013-01-31,2245800000.0,-1395000000.0,850800000.0,-487300000.0,-487300000.0,,,363500000.0,-600000.0,-400000.0,362900000,,362900000,-134300000.0,228600000,,228600000,228600000,399900000.0,,971700000.0,1473500000.0,960700000.0,,317800000.0,1278500000.0,2752000000,426100000.0,14300000.0,676200000.0,257000000.0,408500000.0,1084700000,2500000.0,,1666300000.0,1667300000.0,2752000000,228600000.0,46900000.0,-700000.0,90100000.0,-56700000.0,-104000000.0,59300000.0,191500000.0,364900000.0,-75500000.0,0.0,,-87200000.0,,6700000.0,-103700000.0,-100000000.0,177500000,2013-01-31,39.93000030517578,40.290000915527344,39.93000030517578,39.9900016784668,39.9900016784668,2671800.0
2013-04-30,1865800000.0,-1209800000.0,656000000.0,-439400000.0,-439400000.0,,,216600000.0,-1000000.0,-600000.0,215600000,,215600000,-82100000.0,133500000,,133500000,133500000,383300000.0,,1009500000.0,1489800000.0,1018200000.0,,303800000.0,1322000000.0,2811800000,464600000.0,14300000.0,663000000.0,257000000.0,409100000.0,1072100000,,,1739700000.0,1739700000.0,2811800000,133500000.0,45100000.0,23700000.0,-73000000.0,,,,-73000000.0,129300000.0,-103200000.0,,,-88200000.0,,0.0,-66400000.0,-57400000.0,-16600000,2013-04-30,47.6500015258789,47.72999954223633,46.88000106811523,47.56000137329102,47.56000137329102,2334700.0
2013-07-31,1854900000.0,-1206200000.0,648700000.0,-447400000.0,-447400000.0,,,201300000.0,-500000.0,-700000.0,200800000,,200800000,-76100000.0,124700000,,124700000,124700000,413700000.0,,1018300000.0,1533200000.0,1066500000.0,,308600000.0,1375100000.0,2908300000,437200000.0,12800000.0,671800000.0,257000000.0,410600000.0,1082400000,,,1825900000.0,1825900000.0,2908300000,124700000.0,46600000.0,-500000.0,200000.0,,,,200000.0,171000000.0,-96400000.0,,,-96700000.0,,-1500000.0,-42200000.0,-43100000.0,30400000,2013-07-31,53.709999084472656,53.97999954223633,53.52000045776367,53.6500015258789,53.6500015258789,1205600.0
2013-10-31,1884700000.0,-1224800000.0,659900000.0,-455600000.0,-455600000.0,,,204300000.0,-5500000.0,-5200000.0,198800000,,198800000,-73400000.0,125400000,,125400000,125400000,147100000.0,,1237400000.0,1487800000.0,1101900000.0,,293100000.0,1395000000.0,2882800000,526400000.0,12800000.0,766800000.0,1007000000.0,1157000000.0,1923800000,,,959000000.0,959000000.0,2882800000,125400000.0,48600000.0,16300000.0,-123900000.0,,,,-123900000.0,66400000.0,-84500000.0,,,-84500000.0,,750000000.0,-998500000.0,-248500000.0,-266600000,2013-10-31,58.72000122070313,58.81999969482422,58.2599983215332,58.4000015258789,58.4000015258789,1229700.0
2014-01-31,2234900000.0,-1409700000.0,825200000.0,-477100000.0,-477100000.0,,,348100000.0,-9000000.0,-8900000.0,339100000,,339100000,-126000000.0,213100000,,213100000,213100000,267700000.0,,1035300000.0,1378500000.0,1094000000.0,,299400000.0,1393400000.0,2771900000,441200000.0,12800000.0,686300000.0,757000000.0,914900000.0,1601200000,12800000.0,,1174800000.0,1170700000.0,2771900000,213100000.0,50200000.0,8800000.0,155300000.0,26100000.0,-67700000.0,46900000.0,150000000.0,427400000.0,-46000000.0,,0.0,-55600000.0,,-250000000.0,1000000.0,-248800000.0,120600000,2014-01-31,50.52999877929688,50.849998474121094,49.65999984741211,50.52000045776367,50.52000045776367,6940700.0
2014-04-30,2000300000.0,-1303700000.0,696600000.0,-464700000.0,-464700000.0,,,231900000.0,-8100000.0,-8100000.0,223800000,,223800000,-85500000.0,138300000,,138300000,138300000,387100000.0,,1042900000.0,1537000000.0,1115500000.0,,301400000.0,1416900000.0,2953900000,528100000.0,,724500000.0,752900000.0,911600000.0,1636100000,,,1317800000.0,1317800000.0,2953900000,138300000.0,50700000.0,16400000.0,-7200000.0,,,,-7200000.0,198200000.0,-71600000.0,,,-71600000.0,,-12800000.0,1900000.0,-7500000.0,119400000,2014-04-30,51.38999938964844,52.11000061035156,51.1500015258789,52.06999969482422,52.06999969482422,1337900.0
2014-07-31,2031100000.0,-1337000000.0,694100000.0,-489100000.0,-489100000.0,,,205000000.0,-8400000.0,-8400000.0,196600000,,196600000,-75100000.0,121500000,,121500000,121500000,467700000.0,,1084000000.0,1663200000.0,1153400000.0,,313300000.0,1466700000.0,3129900000,526900000.0,0.0,783000000.0,740200000.0,898800000.0,1681800000,,,,1448100000.0,3129900000,121400000.0,49900000.0,-6900000.0,2700000.0,,,,2700000.0,167100000.0,-88300000.0,,0.0,-88300000.0,,0.0,1400000.0,1600000.0,80600000,2014-07-31,55.31000137329102,55.81999969482422,54.38999938964844,54.47000122070313,54.47000122070313,5108000.0
2014-10-31,2095200000.0,-1369900000.0,725300000.0,-505600000.0,-505600000.0,,,219700000.0,-10400000.0,-9300000.0,209300000,,209300000,-76300000.0,133000000,,133000000,133000000,407600000.0,,1304900000.0,1796100000.0,1193400000.0,,378200000.0,1571600000.0,3367700000,559300000.0,0.0,866500000.0,757000000.0,916100000.0,1782600000,,,,1585100000.0,3367700000,133000000.0,50900000.0,-7900000.0,-152800000.0,,,,-152800000.0,23200000.0,-92800000.0,,0.0,-83900000.0,,0.0,1100000.0,1100000.0,-60100000,2014-10-31,60.540000915527344,61.0,60.22999954223633,60.56999969482422,60.56999969482422,3760300.0
2015-01-31,2475600000.0,-1557600000.0,918000000.0,-534400000.0,-534400000.0,,,383600000.0,-59100000.0,-54300000.0,324500000,,324500000,-118100000.0,206400000,,206400000,206400000,864100000.0,,1035700000.0,1994600000.0,1210500000.0,,287600000.0,1498100000.0,3492700000,476300000.0,0.0,861600000.0,682700000.0,846100000.0,1707700000,45100000.0,,1774000000.0,1785000000.0,3492700000,206500000.0,54400000.0,22900000.0,270500000.0,-12200000.0,-6000000.0,41900000.0,246800000.0,554300000.0,-72900000.0,,0.0,-71200000.0,,0.0,1100000.0,-25800000.0,456500000,2015-01-30,70.05000305175781,72.12999725341797,69.76999664306639,71.0999984741211,71.0999984741211,6235200.0
2015-04-30,2176700000.0,-1427800000.0,748900000.0,-516100000.0,-516100000.0,,,232800000.0,-119600000.0,-122200000.0,113200000,,113200000,-43700000.0,69500000,,69500000,69500000,870400000.0,,1093500000.0,9335600000.0,1226000000.0,,307600000.0,1533600000.0,10869200000,540900000.0,0.0,1015200000.0,7819700000.0,7983200000.0,8998400000,,,,1870800000.0,10869200000,69500000.0,52800000.0,26000000.0,2100000.0,,,,2100000.0,150400000.0,-66900000.0,,,-7311000000.0,,7180200000.0,2600000.0,7166600000.0,6300000,2015-04-30,77.31999969482422,77.80000305175781,76.13999938964844,76.41000366210938,76.41000366210938,3134200.0
2015-07-31,3011200000.0,-2156000000.0,855200000.0,-731800000.0,-731800000.0,,,123400000.0,-265600000.0,-263900000.0,-142200000,,-142200000,44200000.0,-98000000,,-98000000,-98000000,1306500000.0,,2825100000.0,4524700000.0,3151900000.0,,8888500000.0,12040400000.0,16565100000,1152500000.0,83000000.0,2073300000.0,8427900000.0,10444800000.0,12518100000,,,,4047000000.0,16565100000,-98000000.0,84800000.0,18600000.0,-180200000.0,,,,-180200000.0,-174800000.0,-100400000.0,,-6525600000.0,606100000.0,,84600000.0,1300000.0,1900000.0,432100000,2015-07-31,76.66000366210938,78.25,76.4000015258789,78.02999877929688,78.02999877929688,1828700.0
2015-10-31,4945200000.0,-3545200000.0,1400000000.0,-1176300000.0,-1176300000.0,,,223700000.0,-99000000.0,-98400000.0,124700000,,124700000,-42800000.0,81900000,,81900000,81900000,1110900000.0,,3185300000.0,4628000000.0,3141000000.0,,8930000000.0,12071000000.0,16699000000,1280400000.0,95500000.0,2161200000.0,8403500000.0,10395600000.0,12556800000,,,,4142200000.0,16699000000,81900000.0,174900000.0,-55000000.0,-206400000.0,,,,-206400000.0,-4600000.0,-169600000.0,,-2100000.0,-171700000.0,,-20800000.0,2300000.0,-19600000.0,-195600000,2015-10-30,65.0,65.76999664306639,64.61000061035156,65.48999786376953,65.48999786376953,2205700.0
2016-01-31,5365300000.0,-3712700000.0,1652600000.0,-1182800000.0,-1182800000.0,,,469800000.0,-117300000.0,-114900000.0,352500000,,352500000,-123500000.0,229000000,,229000000,229000000,740100000.0,,2885500000.0,3935900000.0,3125500000.0,,8839800000.0,11965300000.0,15901200000,1264800000.0,108000000.0,2095400000.0,7387700000.0,9398900000.0,11494300000,2393600000.0,,2056400000.0,4406900000.0,15901200000,229000000.0,175100000.0,161600000.0,265800000.0,-63500000.0,-87800000.0,183900000.0,233200000.0,831500000.0,-143600000.0,,0.0,-101800000.0,,-1040500000.0,7700000.0,-1100100000.0,-370800000,2016-01-29,79.58000183105469,81.97000122070312,79.25,81.31999969482422,81.31999969482422,3372400.0
2016-04-30,5085800000.0,-3531200000.0,1554600000.0,-1135900000.0,-1135900000.0,,,418700000.0,-87100000.0,-87300000.0,331600000,0.0,331600000,-98900000.0,232700000,,232700000,232700000,933700000.0,,2929500000.0,4172100000.0,3153200000.0,,8735600000.0,11888800000.0,16060900000,1306500000.0,120500000.0,2049100000.0,7352700000.0,9342200000.0,11391300000,,,,4669600000.0,16060900000,232700000.0,162300000.0,12000000.0,-96000000.0,,,,-96000000.0,311000000.0,-174800000.0,,,-92800000.0,,-20800000.0,14400000.0,-24800000.0,193600000,2016-04-29,79.44000244140625,79.93000030517578,78.26000213623047,79.70999908447266,79.70999908447266,2140000.0
2016-07-31,4996300000.0,-3483900000.0,1512400000.0,-1155200000.0,-1155200000.0,,,357200000.0,-87300000.0,-87300000.0,269900000,0.0,269900000,-99700000.0,170200000,,170200000,170200000,1097200000.0,,2975100000.0,4449400000.0,3174200000.0,,8705800000.0,11880000000.0,16329400000,1351500000.0,145500000.0,2180000000.0,7292300000.0,9292500000.0,11472500000,,,,4856900000.0,16329400000,170100000.0,161900000.0,9500000.0,27800000.0,,,,27800000.0,369300000.0,-179600000.0,,,-179600000.0,,-33200000.0,8300000.0,-27100000.0,163500000,2016-07-29,96.2699966430664,96.5500030517578,95.63999938964844,96.29000091552734,96.29000091552734,988800.0
2016-10-31,5001600000.0,-3481100000.0,1520500000.0,-1178100000.0,-1178100000.0,,,342400000.0,-112200000.0,-112100000.0,230200000,0.0,230200000,-58600000.0,171600000,,171600000,171600000,737800000.0,,3273900000.0,4342400000.0,3176300000.0,,8676300000.0,11852600000.0,16195000000,1266400000.0,145800000.0,2134200000.0,7068200000.0,9013100000.0,11147300000,,,,5047700000.0,16195000000,171600000.0,157600000.0,-14500000.0,-339700000.0,,,,-339700000.0,-25000000.0,-95900000.0,118100000.0,,-95900000.0,,-242000000.0,10600000.0,-238100000.0,-359400000,2016-10-31,75.5199966430664,75.94999694824219,75.27999877929688,75.55000305175781,75.55000305175781,1397200.0
2017-01-31,5635500000.0,-3828300000.0,1807200000.0,-1220700000.0,-1220700000.0,,,586500000.0,-88800000.0,-88800000.0,497700000,0.0,497700000,-176000000.0,321700000,,321700000,321700000,870400000.0,,2865800000.0,3938000000.0,3115800000.0,,8647800000.0,11763600000.0,15701600000,1209600000.0,152100000.0,2105900000.0,6293700000.0,8206200000.0,10312100000,,,,5389500000.0,15701600000,321800000.0,155700000.0,-4900000.0,545400000.0,117200000.0,21900000.0,-133800000.0,540100000.0,1018000000.0,-114400000.0,-118100000.0,0.0,-115300000.0,,-777700000.0,8200000.0,-770500000.0,132600000,2017-01-31,74.80000305175781,77.22000122070312,74.37000274658203,77.19000244140625,77.19000244140625,3624400.0
2017-04-30,5287100000.0,-3660000000.0,1627100000.0,-1187400000.0,-1187400000.0,,,439700000.0,-75000000.0,-74700000.0,364700000,-50900000.0,313800000,-113300000.0,200500000,,200500000,200500000,1158900000.0,,2878400000.0,4278100000.0,3093900000.0,,8622700000.0,11716600000.0,15994700000,1445200000.0,165900000.0,2240600000.0,6249300000.0,8145100000.0,10385700000,,,,5609000000.0,15994700000,200500000.0,153900000.0,64400000.0,11900000.0,,,,11900000.0,430700000.0,-108100000.0,,,-108100000.0,,-27800000.0,11800000.0,-33600000.0,288500000,2017-04-28,82.9800033569336,83.20999908447266,82.2300033569336,82.7699966430664,82.7699966430664,2393300.0
2017-07-31,5281200000.0,-3653400000.0,1627800000.0,-1205700000.0,-1205700000.0,,,422100000.0,-75900000.0,-75800000.0,346200000,-2600000.0,343600000,-109800000.0,233800000,,233800000,233800000,697300000.0,,2928500000.0,3815200000.0,3115400000.0,,8601700000.0,11717100000.0,15532300000,1196300000.0,165900000.0,2084700000.0,5706500000.0,7587400000.0,9672100000,,,,5860200000.0,15532300000,233800000.0,151300000.0,39900000.0,-180500000.0,,,,-180500000.0,244500000.0,-161500000.0,,,-161500000.0,,-541500000.0,3100000.0,-545500000.0,-461600000,2017-07-31,72.0,72.33000183105469,71.19000244140625,72.08000183105469,72.08000183105469,1408200.0
2017-10-31,5316600000.0,-3650600000.0,1666000000.0,-1240800000.0,-1240800000.0,,,425200000.0,-70100000.0,-69700000.0,355100000,0.0,355100000,-115200000.0,239900000,,239900000,239900000,400100000.0,,3397800000.0,3972600000.0,3178900000.0,,8578700000.0,11757600000.0,15730200000,1181300000.0,165900000.0,2039900000.0,5662700000.0,7573800000.0,9613700000,,,,6116500000.0,15730200000,239900000.0,149400000.0,38600000.0,-510500000.0,,,,-510500000.0,-82600000.0,-179900000.0,4000000.0,,-175900000.0,,-41500000.0,9500000.0,-34500000.0,-293200000,2017-10-31,91.62999725341795,92.20999908447266,91.0500030517578,91.25,91.25,1383800.0
2018-01-31,6360600000.0,-4259600000.0,2101000000.0,-1370400000.0,-1370400000.0,,,730600000.0,-74100000.0,-81600000.0,656500000,35000000.0,691500000,348600000.0,1040100000,,1040100000,1040100000,1097800000.0,,3169300000.0,4576300000.0,3200700000.0,,8555800000.0,11756500000.0,16332800000,1206300000.0,915900000.0,2859100000.0,4862100000.0,6291400000.0,9150500000,2547700000.0,,4666900000.0,7182300000.0,16332800000,1040100000.0,156600000.0,-505900000.0,226800000.0,-114600000.0,-300900000.0,54500000.0,587800000.0,917600000.0,-182700000.0,-4000000.0,0.0,-182400000.0,,-48300000.0,10600000.0,-37900000.0,697700000,2018-01-31,114.7699966430664,116.6500015258789,113.73999786376952,115.0,115.0,1802800.0
2018-04-30,5553700000.0,-3854100000.0,1699600000.0,-1262000000.0,-1262000000.0,,,437600000.0,-230200000.0,-230000000.0,207400000,0.0,207400000,-46900000.0,160500000,,160500000,160500000,475200000.0,,3248200000.0,4042000000.0,3249700000.0,,8535400000.0,11785100000.0,15827100000,1263200000.0,0.0,1917200000.0,5134600000.0,6554200000.0,8471400000,,,,7355700000.0,15827100000,160500000.0,151500000.0,189000000.0,-113400000.0,,,,-113400000.0,387600000.0,-181100000.0,,,-181100000.0,,-656900000.0,4600000.0,-828800000.0,-622600000,2018-04-30,97.80999755859376,98.0999984741211,95.88999938964844,95.88999938964844,95.88999938964844,1749700.0
2018-07-31,5525600000.0,-3861700000.0,1663900000.0,-1281400000.0,-1281400000.0,,,382500000.0,-44800000.0,-46100000.0,337700000,0.0,337700000,-63800000.0,273900000,,273900000,273900000,647300000.0,,3288200000.0,4272800000.0,3316100000.0,,8514700000.0,11830800000.0,16103600000,1255800000.0,0.0,1907400000.0,5131000000.0,6548700000.0,8456100000,,,,7647500000.0,16103600000,273900000.0,152500000.0,17100000.0,-62300000.0,,,,-62300000.0,381200000.0,-213600000.0,,,-213600000.0,,0.0,5600000.0,5100000.0,172100000,2018-07-31,90.0,91.33000183105469,89.4000015258789,91.27999877929688,91.27999877929688,2997700.0
2018-10-31,5538800000.0,-3866900000.0,1671900000.0,-1284100000.0,-1284100000.0,,,387800000.0,-47800000.0,-47600000.0,340000000,0.0,340000000,-58200000.0,281800000,,281800000,281800000,708300000.0,,3715600000.0,4749500000.0,3406200000.0,,8493600000.0,11899800000.0,16649300000,1365800000.0,0.0,2135700000.0,5127800000.0,6570500000.0,8706200000,,,,7943100000.0,16649300000,281800000.0,150400000.0,39400000.0,-189500000.0,,,,-189500000.0,282100000.0,-224700000.0,0.0,,-224700000.0,,0.0,4000000.0,3100000.0,61000000,2018-10-31,85.0,85.04000091552734,83.5199966430664,84.30000305175781,84.30000305175781,2630300.0
2019-01-31,6205200000.0,-4293100000.0,1912100000.0,-1332500000.0,-1332500000.0,,,579600000.0,-46700000.0,-46300000.0,532900000,-2727000000.0,-2194100000,-112900000.0,-2307000000,,-2307000000,-2307000000,422100000.0,,3536000000.0,4293300000.0,3445300000.0,,5762600000.0,9207900000.0,13501200000,1476400000.0,0.0,2095700000.0,4344100000.0,5762600000.0,7858300000,,,,5642900000.0,13501200000,-2307000000.0,166700000.0,2712200000.0,143200000.0,-21100000.0,-369200000.0,242600000.0,290900000.0,715100000.0,-197300000.0,0.0,,-197300000.0,,-782000000.0,3300000.0,-779300000.0,-261600000,2019-01-31,96.1500015258789,96.88999938964844,95.5500030517578,96.83000183105469,96.83000183105469,2280700.0
2019-04-30,5808700000.0,-4081500000.0,1727200000.0,-1341700000.0,-1341700000.0,,,385500000.0,-41600000.0,-41400000.0,343900000,,343900000,-76000000.0,267900000,,267900000,267900000,725800000.0,,3325500000.0,4246100000.0,3525000000.0,,11583200000.0,15108200000.0,19354300000,1311700000.0,750000000.0,3979300000.0,3516900000.0,9619100000.0,13598400000,,,,5755900000.0,19354300000,267900000.0,151200000.0,195000000.0,,,,,,614100000.0,-192400000.0,,,-192400000.0,,-100000000.0,5800000.0,-117500000.0,303800000,2019-04-30,111.4000015258789,111.61000061035156,110.62000274658205,111.27999877929688,111.27999877929688,1639600.0
2019-07-31,5740600000.0,-4092100000.0,1648500000.0,-1379600000.0,-1379600000.0,,,268900000.0,-40500000.0,-40100000.0,228400000,,228400000,-48100000.0,180300000,,180300000,180300000,623400000.0,,3470900000.0,4340800000.0,3666200000.0,,11486800000.0,15153000000.0,19493800000,1455400000.0,750000000.0,4094000000.0,3518600000.0,9534100000.0,13628100000,,,,5865700000.0,19493800000,180300000.0,155100000.0,-105500000.0,,,,,,229900000.0,-293600000.0,,,-296300000.0,,-39200000.0,3300000.0,-36500000.0,-102200000,2019-07-31,101.5,102.94000244140624,100.0500030517578,101.75,101.75,2641100.0
2019-10-31,5746200000.0,-4041700000.0,1704500000.0,-1346100000.0,-1346100000.0,,,358400000.0,-41500000.0,-41400000.0,316900000,,316900000,-61100000.0,255800000,,255800000,255800000,433700000.0,,3882900000.0,4572300000.0,3810700000.0,,11359100000.0,15169800000.0,19742100000,1473100000.0,750000000.0,4179700000.0,3520200000.0,9441100000.0,13620800000,,,,6121300000.0,19742100000,255800000.0,160000000.0,42400000.0,-287700000.0,,,,-287700000.0,170500000.0,-282700000.0,,,-280000000.0,,-60800000.0,3200000.0,-58000000.0,-168000000,2019-10-31,111.70999908447266,112.05999755859376,109.25,110.4000015258789,110.4000015258789,1812500.0
2020-01-31,6315300000.0,-4354800000.0,1960500000.0,-1398100000.0,-1398100000.0,,,562400000.0,-39900000.0,-39200000.0,522500000,-313000000.0,209500000,-86500000.0,123000000,,123000000,123000000,539200000.0,,3522000000.0,4269400000.0,3881800000.0,,11423400000.0,15305200000.0,19574600000,1399200000.0,250000000.0,3546500000.0,3522200000.0,9773300000.0,13319800000,2456800000.0,,3837800000.0,6254800000.0,19574600000,123000000.0,179100000.0,283000000.0,270200000.0,-8400000.0,13600000.0,-79800000.0,344800000.0,855300000.0,-251500000.0,,,-251500000.0,,-500000000.0,2900000.0,-497800000.0,105700000,2020-01-31,87.41999816894531,87.55000305175781,86.2300033569336,87.06999969482422,87.06999969482422,2704700.0
2020-04-30,6286800000.0,-4491900000.0,1794900000.0,-1429000000.0,-1429000000.0,,,365900000.0,-40700000.0,-40200000.0,325200000,,325200000,-77600000.0,247600000,,247600000,247600000,1755100000.0,,3198500000.0,5165400000.0,3964800000.0,,11341600000.0,15306400000.0,20471800000,1421100000.0,1050000000.0,4504200000.0,3223300000.0,9447000000.0,13951200000,,,,6520600000.0,20471800000,247600000.0,165500000.0,88400000.0,457500000.0,,,,457500000.0,959000000.0,-235900000.0,,,-235900000.0,,500000000.0,9700000.0,493600000.0,1216000000,2020-04-30,80.2300033569336,80.58000183105469,78.31999969482422,79.66999816894531,79.66999816894531,2299900.0
2020-07-31,6277600000.0,-4361400000.0,1916200000.0,-1541300000.0,-1541300000.0,,,374900000.0,-35000000.0,-34800000.0,339900000,,339900000,-78400000.0,261500000,,261500000,261500000,1750300000.0,,3275700000.0,5232500000.0,4032600000.0,,11405900000.0,15438500000.0,20671000000,1482900000.0,800000000.0,4278800000.0,3224300000.0,9578600000.0,13857400000,,,,6813600000.0,20671000000,261500000.0,168100000.0,505900000.0,-457500000.0,,,,-457500000.0,478000000.0,-232400000.0,,,-235200000.0,,-250000000.0,2100000.0,-248200000.0,-4800000,2020-07-31,93.70999908447266,93.70999908447266,92.2300033569336,93.3499984741211,93.3499984741211,1805500.0
