Report Date,Revenue,Cost of Revenue,Gross Profit,Operating Expenses,"Selling, General & Administrative",Research & Development,Depreciation & Amortization,Operating Income (Loss),Non-Operating Income (Loss),"Interest Expense, Net","Pretax Income (Loss), Adj.",Abnormal Gains (Losses),Pretax Income (Loss),"Income Tax (Expense) Benefit, Net",Income (Loss) from Continuing Operations,Net Extraordinary Gains (Losses),Net Income,Net Income (Common),"Cash, Cash Equivalents & Short Term Investments",Accounts & Notes Receivable,Inventories,Total Current Assets,"Property, Plant & Equipment, Net",Long Term Investments & Receivables,Other Long Term Assets,Total Noncurrent Assets,Total Assets,Payables & Accruals,Short Term Debt,Total Current Liabilities,Long Term Debt,Total Noncurrent Liabilities,Total Liabilities,Share Capital & Additional Paid-In Capital,Treasury Stock,Retained Earnings,Total Equity,Total Liabilities & Equity,Net Income/Starting Line,Depreciation & Amortization,Non-Cash Items,Change in Working Capital,Change in Accounts Receivable,Change in Inventories,Change in Accounts Payable,Change in Other,Net Cash from Operating Activities,Change in Fixed Assets & Intangibles,Net Change in Long Term Investment,Net Cash from Acquisitions & Divestitures,Net Cash from Investing Activities,Dividends Paid,Cash from (Repayment of) Debt,Cash from (Repurchase of) Equity,Net Cash from Financing Activities,Net Change in Cash,Price Date,Open,High,Low,Close,Adj Close,Volume
2010-06-30,373986000.0,-45446000.0,328540000.0,-276358000.0,-169768000.0,,-78956000.0,57155000.0,-58366000.0,-58044000.0,-1211000,-23747000.0,-24958000,,-24958000,4318000.0,-19536000,-42391000,256265000.0,19382000.0,,331179000.0,6202269000.0,,768239000.0,6970508000.0,7301687000,185458000.0,,485851000.0,3734536000.0,3734536000.0,4220387000,3571901000.0,,,3081300000.0,7301687000,-20640000.0,64263000.0,99987000.0,-15409000.0,,,,,128201000.0,-49213000.0,,-4694000.0,-57624000.0,-56500000.0,-82491000.0,298148000.0,154689000.0,225266000,2010-06-30,11.359999656677244,11.699999809265135,11.289999961853027,11.350000381469727,7.264948844909668,6073800.0
2010-09-30,360650000.0,-47628000.0,313022000.0,-260855000.0,-133129000.0,,-94487000.0,52042000.0,-63121000.0,-61491000.0,-11079000,55486000.0,44407000,1126000.0,45533000,11902000.0,56442000,34064000,20849000.0,26040000.0,,66500000.0,6589979000.0,,903309000.0,7493288000.0,7559788000,210405000.0,,419930000.0,4115599000.0,4115599000.0,4535529000,3573835000.0,,,3024259000.0,7559788000,57435000.0,71116000.0,-23230000.0,-10867000.0,,,,,94454000.0,-275960000.0,,-31833000.0,-285195000.0,-59583000.0,16361000.0,-252000.0,-44675000.0,-235416000,2010-09-30,11.6899995803833,11.81999969482422,11.520000457763672,11.59000015258789,7.531275272369385,3239300.0
2010-12-31,124709000.0,9544000.0,134253000.0,-126784000.0,-104591000.0,,-22025000.0,40214000.0,-12271000.0,-10705000.0,27943000,-1748000.0,26195000,0.0,26195000,-376000.0,25793000,9483000,18384000.0,22588000.0,,48380000.0,6326334000.0,,1269562000.0,7595896000.0,7644276000,207470000.0,,447294000.0,4207079000.0,4207079000.0,4654373000,3576242000.0,,,2989903000.0,7644276000,25819000.0,69706000.0,83772000.0,-30993000.0,,,,,148304000.0,-265714000.0,,-4784000.0,18179000.0,-58915000.0,-106363000.0,108000.0,-168948000.0,-2465000,2010-12-31,12.34000015258789,12.479999542236328,12.3100004196167,12.460000038146973,8.211782455444336,1412500.0
2011-03-31,337533000.0,-40699000.0,296834000.0,-252239000.0,-146861000.0,,-77822000.0,112451000.0,-53273000.0,-52124000.0,59178000,-589000.0,58589000,,58589000,6200000.0,63706000,47569000,167115000.0,27166000.0,,231851000.0,6428826000.0,,866814000.0,7295640000.0,7527491000,159377000.0,,430138000.0,4071503000.0,4071503000.0,4501641000,3582163000.0,,,3025850000.0,7527491000,64789000.0,67063000.0,-10394000.0,-93433000.0,,,,,28025000.0,-59579000.0,,-6068000.0,405645000.0,-58866000.0,-223658000.0,0.0,-284939000.0,148731000,2011-03-31,13.960000038146973,14.149999618530273,13.960000038146973,14.010000228881836,9.34915828704834,2093600.0
2011-06-30,315371000.0,-32712000.0,282659000.0,-241034000.0,-131510000.0,,-83351000.0,42117000.0,-54270000.0,-53814000.0,-12153000,-594000.0,-12747000,,-12747000,-1111000.0,-13068000,-29042000,117645000.0,24741000.0,,190649000.0,6473926000.0,,862510000.0,7336436000.0,7527085000,203302000.0,,460786000.0,4111527000.0,4111527000.0,4572313000,3585500000.0,,,2954772000.0,7527085000,-13858000.0,68746000.0,76268000.0,-14889000.0,,,,,116267000.0,-118883000.0,,-10849000.0,-99987000.0,-58925000.0,-4500000.0,0.0,-65750000.0,-49470000,2011-06-30,13.989999771118164,14.170000076293945,13.890000343322756,14.010000228881836,9.458391189575195,2806300.0
2011-09-30,312289000.0,-35105000.0,277184000.0,-237523000.0,-130040000.0,,-81068000.0,38224000.0,-53511000.0,-54528000.0,-15287000,-342000.0,-15629000,194000.0,-15435000,566000.0,-14044000,-32076000,16182000.0,21685000.0,,82292000.0,6528085000.0,,894284000.0,7422369000.0,7504661000,201978000.0,,457395000.0,4272323000.0,4272323000.0,4729718000,3593910000.0,,,2774943000.0,7504661000,-14869000.0,68325000.0,40746000.0,6590000.0,,,,,100792000.0,-130086000.0,,-11445000.0,-180332000.0,-57373000.0,37492000.0,0.0,-21923000.0,-101463000,2011-09-30,10.729999542236328,10.920000076293944,10.5,10.5,7.200937271118164,3144300.0
2011-12-31,242845000.0,-21201000.0,221644000.0,-194764000.0,-115176000.0,,-62829000.0,28518000.0,-49427000.0,-46304000.0,-20909000,-12594000.0,-33503000,0.0,-33503000,93750000.0,58971000,44965000,213809000.0,22255000.0,,276311000.0,5892768000.0,,835358000.0,6728126000.0,7004437000,188350000.0,,415190000.0,3809589000.0,3809589000.0,4224779000,3597117000.0,,,2779658000.0,7004437000,60247000.0,63088000.0,54169000.0,-85051000.0,,,,,92453000.0,-412428000.0,,-6244000.0,625609000.0,-57003000.0,-456270000.0,0.0,-520435000.0,197627000,2011-12-30,12.119999885559082,12.350000381469727,12.050000190734865,12.050000190734865,8.384624481201174,1230800.0
2012-03-31,265661000.0,-35758000.0,229903000.0,-191964000.0,-75760000.0,,-88090000.0,37662000.0,-59942000.0,-59299000.0,-22280000,-580000.0,-22860000,,-22860000,4750000.0,-17467000,-36390000,14740000.0,24045000.0,,72042000.0,5991350000.0,,809013000.0,6800363000.0,6872405000,138996000.0,,370065000.0,3816870000.0,3816870000.0,4186935000,3782957000.0,,,2685470000.0,6872405000,-18110000.0,63860000.0,-12331000.0,-8076000.0,,,,,25343000.0,-173334000.0,,-3521000.0,-137575000.0,-53389000.0,-179178000.0,146969000.0,-86837000.0,-199069000,2012-03-30,14.359999656677244,14.550000190734865,14.34000015258789,14.34000015258789,10.102411270141602,4222500.0
2012-06-30,260820000.0,-33099000.0,227721000.0,-185596000.0,-69473000.0,,-88667000.0,42244000.0,-60949000.0,-59146000.0,-18705000,-1029000.0,-19734000,,-19734000,2006000.0,-17400000,-28482000,106565000.0,19618000.0,,159152000.0,6116817000.0,,792121000.0,6908938000.0,7068090000,182791000.0,,412069000.0,4036643000.0,4036643000.0,4448712000,3786421000.0,,,2619378000.0,7068090000,-17728000.0,63622000.0,74917000.0,-5708000.0,,,,,115103000.0,-186270000.0,,-12910000.0,-191933000.0,-56379000.0,220434000.0,4289000.0,168655000.0,91825000,2012-06-29,14.520000457763672,14.68000030517578,14.470000267028807,14.640000343322756,10.434597969055176,4270000.0
2012-09-30,293258000.0,-37187000.0,256071000.0,-214288000.0,-96653000.0,,-90202000.0,42186000.0,-58522000.0,-58812000.0,-16336000,-954000.0,-17290000,103000.0,-17187000,-362000.0,-17149000,-28230000,113152000.0,29737000.0,,179302000.0,6209222000.0,,801593000.0,7010815000.0,7190117000,180973000.0,,424931000.0,4140145000.0,4140145000.0,4565076000,3873890000.0,,,2625041000.0,7190117000,-17549000.0,65997000.0,14577000.0,-1935000.0,,,,,61090000.0,-175001000.0,,-2831000.0,-175645000.0,-56945000.0,103870000.0,85043000.0,121142000.0,6587000,2012-09-28,14.619999885559082,14.800000190734865,14.600000381469727,14.699999809265135,10.604043960571287,2449100.0
2012-12-31,225340000.0,-31585000.0,193755000.0,-164418000.0,-59408000.0,,-81309000.0,29436000.0,-53645000.0,-52160000.0,-24209000,-1629000.0,-25838000,0.0,-25838000,3357000.0,-21961000,-33043000,33889000.0,22283000.0,,95926000.0,6607953000.0,,856222000.0,7464175000.0,7560101000,238499000.0,,487813000.0,4446170000.0,4446170000.0,4933983000,3956291000.0,,,2626118000.0,7560101000,-22481000.0,69346000.0,59685000.0,-8929000.0,,,,,97621000.0,-460621000.0,,-9251000.0,-462463000.0,-61617000.0,269784000.0,78994000.0,285579000.0,-79263000,2012-12-31,13.699999809265135,13.90999984741211,13.649999618530273,13.869999885559082,10.13046932220459,1345700.0
2013-03-31,257283000.0,-38861000.0,218422000.0,-173587000.0,-51486000.0,,-92993000.0,45003000.0,-9848000.0,-57181000.0,35155000,643000.0,35798000,0.0,35798000,8325000.0,43525000,28043000,307167000.0,21175000.0,,355807000.0,6528076000.0,,918216000.0,7446292000.0,7802099000,153206000.0,,403121000.0,4394397000.0,4394397000.0,4797518000,4540121000.0,,,3004581000.0,7802099000,44123000.0,70548000.0,-43253000.0,2016000.0,,,,,73434000.0,-144328000.0,,-4846000.0,-31328000.0,-64228000.0,-274260000.0,574685000.0,231172000.0,273278000,2013-03-28,17.09000015258789,17.15999984741211,16.969999313354492,16.979999542236328,12.534573554992676,6004900.0
2013-06-30,266101000.0,-37431000.0,228670000.0,-179825000.0,-54899000.0,,-95322000.0,49785000.0,-57538000.0,-57019000.0,-7753000,-6200000.0,-13953000,0.0,-13953000,83785000.0,68849000,61494000,21402000.0,21073000.0,,72680000.0,6891125000.0,,920097000.0,7811222000.0,7883902000,189776000.0,,444659000.0,4396777000.0,4396777000.0,4841436000,4571131000.0,,,3042466000.0,7883902000,69832000.0,70805000.0,70947000.0,-86813000.0,,,,,124771000.0,-437395000.0,,-8414000.0,-277789000.0,-62231000.0,-93999000.0,27242000.0,-132747000.0,-285765000,2013-06-28,15.720000267028807,15.770000457763672,15.529999732971193,15.59000015258789,11.615275382995605,2918900.0
2013-09-30,284462000.0,-41159000.0,243303000.0,-200436000.0,-69765000.0,,-101191000.0,46232000.0,-58608000.0,-56618000.0,-12376000,-726000.0,-13102000,4500000.0,-8602000,9939000.0,1289000,-6067000,24112000.0,20073000.0,,72835000.0,6885964000.0,,928040000.0,7814004000.0,7886839000,181150000.0,,438684000.0,4435211000.0,4435211000.0,4873895000,4604477000.0,,,3012944000.0,7886839000,1337000.0,72765000.0,38928000.0,6389000.0,,,,,119419000.0,-142010000.0,,-25699000.0,-117953000.0,-62613000.0,34453000.0,30604000.0,1244000.0,2710000,2013-09-30,15.609999656677244,15.789999961853027,15.40999984741211,15.4399995803833,11.628632545471193,2379200.0
2013-12-31,160914000.0,-10233000.0,150681000.0,-139058000.0,-50356000.0,,-63950000.0,75876000.0,-20177000.0,-31356000.0,55699000,-10020000.0,45679000,580000.0,46259000,34998000.0,76929000,69574000,19275000.0,26173000.0,,64657000.0,6791221000.0,,896736000.0,7687957000.0,7752614000,195015000.0,,453609000.0,4254376000.0,4254376000.0,4707985000,4624228000.0,,,3044629000.0,7752614000,81257000.0,74465000.0,53970000.0,-91640000.0,,,,,118052000.0,-225791000.0,,-22761000.0,107688000.0,-62841000.0,-176249000.0,17159000.0,-230577000.0,-4837000,2013-12-31,15.039999961853027,15.229999542236328,14.970000267028807,15.039999961853027,11.450183868408205,2402900.0
2014-03-31,264466000.0,-42041000.0,222425000.0,-181682000.0,-61965000.0,,-88298000.0,56748000.0,-46589000.0,-49261000.0,10159000,-14000.0,10145000,-2674000.0,7471000,18100000.0,25237000,18683000,19474000.0,34763000.0,,82070000.0,6828050000.0,,857243000.0,7685293000.0,7767363000,165755000.0,,427491000.0,4323210000.0,4323210000.0,4750701000,4653199000.0,,,3016662000.0,7767363000,25571000.0,71393000.0,-8132000.0,-29695000.0,,,,,59137000.0,-124907000.0,,-420000.0,-74906000.0,-62736000.0,55991000.0,23783000.0,15968000.0,199000,2014-03-31,16.709999084472653,16.930000305175778,16.520000457763672,16.879999160766598,12.986699104309082,2055100.0
2014-06-30,274292000.0,-32221000.0,242071000.0,-193361000.0,-74222000.0,,-88500000.0,122917000.0,9607000.0,-51448000.0,132524000,-3409000.0,129115000,-364000.0,128751000,7776000.0,134734000,127688000,21225000.0,33642000.0,,92575000.0,6884965000.0,,884964000.0,7769929000.0,7862504000,203206000.0,,476759000.0,4133885000.0,4133885000.0,4610644000,4824325000.0,,,3251860000.0,7862504000,136527000.0,73225000.0,22819000.0,-87678000.0,,,,,144893000.0,-198650000.0,,-3745000.0,-54876000.0,-63369000.0,-183915000.0,167324000.0,-88266000.0,1751000,2014-06-30,18.15999984741211,18.200000762939453,17.979999542236328,18.15999984741211,14.108052253723145,2777400.0
2014-09-30,261806000.0,-29829000.0,231977000.0,-180203000.0,-63101000.0,,-85772000.0,102084000.0,-27887000.0,-47421000.0,74197000,-6478000.0,67719000,442000.0,68161000,3396000.0,70801000,61533000,66132000.0,32416000.0,,128994000.0,6896127000.0,,859074000.0,7755201000.0,7884195000,183012000.0,,446438000.0,4208547000.0,4208547000.0,4654985000,4895180000.0,,,3229210000.0,7884195000,71557000.0,72345000.0,23780000.0,-50713000.0,,,,,116969000.0,-193142000.0,,-1709000.0,-30431000.0,-64601000.0,-40915000.0,64855000.0,-41631000.0,44907000,2014-09-30,17.34000015258789,17.360000610351562,17.110000610351562,17.180000305175778,13.472770690917967,3116700.0
2014-12-31,246287000.0,-32187000.0,214100000.0,-162626000.0,-50105000.0,,-83705000.0,84108000.0,-35754000.0,-48056000.0,48354000,-40587000.0,7767000,3440000.0,11207000,1593000.0,12816000,-3011000,17922000.0,26168000.0,,80314000.0,6203592000.0,,1470933000.0,7674525000.0,7754839000,194050000.0,,462320000.0,4412639000.0,4412639000.0,4874959000,4948241000.0,,,2879880000.0,7754839000,12800000.0,73316000.0,82437000.0,-45065000.0,,,,,123488000.0,-123406000.0,,-5699000.0,-46818000.0,-64916000.0,-79418000.0,33160000.0,-124880000.0,-48210000,2014-12-31,20.600000381469727,20.82999992370605,20.15999984741211,20.200000762939453,15.979400634765625,1785900.0
2015-03-31,267435000.0,-36124000.0,231311000.0,-178266000.0,-64027000.0,,-81903000.0,81954000.0,-43026000.0,-49610000.0,38928000,-28000.0,38900000,-1484000.0,37416000,28553000.0,65244000,65244000,17806000.0,28961000.0,,91627000.0,6033325000.0,,1605552000.0,7638877000.0,7730504000,143530000.0,,391953000.0,4444368000.0,4444368000.0,4836321000,4955769000.0,,,2894183000.0,7730504000,65969000.0,66835000.0,-41602000.0,-48524000.0,,,,,42678000.0,-67644000.0,,-49689000.0,-22612000.0,-58607000.0,34359000.0,4882000.0,-20182000.0,-116000,2015-03-31,22.01000022888184,22.100000381469727,21.709999084472656,21.770000457763672,17.36104393005371,2492200.0
2015-06-30,225897000.0,-30094000.0,195803000.0,-148612000.0,-40976000.0,,-78334000.0,171613000.0,-26478000.0,-42976000.0,145135000,-89428000.0,55707000,2288000.0,57995000,396170000.0,449380000,449380000,20254000.0,22649000.0,,57432000.0,5998691000.0,,1058398000.0,7057089000.0,7114521000,152784000.0,,361935000.0,3460743000.0,3460743000.0,3822678000,4956675000.0,,,3291843000.0,7114521000,454165000.0,61789000.0,134600000.0,-517580000.0,,,,,132974000.0,-88481000.0,,-519000.0,1041159000.0,-58667000.0,-1112204000.0,-126000.0,-1171685000.0,2448000,2015-06-30,18.61000061035156,18.729999542236328,18.5,18.56999969482422,14.938225746154785,3011200.0
2015-09-30,234537000.0,-30137000.0,204400000.0,-150101000.0,-41034000.0,,-79898000.0,127217000.0,-45360000.0,-41615000.0,81857000,-8022000.0,73835000,3305000.0,77140000,68000.0,76434000,76434000,175874000.0,20985000.0,,221681000.0,5977284000.0,,940944000.0,6918228000.0,7139909000,165071000.0,,382446000.0,3446020000.0,3446020000.0,3828466000,4962513000.0,,,3311443000.0,7139909000,77208000.0,63511000.0,43592000.0,-81745000.0,,,,,102566000.0,-133806000.0,,-4812000.0,128862000.0,-58693000.0,-16942000.0,-164000.0,-75808000.0,155620000,2015-09-30,19.26000022888184,19.290000915527344,18.93000030517578,19.049999237060547,15.456589698791506,2555500.0
2015-12-31,64307000.0,2933000.0,67240000.0,-48172000.0,-31698000.0,,-5629000.0,57575000.0,-22031000.0,-4057000.0,35544000,-19666000.0,15878000,-181000.0,15697000,8822000.0,24252000,24252000,22533000.0,18846000.0,,57838000.0,5912672000.0,,925005000.0,6837677000.0,6895515000,167891000.0,,370573000.0,3320141000.0,3320141000.0,3690714000,4965376000.0,,,3204801000.0,6895515000,24519000.0,61548000.0,60131000.0,-37765000.0,,,,,108433000.0,-149265000.0,,-17387000.0,-26110000.0,-131202000.0,-95629000.0,-62000.0,-235664000.0,-153341000,2015-12-31,21.299999237060547,21.38999938964844,21.020000457763672,21.020000457763672,17.387004852294922,2444200.0
2016-03-31,224954000.0,-29278000.0,195676000.0,-147680000.0,-39018000.0,,-77798000.0,63703000.0,-13347000.0,-37730000.0,50356000,-6408000.0,43948000,-343000.0,43605000,151000.0,43307000,43307000,15640000.0,20004000.0,,52267000.0,5941591000.0,,903102000.0,6844693000.0,6896960000,133437000.0,,325783000.0,3381060000.0,3381060000.0,3706843000,4968685000.0,,,3190117000.0,6896960000,43756000.0,62120000.0,-19148000.0,-13857000.0,,,,,72871000.0,-135422000.0,,-23237000.0,-62609000.0,-62262000.0,51351000.0,548000.0,-17155000.0,-6893000,2016-03-31,22.3700008392334,22.56999969482422,22.270000457763672,22.540000915527344,18.819725036621094,2794000.0
2016-06-30,183954000.0,-17017000.0,166937000.0,-120683000.0,-33812000.0,,-61136000.0,86275000.0,-1323000.0,-29511000.0,84952000,22544000.0,107496000,157000.0,107653000,2530000.0,109067000,109067000,91700000.0,21439000.0,,126576000.0,6044417000.0,,694032000.0,6738449000.0,6865025000,144292000.0,,327035000.0,3197781000.0,3197781000.0,3524816000,5071720000.0,,,3340209000.0,6865025000,110183000.0,64474000.0,-8013000.0,-41314000.0,,,,,125330000.0,-121112000.0,,-27718000.0,104096000.0,-62389000.0,-182736000.0,99296000.0,-153366000.0,76060000,2016-06-30,26.21999931335449,26.690000534057614,25.959999084472656,26.65999984741211,22.43437385559082,3606100.0
2016-09-30,181673000.0,-16933000.0,164740000.0,-118961000.0,-29716000.0,,-61820000.0,130078000.0,-12554000.0,-27283000.0,117524000,-9292000.0,108232000,359000.0,108591000,4568000.0,112014000,112014000,110211000.0,26180000.0,,144919000.0,6000523000.0,,716639000.0,6717162000.0,6862081000,165637000.0,,362108000.0,2991051000.0,2991051000.0,3353159000,5190920000.0,,,3508922000.0,6862081000,113159000.0,64960000.0,57850000.0,-79740000.0,,,,,156229000.0,-145287000.0,,-3898000.0,22803000.0,-63234000.0,-213702000.0,117669000.0,-160521000.0,18511000,2016-09-30,27.690000534057614,27.82999992370605,27.32999992370605,27.32999992370605,23.14597129821777,2213400.0
2016-12-31,139930000.0,-11095000.0,128835000.0,-93891000.0,-33310000.0,,-41803000.0,66875000.0,-7796000.0,-18233000.0,59079000,-20923000.0,38156000,416000.0,38572000,9608000.0,47755000,47755000,12639000.0,15838000.0,,74738000.0,4840748000.0,,1856516000.0,6697264000.0,6772002000,82745000.0,,370232000.0,2908477000.0,2908477000.0,3278709000,5195559000.0,,,3493293000.0,6772002000,48180000.0,63865000.0,23332000.0,-32790000.0,,,,,102587000.0,-65496000.0,,-3061000.0,-34191000.0,-67394000.0,-95461000.0,2745000.0,-160994000.0,-92598000,2016-12-30,26.09000015258789,26.57999992370605,25.90999984741211,26.559999465942386,22.67814445495605,2503200.0
2017-03-31,181075000.0,-16237000.0,164838000.0,-116128000.0,-26856000.0,,-62023000.0,87261000.0,-18880000.0,-24162000.0,68381000,-834000.0,67547000,-2132000.0,65415000,5366000.0,70200000,70200000,13389000.0,19089000.0,,37479000.0,6117932000.0,,803099000.0,6921031000.0,6958510000,98688000.0,,380368000.0,3080262000.0,3080262000.0,3460630000,5194945000.0,,,3497880000.0,6958510000,70781000.0,66172000.0,10592000.0,-37837000.0,,,,,109708000.0,-277532000.0,,-297000.0,-188866000.0,-67554000.0,177960000.0,786000.0,101697000.0,22539000,2017-03-31,25.940000534057614,26.309999465942386,25.90999984741211,26.270000457763672,22.60018920898437,2073900.0
2017-06-30,189412000.0,-14506000.0,174906000.0,-128865000.0,-34232000.0,,-67013000.0,81661000.0,52520000.0,-21680000.0,134181000,-9561000.0,124620000,-5426000.0,119194000,1108573000.0,1210543000,1210543000,76326000.0,23580000.0,,948308000.0,5169529000.0,,1199732000.0,6369261000.0,7317569000,79495000.0,,373985000.0,2280128000.0,2280128000.0,2654113000,5199741000.0,,,4663456000.0,7317569000,1227767000.0,58711000.0,-17480000.0,-1147370000.0,,,,,121628000.0,-316696000.0,,-1742000.0,1663728000.0,-67577000.0,-831477000.0,2904000.0,-896964000.0,888392000,2017-06-30,27.70000076293945,28.06999969482422,27.649999618530273,27.95000076293945,24.20972442626953,3013700.0
2017-09-30,194828000.0,-16224000.0,178604000.0,-131073000.0,-34154000.0,,-67992000.0,75148000.0,-12590000.0,-20835000.0,62558000,-20190000.0,42368000,-359000.0,42009000,123618000.0,165269000,165269000,27315000.0,20605000.0,,570783000.0,5676390000.0,,1050298000.0,6726688000.0,7297471000,107699000.0,,412216000.0,2131880000.0,2131880000.0,2544096000,5198712000.0,,,4753375000.0,7297471000,165627000.0,55035000.0,53047000.0,-143172000.0,,,,,130537000.0,-572377000.0,,-4264000.0,-313853000.0,-67639000.0,-140884000.0,3619000.0,-218343000.0,-401659000,2017-09-29,28.790000915527344,28.940000534057614,28.6299991607666,28.81999969482422,25.13227081298828,2379300.0
2017-12-31,215619000.0,-17615000.0,198004000.0,-153414000.0,-49159000.0,,-76533000.0,65715000.0,-10015000.0,-20326000.0,55700000,0.0,55700000,8274000.0,63974000,126192000.0,188419000,188419000,67562000.0,19427000.0,,216874000.0,6154543000.0,,1016779000.0,7171322000.0,7388196000,85285000.0,,390927000.0,2422891000.0,2422891000.0,2813818000,5208880000.0,,,4574378000.0,7388196000,190166000.0,62688000.0,-13211000.0,-151312000.0,,,,,88331000.0,-605752000.0,,-4020000.0,-385097000.0,-374062000.0,304540000.0,6074000.0,-75916000.0,-372682000,2017-12-29,27.3799991607666,27.3799991607666,27.11000061035156,27.209999084472656,24.62290382385254,1644100.0
2018-03-31,234557000.0,-19913000.0,214644000.0,-171376000.0,-61432000.0,,-77529000.0,91103000.0,-7250000.0,-20000000.0,83853000,0.0,83853000,-10329000.0,73524000,124000.0,72963000,72963000,160861000.0,21939000.0,,258688000.0,6192808000.0,,976178000.0,7168986000.0,7427674000,98400000.0,,350034000.0,2496456000.0,2496456000.0,2846490000,5208425000.0,,,4581184000.0,7427674000,73648000.0,63944000.0,23904000.0,-48334000.0,,,,,113162000.0,-154535000.0,,0.0,-38336000.0,-71398000.0,39551000.0,706000.0,-40090000.0,34736000,2018-03-29,26.3700008392334,26.6200008392334,26.270000457763672,26.479999542236328,24.150840759277344,2959300.0
2018-06-30,210558000.0,-16769000.0,193789000.0,-136877000.0,-28712000.0,,-75832000.0,207231000.0,-14266000.0,-20675000.0,192965000,-151000.0,192814000,-63000.0,192751000,2920000.0,193845000,193845000,86339000.0,19728000.0,,265619000.0,6366076000.0,,871123000.0,7237199000.0,7502818000,93542000.0,,376419000.0,2417429000.0,2417429000.0,2793848000,5213177000.0,,,4708970000.0,7502818000,195671000.0,62095000.0,17653000.0,-157963000.0,,,,,117456000.0,-380051000.0,,-2617000.0,50299000.0,-71409000.0,-81912000.0,670000.0,-153476000.0,14279000,2018-06-29,28.88999938964844,29.239999771118164,28.790000915527344,29.03000068664551,26.66359138488769,2598100.0
2018-09-30,231898000.0,-17704000.0,214194000.0,-153727000.0,-42689000.0,,-78855000.0,64275000.0,-11781000.0,-21462000.0,52494000,-89000.0,52405000,897000.0,53302000,221000.0,53025000,53025000,133405000.0,19494000.0,,314195000.0,6586469000.0,,924146000.0,7510615000.0,7824810000,117134000.0,,465710000.0,2634176000.0,2634176000.0,3099886000,5244078000.0,,,4724924000.0,7824810000,53523000.0,64421000.0,26997000.0,-3910000.0,,,,,141031000.0,-178099000.0,,-111000.0,-341547000.0,-71656000.0,281962000.0,29215000.0,230675000.0,30159000,2018-09-28,27.729999542236328,28.3700008392334,27.729999542236328,28.3700008392334,26.240894317626953,2650100.0
2018-12-31,270857000.0,-17050000.0,253807000.0,-190864000.0,-77294000.0,,-80001000.0,76303000.0,-12923000.0,-22869000.0,63380000,-148000.0,63232000,667000.0,63899000,527000.0,63896000,63896000,17901000.0,14254000.0,,73370000.0,6852943000.0,,877711000.0,7730654000.0,7804024000,89511000.0,,432280000.0,2658501000.0,2658501000.0,3090781000,5247964000.0,,,4713243000.0,7804024000,64426000.0,65790000.0,-259976000.0,242518000.0,,,,,112758000.0,54324000.0,,-50746000.0,-264846000.0,-77039000.0,975000.0,4322000.0,-95196000.0,-247284000,2018-12-31,25.60000038146973,25.899999618530273,25.239999771118164,25.899999618530273,24.138227462768555,2126600.0
2019-03-31,264929000.0,-20668000.0,244261000.0,-187282000.0,-74569000.0,,-75992000.0,57566000.0,-14659000.0,-22132000.0,42907000,2246000.0,45153000,-385000.0,44768000,155000.0,44551000,44551000,15295000.0,14496000.0,,53886000.0,7026939000.0,,881655000.0,7908594000.0,7962480000,94392000.0,,454485000.0,2826824000.0,2826824000.0,3281309000,5253751000.0,,,4681171000.0,7962480000,44923000.0,62423000.0,-3745000.0,10958000.0,,,,,114559000.0,-180404000.0,,-6474000.0,-206306000.0,-77237000.0,177035000.0,4492000.0,88398000.0,-3349000,2019-03-29,30.86000061035156,30.86000061035156,30.51000022888184,30.57999992370605,28.70713996887207,2182800.0
2019-06-30,237026000.0,-17597000.0,219429000.0,-156953000.0,-36609000.0,,-83004000.0,95018000.0,-16833000.0,-23510000.0,78185000,0.0,78185000,-6616000.0,71569000,99000.0,71053000,71053000,8664000.0,21229000.0,,52343000.0,7148064000.0,,813720000.0,7961784000.0,8014127000,98361000.0,,473031000.0,2838975000.0,2838975000.0,3312006000,5293988000.0,,,4702121000.0,8014127000,71668000.0,69455000.0,30806000.0,-28696000.0,,,,,143233000.0,-203984000.0,,512000.0,-125357000.0,-77313000.0,17337000.0,37636000.0,-23017000.0,-5141000,2019-06-28,31.190000534057614,31.6299991607666,31.190000534057614,31.61000061035156,29.885143280029297,3390100.0
2019-09-30,241329000.0,-19158000.0,222171000.0,-155020000.0,-37360000.0,,-83924000.0,244666000.0,-16783000.0,-22604000.0,227883000,,227883000,,227883000,648000.0,226566000,226566000,121233000.0,20449000.0,,285108000.0,7152469000.0,,825377000.0,7977846000.0,8262954000,114364000.0,,474100000.0,2767582000.0,2767582000.0,3241682000,5476173000.0,,,5021272000.0,8262954000,228531000.0,70383000.0,26435000.0,-179054000.0,,,,,146295000.0,-166616000.0,,-1000.0,87835000.0,-77773000.0,-101046000.0,180544000.0,-625000.0,233505000,2019-09-30,34.009998321533196,34.240001678466804,33.959999084472656,33.970001220703125,32.325958251953125,2147400.0
2019-12-31,230475000.0,-18161000.0,212314000.0,-147663000.0,-23917000.0,,-84303000.0,96105000.0,-134000.0,-21510000.0,95971000,-6307000.0,89664000,-1685000.0,87979000,-457000.0,86802000,86802000,110891000.0,20349000.0,,158520000.0,7451453000.0,,810589000.0,8262042000.0,8420562000,83223000.0,,425537000.0,2914765000.0,2914765000.0,3340302000,5529143000.0,,,5080260000.0,8420562000,87522000.0,70161000.0,-270394000.0,214522000.0,,,,,101811000.0,-61561000.0,,-41586000.0,-311246000.0,-86379000.0,157631000.0,50089000.0,80334000.0,-129101000,2019-12-31,34.40999984741211,34.68000030517578,34.31999969482422,34.669998168945305,33.21573638916016,2174100.0
2020-03-31,226369000.0,-18843000.0,207526000.0,-154054000.0,-28331000.0,,-85359000.0,62544000.0,-19560000.0,-23494000.0,42984000,-23432000.0,19552000,60000.0,19612000,48000.0,19456000,19456000,187563000.0,18058000.0,,236247000.0,7661983000.0,,676054000.0,8338037000.0,8574284000,96544000.0,,400611000.0,3146611000.0,3146611000.0,3547222000,5537490000.0,,,5027062000.0,8574284000,19660000.0,71582000.0,30046000.0,-6738000.0,,,,,114550000.0,-230842000.0,,-10458000.0,-158681000.0,-86562000.0,202796000.0,5465000.0,113183000.0,69052000,2020-03-31,32.560001373291016,33.040000915527344,31.53000068664551,32.380001068115234,31.21555519104004,4358000.0
2020-06-30,238511000.0,-17557000.0,220954000.0,-153059000.0,-24012000.0,,-86704000.0,73965000.0,-20229000.0,-22841000.0,53736000,-13689000.0,40047000,150000.0,40197000,23000.0,39820000,39820000,29870000.0,16869000.0,,100508000.0,7771520000.0,,694981000.0,8466501000.0,8567009000,94654000.0,,434407000.0,3075186000.0,3075186000.0,3509593000,5611601000.0,,,5057416000.0,8567009000,40220000.0,72340000.0,15850000.0,18198000.0,,,,,146608000.0,-163720000.0,,-12041000.0,-175358000.0,-86569000.0,-84595000.0,71213000.0,-103137000.0,-131887000,2020-06-30,34.59999847412109,35.560001373291016,34.009998321533196,35.38999938964844,34.37251663208008,2345600.0
