Report Date,Revenue,Cost of Revenue,Gross Profit,Operating Expenses,"Selling, General & Administrative",Research & Development,Depreciation & Amortization,Operating Income (Loss),Non-Operating Income (Loss),"Interest Expense, Net","Pretax Income (Loss), Adj.",Abnormal Gains (Losses),Pretax Income (Loss),"Income Tax (Expense) Benefit, Net",Income (Loss) from Continuing Operations,Net Extraordinary Gains (Losses),Net Income,Net Income (Common),"Cash, Cash Equivalents & Short Term Investments",Accounts & Notes Receivable,Inventories,Total Current Assets,"Property, Plant & Equipment, Net",Long Term Investments & Receivables,Other Long Term Assets,Total Noncurrent Assets,Total Assets,Payables & Accruals,Short Term Debt,Total Current Liabilities,Long Term Debt,Total Noncurrent Liabilities,Total Liabilities,Share Capital & Additional Paid-In Capital,Treasury Stock,Retained Earnings,Total Equity,Total Liabilities & Equity,Net Income/Starting Line,Depreciation & Amortization,Non-Cash Items,Change in Working Capital,Change in Accounts Receivable,Change in Inventories,Change in Accounts Payable,Change in Other,Net Cash from Operating Activities,Change in Fixed Assets & Intangibles,Net Change in Long Term Investment,Net Cash from Acquisitions & Divestitures,Net Cash from Investing Activities,Dividends Paid,Cash from (Repayment of) Debt,Cash from (Repurchase of) Equity,Net Cash from Financing Activities,Net Change in Cash,Price Date,Open,High,Low,Close,Adj Close,Volume
2010-02-28,1874000000.0,-1430200000.0,443800000.0,-247600000.0,-169500000.0,,-78100000.0,196200000.0,-20800000.0,-20800000.0,175400000,,175400000,-40600000.0,134800000,-500000.0,134300000,134300000,260300000.0,56000000.0,218100000.0,698800000.0,3374600000.0,,1169000000.0,4543600000.0,5242400000,511700000.0,149900000.0,1250400000.0,1542900000.0,2148200000.0,3398600000,2242400000.0,-2877500000.0,2541600000.0,1843800000.0,5242400000,134800000.0,78100000.0,-4800000.0,234000000.0,,,,234000000.0,442100000.0,-107200000.0,-4400000.0,,-114100000.0,-34800000.0,-102300000.0,5700000.0,-125100000.0,203400000,2010-02-26,36.11355972290039,36.39960861206055,36.05098724365234,36.24764633178711,25.344520568847656,1418951.0
2010-05-31,1863800000.0,-1425700000.0,438100000.0,-256000000.0,-179900000.0,,-76100000.0,182100000.0,-24900000.0,-24900000.0,157200000,,157200000,-41200000.0,116000000,-400000.0,115600000,115600000,248800000.0,59400000.0,220800000.0,690200000.0,3403700000.0,,1182200000.0,4585900000.0,5276100000,471200000.0,225000000.0,1209800000.0,1466300000.0,2172300000.0,3382100000,2297900000.0,-2943500000.0,2621900000.0,1894000000.0,5276100000,116000000.0,76100000.0,28300000.0,-69600000.0,,,,-69600000.0,150800000.0,-106800000.0,0.0,0.0,-108000000.0,-35300000.0,0.0,-30900000.0,-55000000.0,-11500000,2010-05-28,38.94722366333008,39.2422103881836,38.285736083984375,38.34830856323242,26.96224403381348,2396912.0
2010-08-31,1806700000.0,-1365400000.0,441300000.0,-257600000.0,-180900000.0,,-76700000.0,183700000.0,-24600000.0,-24600000.0,159100000,,159100000,-45800000.0,113300000,-200000.0,113100000,113100000,77500000.0,47000000.0,210000000.0,503700000.0,3444200000.0,,1162000000.0,4606200000.0,5109900000,493400000.0,81000000.0,1148100000.0,1467100000.0,2091400000.0,3239500000,2311500000.0,-3038500000.0,2690600000.0,1870400000.0,5109900000,113300000.0,76700000.0,4400000.0,20500000.0,,,,20500000.0,214900000.0,-108900000.0,2100000.0,,-109700000.0,-44400000.0,-144000000.0,-89900000.0,-277900000.0,-171300000,2010-08-31,36.83761978149414,37.21305847167969,36.67671585083008,36.8823127746582,26.15404510498047,1541783.0
2010-11-30,1726200000.0,-1341500000.0,384700000.0,-258000000.0,-180000000.0,,-78000000.0,126700000.0,-23500000.0,-23500000.0,103200000,,103200000,-27400000.0,75800000,-1300000.0,74500000,74500000,52900000.0,56000000.0,273900000.0,563000000.0,3520600000.0,,1168700000.0,4689300000.0,5252300000,435900000.0,243000000.0,1255400000.0,1465700000.0,2118300000.0,3373700000,2350900000.0,-3112500000.0,2721000000.0,1878600000.0,5252300000,75700000.0,78000000.0,16200000.0,-102700000.0,,,,-102700000.0,67200000.0,-163000000.0,0.0,0.0,-166200000.0,-43900000.0,162000000.0,-50100000.0,74300000.0,-24600000,2010-11-30,43.69383239746094,44.14971923828125,43.515052795410156,43.75640487670898,31.255878448486328,1521087.0
2011-02-28,1976800000.0,-1478400000.0,498400000.0,-275300000.0,-194800000.0,,-80500000.0,223100000.0,-24000000.0,-24000000.0,199100000,,199100000,-47400000.0,151700000,-500000.0,151200000,151200000,89700000.0,72300000.0,326900000.0,698700000.0,3553500000.0,,1162600000.0,4716100000.0,5414800000,502500000.0,139000000.0,1331400000.0,1464000000.0,2159900000.0,3491300000,2383100000.0,-3216700000.0,2828200000.0,1923500000.0,5414800000,151800000.0,80500000.0,45900000.0,102400000.0,,,,102400000.0,380600000.0,-112400000.0,200000.0,0.0,-114600000.0,-43700000.0,-104000000.0,-86000000.0,-228700000.0,36800000,2011-02-28,42.48706817626953,42.73735809326172,41.77194595336914,42.1295051574707,30.30384063720703,2024947.0
2011-05-31,1990500000.0,-1514200000.0,476300000.0,-268600000.0,-187000000.0,,-81600000.0,207700000.0,-21500000.0,-21500000.0,186200000,,186200000,-48300000.0,137900000,-400000.0,137500000,137500000,70500000.0,65400000.0,300100000.0,663800000.0,3622000000.0,,1180800000.0,4802800000.0,5466600000,492000000.0,185500000.0,1286800000.0,1463300000.0,2243600000.0,3530400000,2408800000.0,-3325300000.0,2921900000.0,1936200000.0,5466600000,137900000.0,81600000.0,18800000.0,-6300000.0,,,,-6300000.0,232000000.0,-156400000.0,-3700000.0,0.0,-162200000.0,-43500000.0,46500000.0,-96500000.0,-88700000.0,-19200000,2011-05-31,45.74980163574219,45.92858123779297,45.08831787109375,45.27603530883789,32.78375625610352,1898423.0
2011-08-31,1942000000.0,-1506400000.0,435600000.0,-266900000.0,-182800000.0,,-84100000.0,168700000.0,-21700000.0,-21700000.0,147000000,,147000000,-40200000.0,106800000,-200000.0,106600000,106600000,74200000.0,64400000.0,343000000.0,732000000.0,3690200000.0,,1172000000.0,4862200000.0,5594200000,504500000.0,330500000.0,1452200000.0,1461500000.0,2238700000.0,3690900000,2444400000.0,-3415100000.0,2970700000.0,1903300000.0,5594200000,106800000.0,84100000.0,9900000.0,-82500000.0,,,,-82500000.0,118300000.0,-136600000.0,-3100000.0,,-140100000.0,-57700000.0,145000000.0,-68600000.0,25700000.0,3700000,2011-08-31,43.64019775390625,43.979881286621094,42.66584777832031,42.99658966064453,31.386703491210934,2241638.0
2011-11-30,1831500000.0,-1460600000.0,370900000.0,-273200000.0,-187400000.0,,-85800000.0,97700000.0,-25200000.0,-25200000.0,72500000,,72500000,-18400000.0,54100000,-400000.0,53700000,53700000,50200000.0,75800000.0,396600000.0,798000000.0,3838500000.0,,1228100000.0,5066600000.0,5864600000,456200000.0,804900000.0,1864800000.0,1508500000.0,2285900000.0,4150700000,2457900000.0,-3602400000.0,2968500000.0,1713900000.0,5864600000,54000000.0,85700000.0,34000000.0,-211700000.0,,,,-211700000.0,-38000000.0,-199700000.0,-3600000.0,-59200000.0,-268000000.0,-55900000.0,524500000.0,-182200000.0,282100000.0,-24000000,2011-11-30,42.46025085449219,42.64796829223633,42.1295051574707,42.64796829223633,31.44468688964844,2084797.0
2012-02-29,2159700000.0,-1627300000.0,532400000.0,-286900000.0,-198000000.0,,-88900000.0,245500000.0,-27700000.0,-27700000.0,217800000,,217800000,-53700000.0,164100000,0.0,164100000,164100000,88500000.0,55500000.0,453600000.0,805300000.0,3882900000.0,,1239200000.0,5122100000.0,5927400000,526100000.0,637600000.0,1898300000.0,1507600000.0,2252800000.0,4151100000,2483700000.0,-3679200000.0,3077200000.0,1776300000.0,5927400000,164200000.0,89000000.0,11700000.0,205300000.0,,,,205300000.0,470200000.0,-143800000.0,-4100000.0,600000.0,-151700000.0,-55000000.0,-167300000.0,-61100000.0,-280400000.0,38300000,2012-02-29,45.6246566772461,46.11630249023438,45.2224006652832,45.57995986938477,33.92753219604492,2683410.0
2012-05-31,-606100000.0,506000000.0,-100100000.0,45600000.0,28100000.0,,17500000.0,-54500000.0,-27500000.0,-27500000.0,-82000000,-200000.0,-82200000,36400000.0,-45800000,196900000.0,151100000,151100000,70500000.0,71400000.0,404100000.0,757600000.0,3951300000.0,,1235300000.0,5186600000.0,5944200000,475400000.0,612600000.0,1774100000.0,1508100000.0,2328100000.0,4102200000,2518800000.0,-3695800000.0,3172800000.0,1842000000.0,5944200000,-45800000.0,-17500000.0,26800000.0,-500000.0,,,,-500000.0,-37000000.0,25600000.0,0.0,100000.0,20700000.0,-55300000.0,-25000000.0,7000000.0,-67800000.0,-18000000,2012-05-31,46.25932312011719,46.52749633789063,45.91964340209961,46.24144744873047,34.717819213867195,2183913.0
2012-08-31,2034800000.0,-1549800000.0,485000000.0,-310800000.0,-218200000.0,,-92600000.0,174200000.0,-27900000.0,-27900000.0,146300000,,146300000,-35300000.0,111000000,-200000.0,110800000,110800000,51500000.0,59000000.0,404000000.0,726800000.0,4036400000.0,,1257200000.0,5293600000.0,6020400000,567800000.0,595700000.0,1860900000.0,1507800000.0,2299500000.0,4160400000,2542500000.0,-3747200000.0,3219100000.0,1860000000.0,6020400000,111000000.0,92600000.0,-3200000.0,52800000.0,,,,52800000.0,253200000.0,-149300000.0,4000000.0,,-158800000.0,-64000000.0,-16900000.0,-37500000.0,-116100000.0,-19000000,2012-08-31,47.02807998657226,47.06383514404297,46.3576545715332,46.43810653686523,35.204776763916016,1049782.0
2012-11-30,1960000000.0,-1568700000.0,391300000.0,-315300000.0,-216100000.0,,-99200000.0,76000000.0,-32900000.0,-32900000.0,43100000,,43100000,-9400000.0,33700000,-100000.0,33600000,33600000,61400000.0,66700000.0,425300000.0,800600000.0,4285700000.0,,1746400000.0,6032100000.0,6832700000,510900000.0,376000000.0,1543600000.0,2557000000.0,3425700000.0,4969300000,1164300000.0,-8700000.0,861800000.0,1863400000.0,6832700000,33800000.0,99200000.0,26000000.0,-144600000.0,,,,-144600000.0,14400000.0,-205900000.0,-100000.0,-578400000.0,-790600000.0,-64500000.0,830300000.0,22600000.0,786300000.0,9900000,2012-11-30,47.6180534362793,47.66274642944336,47.09065246582031,47.269432067871094,36.15760040283203,1666741.0
2013-02-28,2258200000.0,-1752300000.0,505900000.0,-300800000.0,-199800000.0,,-101000000.0,205100000.0,-31900000.0,-31900000.0,173200000,,173200000,-38700000.0,134500000,-100000.0,134400000,134400000,103900000.0,68100000.0,432600000.0,853400000.0,4335000000.0,,1769400000.0,6104400000.0,6957800000,542900000.0,216900000.0,1535400000.0,2555400000.0,3472100000.0,5007500000,1184500000.0,-8500000.0,930900000.0,1950300000.0,6957800000,134500000.0,101000000.0,35700000.0,151200000.0,,,,151200000.0,422400000.0,-163300000.0,4900000.0,1000000.0,-169500000.0,-64700000.0,-159100000.0,11900000.0,-210300000.0,42500000,2013-02-28,41.86133575439453,41.870277404785156,41.2713623046875,41.36075210571289,31.98525810241699,2368162.0
2013-05-31,-332000000.0,254200000.0,-77800000.0,23400000.0,8900000.0,,14500000.0,-54400000.0,-33300000.0,-33300000.0,-87700000,-900000.0,-88600000,46700000.0,-41900000,175000000.0,133100000,133100000,88200000.0,85400000.0,356900000.0,764900000.0,4391100000.0,,1780900000.0,6172000000.0,6936900000,531100000.0,164500000.0,1416400000.0,2548700000.0,3461000000.0,4877400000,1207600000.0,-8100000.0,998900000.0,2059500000.0,6936900000,-42000000.0,-14500000.0,-11300000.0,-27800000.0,,,,-27800000.0,-95600000.0,8700000.0,4300000.0,0.0,4300000.0,-65000000.0,-57200000.0,15000000.0,-104500000.0,-15700000,2013-05-31,46.87611770629883,47.26049423217773,46.295082092285156,46.30401992797852,36.165809631347656,1101130.0
2013-08-31,1531500000.0,-1208100000.0,323400000.0,-239800000.0,-165600000.0,,-74200000.0,83600000.0,-32800000.0,-32800000.0,50800000,-1000000.0,49800000,-7600000.0,42200000,28000000.0,70200000,70200000,108900000.0,80300000.0,373300000.0,809700000.0,4469600000.0,,1784700000.0,6254300000.0,7064000000,621500000.0,227000000.0,1563100000.0,2530100000.0,3429400000.0,4992500000,1222800000.0,-7900000.0,996800000.0,2071500000.0,7064000000,42200000.0,74200000.0,8400000.0,-2400000.0,,,,-2400000.0,122400000.0,-118800000.0,0.0,,-127400000.0,-71700000.0,47800000.0,7800000.0,-15000000.0,20700000,2013-08-30,41.35181427001953,41.52165603637695,41.11940002441406,41.3071174621582,32.61241912841797,1200582.0
2013-11-30,1485600000.0,-1200500000.0,285100000.0,-250200000.0,-174700000.0,,-75500000.0,34900000.0,-32900000.0,-32900000.0,2000000,-200000.0,1800000,4200000.0,6000000,13800000.0,19800000,19800000,84600000.0,83000000.0,418000000.0,834300000.0,4521800000.0,,1801200000.0,6323000000.0,7157300000,592100000.0,339200000.0,1646500000.0,2533300000.0,3451600000.0,5098100000,1255700000.0,-7800000.0,944700000.0,2059200000.0,7157300000,6100000.0,75500000.0,8200000.0,5700000.0,,,,5700000.0,95500000.0,-114600000.0,3300000.0,,-116800000.0,-71600000.0,112500000.0,18900000.0,61700000.0,-24300000,2013-11-29,47.88622283935547,47.939857482910156,47.44821166992188,47.67168807983398,38.09386825561523,510012.0
2014-02-28,1618500000.0,-1265800000.0,352700000.0,-230500000.0,-154200000.0,,-76300000.0,122200000.0,-33100000.0,-33100000.0,89100000,0.0,89100000,-2500000.0,86600000,23100000.0,109700000,109700000,127000000.0,69000000.0,461000000.0,909200000.0,4512200000.0,,1803400000.0,6315600000.0,7224800000,586500000.0,196500000.0,1641500000.0,2533600000.0,3461600000.0,5103100000,1280900000.0,-7800000.0,982000000.0,2121700000.0,7224800000,86600000.0,76300000.0,3600000.0,122000000.0,,,,122000000.0,288500000.0,-102500000.0,2400000.0,,-105700000.0,-72400000.0,-142600000.0,16600000.0,-194800000.0,42400000,2014-02-28,44.61454772949219,45.6961669921875,44.37319564819336,45.64253234863281,36.85794067382813,1723795.0
2014-05-31,1650000000.0,-1316100000.0,333900000.0,-249300000.0,-170900000.0,,-78400000.0,84600000.0,-35500000.0,-35500000.0,49100000,-15200000.0,33900000,14500000.0,48400000,38100000.0,86500000,86500000,98300000.0,83800000.0,196800000.0,1975800000.0,3381000000.0,,1725900000.0,5106900000.0,7082700000,423300000.0,222600000.0,1618500000.0,2463400000.0,3307300000.0,4925800000,1302200000.0,-7800000.0,995800000.0,2156900000.0,7082700000,48300000.0,78400000.0,-1400000.0,-76300000.0,,,,-76300000.0,49000000.0,-74500000.0,0.0,,-86400000.0,-72600000.0,26300000.0,14300000.0,-31100000.0,-28700000,2014-05-30,44.51622009277344,44.8380241394043,44.337440490722656,44.8022689819336,36.5780143737793,960958.0
2014-08-31,1595800000.0,-1282600000.0,313200000.0,-238600000.0,-159900000.0,,-78700000.0,74600000.0,-111300000.0,-111300000.0,-36700000,-7000000.0,-43700000,24400000.0,-19300000,522500000.0,503200000,503200000,413700000.0,86200000.0,201600000.0,1003900000.0,3380000000.0,,1740200000.0,5120200000.0,6124100000,716400000.0,115000000.0,1601800000.0,1519900000.0,2394400000.0,3996200000,817000000.0,-7800000.0,1426100000.0,2127900000.0,6124100000,-19300000.0,78700000.0,74600000.0,-57000000.0,,,,-57000000.0,77000000.0,-81700000.0,5100000.0,,-80500000.0,-72800000.0,-1157200000.0,8700000.0,-1627700000.0,315400000,2014-08-29,42.120567321777344,42.478126525878906,42.022239685058594,42.29934692382813,34.951446533203125,1481374.0
2014-11-30,1559000000.0,-1269700000.0,289300000.0,-270900000.0,-190800000.0,,-80100000.0,18400000.0,-33700000.0,-33700000.0,-15300000,-39300000.0,-54600000,23800000.0,-30800000,-2000000.0,-32800000,-32800000,157500000.0,66700000.0,193500000.0,719400000.0,3338300000.0,,1730200000.0,5068500000.0,5787900000,507800000.0,35000000.0,1306000000.0,1519200000.0,2376400000.0,3682400000,1200700000.0,-7800000.0,997300000.0,2105500000.0,5787900000,-30800000.0,80100000.0,60600000.0,11000000.0,,,,11000000.0,120900000.0,-75000000.0,2600000.0,,-75900000.0,-68100000.0,-89500000.0,40200000.0,-115100000.0,-256200000,2014-11-28,50.26399612426758,51.14001846313477,50.21036148071289,50.943359375,42.56141662597656,763844.0
2015-02-28,1730900000.0,-1342300000.0,388600000.0,-217400000.0,-137800000.0,,-79600000.0,171200000.0,-23300000.0,-23300000.0,147900000,-800000.0,147100000,-18700000.0,128400000,5400000.0,133800000,133800000,436200000.0,64000000.0,172800000.0,981900000.0,3288500000.0,,1732500000.0,5021000000.0,6002900000,477100000.0,15000000.0,1350800000.0,1511800000.0,2414300000.0,3765100000,1338800000.0,-7800000.0,989000000.0,2237800000.0,6002900000,128400000.0,79600000.0,46600000.0,103500000.0,,,,103500000.0,358100000.0,-48600000.0,2000000.0,,-52400000.0,-68400000.0,-26000000.0,-444100000.0,-33900000.0,278700000,2015-02-27,57.59397888183594,57.70124435424805,57.14702606201172,57.20959854125977,48.25271606445313,1244546.0
2015-05-31,1878300000.0,-1446900000.0,431400000.0,-265900000.0,-185000000.0,,-80900000.0,165500000.0,-24000000.0,-24000000.0,141500000,-15000000.0,126500000,-8400000.0,118100000,-12800000.0,105300000,105300000,535900000.0,78000000.0,163900000.0,1056400000.0,3215800000.0,,1722500000.0,4938300000.0,5994700000,404000000.0,15000000.0,1196700000.0,1452300000.0,2464500000.0,3661200000,1405900000.0,-7800000.0,1026000000.0,2333500000.0,5994700000,118100000.0,80900000.0,74700000.0,44600000.0,,,,44600000.0,318300000.0,-23300000.0,0.0,,-26300000.0,-69600000.0,400000.0,52600000.0,-7800000.0,99700000,2015-05-29,58.3001594543457,58.78286361694336,57.79063415527344,58.586204528808594,49.8274040222168,4024499.0
2015-08-31,1687000000.0,-1310700000.0,376300000.0,-243800000.0,-162700000.0,,-81100000.0,132500000.0,-22400000.0,-22400000.0,110100000,1700000.0,111800000,-30800000.0,81000000,5400000.0,86400000,86400000,690100000.0,60800000.0,162600000.0,1204600000.0,3104200000.0,,1717700000.0,4821900000.0,6026500000,402600000.0,15000000.0,1142600000.0,1437600000.0,2459800000.0,3602400000,1478500000.0,-7800000.0,1042300000.0,2424100000.0,6026500000,81000000.0,81100000.0,-6000000.0,-18100000.0,,,,-18100000.0,138000000.0,65300000.0,,,61600000.0,-70000000.0,-14700000.0,56900000.0,-17000000.0,154200000,2015-08-31,61.61652755737305,61.68803787231445,60.758384704589844,60.79413986206055,52.10269546508789,1024388.0
2015-11-30,1608800000.0,-1283900000.0,324900000.0,-235500000.0,-160200000.0,,-75300000.0,89400000.0,-57300000.0,-57300000.0,32100000,-7700000.0,24400000,5700000.0,30100000,13100000.0,43200000,43200000,857600000.0,63300000.0,170000000.0,1383500000.0,2074600000.0,,1724200000.0,3798800000.0,5182300000,351300000.0,759400000.0,1815400000.0,439500000.0,1377100000.0,3192500000,1488300000.0,-7800000.0,577900000.0,1989800000.0,5182300000,30100000.0,75300000.0,14400000.0,-67200000.0,,,,-67200000.0,52600000.0,123900000.0,800000.0,,117900000.0,-70600000.0,-254900000.0,4800000.0,-6100000.0,167500000,2015-11-30,56.88999938964844,57.06000137329102,56.02000045776367,56.16999816894531,48.53253555297852,1586200.0
2016-02-29,1847500000.0,-1415500000.0,432000000.0,-212900000.0,-145900000.0,,-67000000.0,219100000.0,-83100000.0,-83100000.0,136000000,2100000.0,138100000,-29900000.0,108200000,-2400000.0,105800000,105800000,215800000.0,53800000.0,178900000.0,729900000.0,2058100000.0,,1713900000.0,3772000000.0,4501900000,400900000.0,8000000.0,1201100000.0,439700000.0,1382600000.0,2583700000,1485100000.0,-7800000.0,507500000.0,1918200000.0,4501900000,108200000.0,67000000.0,82600000.0,148800000.0,,,,148800000.0,406600000.0,-40600000.0,0.0,,-42900000.0,-64200000.0,-818600000.0,-122700000.0,-1003900000.0,-641800000,2016-02-29,63.47000122070313,64.23000335693361,63.18999862670898,63.88000106811523,55.62955856323242,1136000.0
2016-05-31,1790200000.0,-1382300000.0,407900000.0,-220900000.0,-154100000.0,,-66800000.0,187000000.0,-9700000.0,-9700000.0,177300000,-1900000.0,175400000,-35000000.0,140400000,-800000.0,139600000,139600000,274800000.0,64000000.0,175400000.0,820300000.0,2041600000.0,,1720700000.0,3762300000.0,4582600000,426100000.0,,1187100000.0,440000000.0,1443500000.0,2630600000,1502600000.0,-7800000.0,547500000.0,1952000000.0,4582600000,140400000.0,66800000.0,36700000.0,-20700000.0,,,,-20700000.0,223200000.0,-51700000.0,-800000.0,0.0,-61200000.0,-63400000.0,-8600000.0,-24500000.0,-93800000.0,59000000,2016-05-31,67.59999847412111,67.90000152587889,67.05999755859375,67.83000183105469,59.52737426757813,3095500.0
2016-08-31,1714400000.0,-1342700000.0,371700000.0,-218200000.0,-151400000.0,,-66800000.0,153500000.0,-9900000.0,-9900000.0,143600000,7800000.0,151400000,-40300000.0,111100000,-900000.0,110200000,110200000,114700000.0,56300000.0,161800000.0,610800000.0,2035900000.0,,1723600000.0,3759500000.0,4370300000,385900000.0,,1132100000.0,440200000.0,1436900000.0,2569000000,1472400000.0,-7800000.0,429300000.0,1801300000.0,4370300000,111100000.0,66800000.0,2700000.0,-7500000.0,,,,-7500000.0,173100000.0,-56300000.0,,,-63100000.0,-70500000.0,100000.0,-192300000.0,-263100000.0,-160100000,2016-08-31,60.97999954223633,61.790000915527344,60.88999938964844,61.63999938964844,54.586341857910156,2317400.0
2016-11-30,1642500000.0,-1321500000.0,321000000.0,-204400000.0,-136600000.0,,-67800000.0,116600000.0,-9500000.0,-9500000.0,107100000,-100000.0,107000000,-27300000.0,79700000,-200000.0,79500000,79500000,116800000.0,69800000.0,183600000.0,683400000.0,2056900000.0,,1721600000.0,3778500000.0,4461900000,407500000.0,,1151300000.0,440500000.0,1457200000.0,2608500000,1522900000.0,-7800000.0,424400000.0,1853400000.0,4461900000,79700000.0,67800000.0,7800000.0,-34100000.0,,,,-34100000.0,121200000.0,-72100000.0,1100000.0,0.0,-77600000.0,-69000000.0,-100000.0,23600000.0,-38100000.0,2100000,2016-11-30,72.8499984741211,73.5,72.6500015258789,73.30000305175781,65.50640869140625,2509800.0
2017-02-28,1878700000.0,-1440200000.0,438500000.0,-209700000.0,-141800000.0,,-67900000.0,228800000.0,-9300000.0,-9300000.0,219500000,700000.0,220200000,-53900000.0,166300000,-700000.0,165600000,165600000,391400000.0,43600000.0,168000000.0,884900000.0,2069100000.0,,1725800000.0,3794900000.0,4679800000,395000000.0,,1232100000.0,440700000.0,1474900000.0,2707000000,1547000000.0,-7800000.0,520000000.0,1972800000.0,4679800000,166300000.0,67900000.0,-4500000.0,177300000.0,,,,177300000.0,407000000.0,-77400000.0,-1100000.0,0.0,-79600000.0,-69400000.0,0.0,16300000.0,-50200000.0,274600000,2017-02-28,74.6500015258789,75.0199966430664,74.33999633789062,74.68000030517578,67.26043701171875,1602300.0
2017-05-31,1934600000.0,-1496400000.0,438200000.0,-268000000.0,-197600000.0,,-70400000.0,170200000.0,-11500000.0,-11500000.0,158700000,0.0,158700000,-33300000.0,125400000,-1600000.0,123800000,123800000,233100000.0,75900000.0,178900000.0,587900000.0,2272300000.0,,2432100000.0,4704400000.0,5292300000,454700000.0,0.0,1289200000.0,936600000.0,1901400000.0,3190600000,1614600000.0,-7800000.0,560100000.0,2101700000.0,5292300000,125400000.0,70400000.0,14400000.0,4800000.0,,,,4800000.0,215000000.0,-78900000.0,,-764400000.0,-849400000.0,-70200000.0,500000000.0,35300000.0,480600000.0,-158300000,2017-05-31,87.56999969482422,88.94999694824219,86.81999969482422,88.93000030517578,80.63953399658203,2050000.0
2017-08-31,1936100000.0,-1522300000.0,413800000.0,-240100000.0,-164000000.0,,-76100000.0,173700000.0,-15000000.0,-15000000.0,158700000,800000.0,159500000,-38200000.0,121300000,-2300000.0,119000000,119000000,146800000.0,57600000.0,176300000.0,483000000.0,2318800000.0,,2421700000.0,4740500000.0,5223500000,454100000.0,,1258300000.0,936600000.0,1906500000.0,3164800000,1619800000.0,-7800000.0,515000000.0,2058700000.0,5223500000,121300000.0,76100000.0,28200000.0,-46200000.0,,,,-46200000.0,179400000.0,-92800000.0,,,-96700000.0,-79100000.0,,-84400000.0,-164400000.0,-86300000,2017-08-31,82.81999969482422,83.22000122070312,82.05999755859375,82.08999633789062,74.9611587524414,1625800.0
2017-11-30,1881500000.0,-1516800000.0,364700000.0,-235800000.0,-157000000.0,,-78800000.0,128900000.0,-15500000.0,-15500000.0,113400000,0.0,113400000,-24800000.0,88600000,-3900000.0,84700000,84700000,114700000.0,66700000.0,199100000.0,485200000.0,2386200000.0,,2446200000.0,4832400000.0,5317600000,448300000.0,153500000.0,1418000000.0,935600000.0,1923500000.0,3341500000,1606800000.0,-7800000.0,447300000.0,1976100000.0,5317600000,88600000.0,78800000.0,2400000.0,-35100000.0,,,,-35100000.0,134700000.0,-101800000.0,,-40400000.0,-144100000.0,-77900000.0,153500000.0,-87100000.0,-21100000.0,-32100000,2017-11-30,84.94000244140625,85.63999938964844,83.95999908447266,84.31999969482422,77.61083221435547,2064100.0
2018-02-28,2128400000.0,-1647100000.0,481300000.0,-248200000.0,-169000000.0,,-79200000.0,233100000.0,-117400000.0,-117400000.0,115700000,300000.0,116000000,102500000.0,218500000,-700000.0,217800000,217800000,146800000.0,50600000.0,208000000.0,569600000.0,2404800000.0,,2480300000.0,4885100000.0,5454700000,501900000.0,50600000.0,1467500000.0,926400000.0,1862300000.0,3329800000,1628400000.0,-7800000.0,586400000.0,2124900000.0,5454700000,218500000.0,79200000.0,5200000.0,134000000.0,,,,134000000.0,436900000.0,-97000000.0,,0.0,-101500000.0,-77900000.0,-211100000.0,-600000.0,-294500000.0,32100000,2018-02-28,92.86000061035156,94.05999755859376,91.87000274658205,92.19000244140624,85.39929962158203,3265600.0
2018-05-31,2134100000.0,-1648500000.0,485600000.0,-251100000.0,-172100000.0,,-79000000.0,234500000.0,-13200000.0,-13200000.0,221300000,-4500000.0,216800000,-41400000.0,175400000,-900000.0,174500000,174500000,146900000.0,83700000.0,205300000.0,553600000.0,2429800000.0,,2486200000.0,4916000000.0,5469600000,511100000.0,,1384500000.0,926500000.0,1890300000.0,3274800000,1631900000.0,-7800000.0,657600000.0,2194800000.0,5469600000,175400000.0,79000000.0,23900000.0,-9500000.0,,,,-9500000.0,268800000.0,-101100000.0,,0.0,-108800000.0,-78600000.0,-50600000.0,-24900000.0,-156600000.0,100000,2018-05-31,88.95999908447266,88.95999908447266,86.93000030517578,87.41000366210938,81.56297302246094,1792900.0
2018-08-31,2061400000.0,-1620500000.0,440900000.0,-251700000.0,-171000000.0,,-80700000.0,189200000.0,-13100000.0,-13100000.0,176100000,-100000.0,176000000,-7100000.0,168900000,-2700000.0,166200000,166200000,151800000.0,68800000.0,194600000.0,544600000.0,2473600000.0,,2478700000.0,4952300000.0,5496900000,472600000.0,,1324300000.0,926800000.0,1897400000.0,3221700000,1667400000.0,-7800000.0,693500000.0,2275200000.0,5496900000,168900000.0,80700000.0,18300000.0,-61500000.0,,,,-61500000.0,206400000.0,-105600000.0,,,-109200000.0,-93000000.0,,2000000.0,-92400000.0,4900000,2018-08-31,115.80999755859376,116.62000274658205,115.19000244140624,116.04000091552734,109.01390838623048,999900.0
2018-11-30,1973400000.0,-1586700000.0,386700000.0,-235900000.0,-153100000.0,,-82800000.0,150800000.0,-12800000.0,-12800000.0,138000000,-2700000.0,135300000,-19400000.0,115900000,-300000.0,115600000,115600000,139700000.0,80500000.0,209400000.0,561200000.0,2521100000.0,,2466900000.0,4988000000.0,5549200000,502400000.0,45000000.0,1385300000.0,927100000.0,1913600000.0,3298900000,1675500000.0,-7800000.0,662500000.0,2250300000.0,5549200000,115900000.0,82800000.0,35400000.0,-6600000.0,,,,-6600000.0,227500000.0,-126600000.0,,0.0,-132600000.0,-93000000.0,45000000.0,-52600000.0,-102300000.0,-12100000,2018-11-30,111.4499969482422,111.87999725341795,109.58999633789062,110.54000091552734,104.57083892822266,1875100.0
2019-02-28,2246500000.0,-1728900000.0,517600000.0,-250500000.0,-165200000.0,,-85300000.0,267100000.0,-12400000.0,-12400000.0,254700000,-1600000.0,253100000,-28000000.0,225100000,-1500000.0,223600000,223600000,302900000.0,73900000.0,209500000.0,687200000.0,2539900000.0,,2470700000.0,5010600000.0,5697800000,524300000.0,,1442900000.0,927400000.0,1939200000.0,3382100000,1676800000.0,-7800000.0,728400000.0,2315700000.0,5697800000,225100000.0,85300000.0,16100000.0,159600000.0,,,,159600000.0,486100000.0,-102000000.0,,0.0,-107900000.0,-92400000.0,-45000000.0,-70000000.0,-209100000.0,163200000,2019-02-28,111.4000015258789,112.33999633789062,110.94000244140624,112.11000061035156,106.81454467773438,1038400.0
2019-05-31,2229100000.0,-1725300000.0,503800000.0,-259400000.0,-171500000.0,,-87900000.0,244400000.0,-11900000.0,-11900000.0,232500000,-14600000.0,217900000,-9200000.0,208700000,-700000.0,208000000,208000000,457300000.0,88300000.0,207300000.0,892600000.0,2552600000.0,,2447600000.0,5000200000.0,5892800000,573700000.0,,1474100000.0,927700000.0,2026100000.0,3500200000,1685000000.0,,806600000.0,2392600000.0,5892800000,208700000.0,87900000.0,62300000.0,-11300000.0,,,,-11300000.0,347600000.0,-104600000.0,,0.0,-112900000.0,-92400000.0,34700000.0,-27600000.0,-80400000.0,154400000,2019-05-31,116.69000244140624,117.4499969482422,115.91000366210938,116.31999969482422,111.5266342163086,1359700.0
2019-08-31,2133900000.0,-1679500000.0,454400000.0,-252900000.0,-166700000.0,,-86200000.0,201500000.0,-11100000.0,-11100000.0,190400000,,190400000,-18600000.0,171800000,-1200000.0,170600000,170600000,350800000.0,51100000.0,199000000.0,670300000.0,2611000000.0,,6438200000.0,9049200000.0,9719500000,561500000.0,,1548600000.0,928000000.0,5789600000.0,7338200000,1692900000.0,,789900000.0,2381300000.0,9719500000,171800000.0,86200000.0,22700000.0,-26900000.0,,,,-26900000.0,253800000.0,-114500000.0,,-37000000.0,-166900000.0,-108100000.0,,-83600000.0,-192700000.0,-106500000,2019-08-30,121.7699966430664,122.91999816894531,120.70999908447266,120.9800033569336,116.81712341308594,905100.0
2019-11-30,2056400000.0,-1650900000.0,405500000.0,-245300000.0,-157700000.0,,-87600000.0,160200000.0,-166400000.0,-13100000.0,-6200000,,-6200000,31600000.0,25400000,-700000.0,24700000,24700000,157300000.0,56800000.0,212200000.0,535500000.0,2730600000.0,,6476600000.0,9207200000.0,9742700000,549100000.0,,1557500000.0,928200000.0,5911500000.0,7469000000,1690000000.0,,584500000.0,2273700000.0,9742700000,25400000.0,87600000.0,-17700000.0,94000000.0,,,,94000000.0,189300000.0,-137700000.0,,0.0,-142800000.0,-107600000.0,,-132500000.0,-241100000.0,-193500000,2019-11-29,117.66999816894531,119.27999877929688,117.25,118.44000244140624,115.2546844482422,803500.0
2020-02-29,2346500000.0,-1808500000.0,538000000.0,-259600000.0,-171900000.0,,-87700000.0,278400000.0,-13200000.0,-13200000.0,265200000,-100000.0,265100000,-31800000.0,233300000,-1000000.0,232300000,232300000,321700000.0,51200000.0,229600000.0,686000000.0,2794900000.0,,6492400000.0,9287300000.0,9973300000,572900000.0,,1683100000.0,928500000.0,5949000000.0,7632100000,1693000000.0,,648600000.0,2341200000.0,9973300000,233300000.0,87700000.0,160500000.0,-2200000.0,,,,-2200000.0,479300000.0,-118000000.0,,-13100000.0,-137700000.0,-106600000.0,-3800000.0,-66500000.0,-174300000.0,164400000,2020-02-28,96.5199966430664,100.76000213623048,94.2300033569336,97.5,95.61691284179688,2593000.0
2020-05-31,1270100000.0,-1259600000.0,10500000.0,-212500000.0,-118100000.0,,-94400000.0,-202000000.0,-18200000.0,-19900000.0,-220200000,-390100000.0,-610300000,130600000.0,-479700000,-300000.0,-480000000,-480000000,763300000.0,49800000.0,206900000.0,1101400000.0,2756900000.0,,6087800000.0,8844700000.0,9946100000,449000000.0,270000000.0,1792800000.0,928800000.0,5822100000.0,7614900000,2205300000.0,,143500000.0,2331200000.0,9946100000,-479700000.0,94400000.0,280200000.0,-99900000.0,,,,-99900000.0,-205000000.0,-83900000.0,,-5700000.0,-96600000.0,0.0,268600000.0,478200000.0,746800000.0,441600000,2020-05-29,78.06999969482422,79.47000122070312,75.87000274658203,76.86000061035156,75.37554168701172,4400300.0
