Report Date,Revenue,Cost of Revenue,Gross Profit,Operating Expenses,"Selling, General & Administrative",Research & Development,Depreciation & Amortization,Operating Income (Loss),Non-Operating Income (Loss),"Interest Expense, Net","Pretax Income (Loss), Adj.",Abnormal Gains (Losses),Pretax Income (Loss),"Income Tax (Expense) Benefit, Net",Income (Loss) from Continuing Operations,Net Extraordinary Gains (Losses),Net Income,Net Income (Common),"Cash, Cash Equivalents & Short Term Investments",Accounts & Notes Receivable,Inventories,Total Current Assets,"Property, Plant & Equipment, Net",Long Term Investments & Receivables,Other Long Term Assets,Total Noncurrent Assets,Total Assets,Payables & Accruals,Short Term Debt,Total Current Liabilities,Long Term Debt,Total Noncurrent Liabilities,Total Liabilities,Share Capital & Additional Paid-In Capital,Treasury Stock,Retained Earnings,Total Equity,Total Liabilities & Equity,Net Income/Starting Line,Depreciation & Amortization,Non-Cash Items,Change in Working Capital,Change in Accounts Receivable,Change in Inventories,Change in Accounts Payable,Change in Other,Net Cash from Operating Activities,Change in Fixed Assets & Intangibles,Net Change in Long Term Investment,Net Cash from Acquisitions & Divestitures,Net Cash from Investing Activities,Dividends Paid,Cash from (Repayment of) Debt,Cash from (Repurchase of) Equity,Net Cash from Financing Activities,Net Change in Cash,Price Date,Open,High,Low,Close,Adj Close,Volume
2009-06-30,1688000000.0,-577000000.0,1111000000.0,-896000000.0,-595000000.0,,-240000000.0,215000000.0,-104000000.0,-131000000.0,111000000,,111000000,-27000000.0,84000000,,83000000,83000000,42000000.0,1164000000.0,201000000.0,2535000000.0,12393000000.0,,8967000000.0,21360000000.0,23895000000,815000000.0,368000000.0,2076000000.0,7082000000.0,15640000000.0,17716000000,3214000000.0,,3072000000.0,6179000000.0,23895000000,84000000.0,240000000.0,28000000.0,110000000.0,,,,,462000000.0,2000000.0,,,-354000000.0,-87000000.0,-35000000.0,9000000.0,-154000000.0,-46000000,2009-06-30,27.53191566467285,27.53191566467285,26.9106388092041,27.23404312133789,17.258537292480472,1426685.0
2009-09-30,1950000000.0,-735000000.0,1215000000.0,-883000000.0,-554000000.0,,-266000000.0,332000000.0,-112000000.0,-132000000.0,220000000,,220000000,-69000000.0,151000000,,151000000,151000000,83000000.0,1105000000.0,202000000.0,2654000000.0,12395000000.0,,8910000000.0,21305000000.0,23959000000,814000000.0,375000000.0,1976000000.0,7081000000.0,15711000000.0,17687000000,3235000000.0,,3142000000.0,6272000000.0,23959000000,151000000.0,266000000.0,54000000.0,-98000000.0,,,,,373000000.0,3000000.0,,-15000000.0,-185000000.0,-87000000.0,-61000000.0,9000000.0,-147000000.0,41000000,2009-09-30,30.27234077453613,30.29787254333496,29.81276512145996,29.906383514404297,19.2320613861084,1098155.0
2009-12-31,2121000000.0,-846000000.0,1275000000.0,-985000000.0,-632000000.0,,-282000000.0,290000000.0,-132000000.0,-134000000.0,158000000,17000000.0,175000000,-54000000.0,121000000,,120000000,120000000,52000000.0,1438000000.0,200000000.0,2877000000.0,12431000000.0,,8887000000.0,21318000000.0,24195000000,925000000.0,998000000.0,2645000000.0,6577000000.0,15234000000.0,17879000000,3257000000.0,,3168000000.0,6316000000.0,24195000000,121000000.0,282000000.0,50000000.0,-308000000.0,,,,,145000000.0,48000000.0,,0.0,-269000000.0,-88000000.0,120000000.0,8000000.0,93000000.0,-31000000,2009-12-31,37.78723526000977,38.0,37.09787368774414,37.09787368774414,24.14887046813965,901460.0
2010-03-31,2453000000.0,-995000000.0,1458000000.0,-985000000.0,-652000000.0,,-251000000.0,473000000.0,-126000000.0,-137000000.0,347000000,-1000000.0,346000000,-116000000.0,230000000,,229000000,229000000,193000000.0,1403000000.0,210000000.0,2733000000.0,12654000000.0,,8816000000.0,21470000000.0,24203000000,873000000.0,677000000.0,2482000000.0,6578000000.0,15126000000.0,17608000000,3388000000.0,,3309000000.0,6595000000.0,24203000000,230000000.0,251000000.0,37000000.0,299000000.0,,,,,817000000.0,13000000.0,,,-171000000.0,-88000000.0,-417000000.0,9000000.0,-505000000.0,141000000,2010-03-31,38.35744857788086,38.38298034667969,37.80425643920898,37.95744705200195,24.99755668640137,1805740.0
2010-06-30,1792000000.0,-608000000.0,1184000000.0,-930000000.0,-597000000.0,,-253000000.0,254000000.0,-125000000.0,-133000000.0,129000000,2000000.0,131000000,-44000000.0,87000000,,86000000,86000000,124000000.0,1219000000.0,212000000.0,2581000000.0,12771000000.0,,8681000000.0,21452000000.0,24033000000,887000000.0,1335000000.0,2931000000.0,5916000000.0,14502000000.0,17433000000,3405000000.0,,3305000000.0,6600000000.0,24033000000,87000000.0,253000000.0,36000000.0,-42000000.0,,,,,334000000.0,11000000.0,,,-321000000.0,-88000000.0,-1000000.0,14000000.0,-82000000.0,-69000000,2010-06-30,38.842552185058594,39.36170196533203,38.60425567626953,38.81702041625977,25.84762954711914,2342363.0
2010-09-30,2139000000.0,-763000000.0,1376000000.0,-989000000.0,-649000000.0,,-271000000.0,387000000.0,-128000000.0,-139000000.0,259000000,-1000000.0,258000000,-92000000.0,166000000,,163000000,163000000,84000000.0,1140000000.0,215000000.0,2741000000.0,12822000000.0,,8703000000.0,21525000000.0,24266000000,871000000.0,943000000.0,2513000000.0,6431000000.0,15064000000.0,17577000000,3422000000.0,,3374000000.0,6689000000.0,24266000000,166000000.0,271000000.0,105000000.0,-184000000.0,,,,,358000000.0,4000000.0,,-49000000.0,-342000000.0,-89000000.0,46000000.0,3000000.0,-56000000.0,-40000000,2010-09-30,39.48936080932617,39.64255142211914,38.95318984985352,39.08936309814453,26.33500671386719,1541600.0
2010-12-31,2141000000.0,-824000000.0,1317000000.0,-981000000.0,-669000000.0,,-237000000.0,336000000.0,-129000000.0,-122000000.0,207000000,20000000.0,227000000,-63000000.0,164000000,-8000000.0,152000000,152000000,65000000.0,1351000000.0,202000000.0,3167000000.0,12992000000.0,,8737000000.0,21729000000.0,24896000000,935000000.0,1075000000.0,2749000000.0,6446000000.0,15380000000.0,18129000000,3440000000.0,,3431000000.0,6767000000.0,24896000000,156000000.0,252000000.0,274000000.0,-366000000.0,,,,,316000000.0,28000000.0,,0.0,-392000000.0,-95000000.0,146000000.0,10000000.0,57000000.0,-19000000,2010-12-31,38.62127685546875,38.74042510986328,38.45106506347656,38.570213317871094,26.308841705322266,971960.0
2011-03-31,2431000000.0,-1071000000.0,1360000000.0,-959000000.0,-631000000.0,,-245000000.0,401000000.0,-109000000.0,-123000000.0,292000000,-11000000.0,281000000,-103000000.0,178000000,,176000000,176000000,197000000.0,1401000000.0,208000000.0,2800000000.0,13053000000.0,,8636000000.0,21689000000.0,24489000000,860000000.0,899000000.0,2555000000.0,6456000000.0,15097000000.0,17652000000,3428000000.0,,3513000000.0,6837000000.0,24489000000,178000000.0,245000000.0,59000000.0,240000000.0,,,,,722000000.0,4000000.0,,,-244000000.0,-95000000.0,-244000000.0,-9000000.0,-346000000.0,132000000,2011-03-31,41.69361877441406,41.940425872802734,41.37872314453125,41.66808319091797,28.75975608825684,1441725.0
2011-06-30,2028000000.0,-771000000.0,1257000000.0,-972000000.0,-647000000.0,,-248000000.0,285000000.0,-112000000.0,-122000000.0,173000000,3000000.0,176000000,24000000.0,200000000,,202000000,202000000,61000000.0,1297000000.0,212000000.0,2771000000.0,13284000000.0,,8524000000.0,21808000000.0,24579000000,1033000000.0,477000000.0,2246000000.0,6948000000.0,15509000000.0,17755000000,3415000000.0,,3516000000.0,6824000000.0,24579000000,200000000.0,248000000.0,-37000000.0,26000000.0,,,,,437000000.0,5000000.0,,,-523000000.0,-95000000.0,71000000.0,-9000000.0,-50000000.0,-136000000,2011-06-30,42.5787239074707,42.64680862426758,42.323402404785156,42.570213317871094,29.73621368408203,651420.0
2011-09-30,2265000000.0,-866000000.0,1399000000.0,-1008000000.0,-670000000.0,,-259000000.0,391000000.0,-113000000.0,-117000000.0,278000000,8000000.0,286000000,-101000000.0,185000000,,183000000,183000000,46000000.0,1206000000.0,209000000.0,2911000000.0,13422000000.0,,8447000000.0,21869000000.0,24780000000,928000000.0,522000000.0,2100000000.0,7018000000.0,15671000000.0,17771000000,3418000000.0,,3698000000.0,7009000000.0,24780000000,185000000.0,259000000.0,101000000.0,-218000000.0,,,,,327000000.0,4000000.0,,,-285000000.0,-99000000.0,46000000.0,0.0,-57000000.0,-15000000,2011-09-30,41.778724670410156,42.35744857788086,41.710636138916016,41.71915054321289,29.49120140075684,1398368.0
2011-12-31,2134000000.0,-829000000.0,1305000000.0,-960000000.0,-664000000.0,,-225000000.0,345000000.0,-96000000.0,-116000000.0,249000000,-1000000.0,248000000,-88000000.0,160000000,-3000000.0,150000000,150000000,68000000.0,1317000000.0,219000000.0,3196000000.0,13746000000.0,,9067000000.0,22813000000.0,26009000000,976000000.0,945000000.0,2628000000.0,6708000000.0,16328000000.0,18956000000,3417000000.0,,3750000000.0,7053000000.0,26009000000,157000000.0,243000000.0,116000000.0,6000000.0,,,,,522000000.0,5000000.0,,0.0,-508000000.0,-100000000.0,120000000.0,0.0,8000000.0,22000000,2011-12-30,46.99574661254883,47.04681015014648,46.34042739868164,46.34042739868164,33.13466644287109,1059263.0
2012-03-31,2249000000.0,-889000000.0,1360000000.0,-1053000000.0,-726000000.0,,-232000000.0,307000000.0,-81000000.0,-111000000.0,226000000,5000000.0,231000000,-73000000.0,158000000,,156000000,156000000,57000000.0,1262000000.0,219000000.0,2951000000.0,13924000000.0,,8971000000.0,22895000000.0,25846000000,911000000.0,843000000.0,2530000000.0,6702000000.0,16169000000.0,18699000000,3453000000.0,,3804000000.0,7147000000.0,25846000000,158000000.0,232000000.0,39000000.0,191000000.0,,,,,620000000.0,11000000.0,,,-343000000.0,-99000000.0,-192000000.0,10000000.0,-288000000.0,-11000000,2012-03-30,46.89361572265625,47.10638427734375,46.672340393066406,46.83404159545898,33.847789764404304,1437143.0
2012-06-30,2025000000.0,-697000000.0,1328000000.0,-1037000000.0,-708000000.0,,-250000000.0,291000000.0,-77000000.0,-106000000.0,214000000,3000000.0,217000000,-70000000.0,147000000,,146000000,146000000,185000000.0,1239000000.0,223000000.0,3050000000.0,14152000000.0,,8873000000.0,23025000000.0,26075000000,1029000000.0,887000000.0,2635000000.0,6821000000.0,16256000000.0,18891000000,3549000000.0,,3744000000.0,7184000000.0,26075000000,147000000.0,250000000.0,35000000.0,109000000.0,,,,,541000000.0,4000000.0,,,-489000000.0,-100000000.0,168000000.0,10000000.0,76000000.0,128000000,2012-06-29,50.88510513305664,50.9361686706543,50.17021179199219,50.49361801147461,36.85325622558594,1035410.0
2012-09-30,2206000000.0,-761000000.0,1445000000.0,-1037000000.0,-692000000.0,,-265000000.0,408000000.0,-72000000.0,-110000000.0,336000000,2000000.0,338000000,-108000000.0,230000000,,227000000,227000000,59000000.0,1164000000.0,231000000.0,2730000000.0,14404000000.0,,8775000000.0,23179000000.0,25909000000,953000000.0,731000000.0,2309000000.0,6818000000.0,16169000000.0,18478000000,3567000000.0,,3969000000.0,7431000000.0,25909000000,230000000.0,265000000.0,15000000.0,58000000.0,,,,,568000000.0,5000000.0,,,-352000000.0,-101000000.0,-249000000.0,9000000.0,-342000000.0,-126000000,2012-09-28,50.79999923706055,51.14042663574219,50.49361801147461,51.01276779174805,37.625953674316406,1220590.0
2012-12-31,2311000000.0,-949000000.0,1362000000.0,-1092000000.0,-766000000.0,,-248000000.0,270000000.0,-89000000.0,-103000000.0,181000000,-7000000.0,174000000,-35000000.0,139000000,-56000000.0,81000000,81000000,65000000.0,1336000000.0,234000000.0,2915000000.0,14684000000.0,,8740000000.0,23424000000.0,26339000000,1048000000.0,1057000000.0,2768000000.0,6712000000.0,16160000000.0,18928000000,3587000000.0,,3944000000.0,7411000000.0,26339000000,83000000.0,271000000.0,58000000.0,68000000.0,,,,,480000000.0,18000000.0,,57000000.0,-585000000.0,-107000000.0,214000000.0,10000000.0,111000000.0,6000000,2012-12-31,50.39148712158203,51.13191604614258,50.0936164855957,51.10638427734375,38.08498001098633,1076770.0
2013-03-31,2516000000.0,-1024000000.0,1492000000.0,-1088000000.0,-735000000.0,,-259000000.0,404000000.0,-70000000.0,-107000000.0,334000000,6000000.0,340000000,-105000000.0,235000000,,234000000,234000000,65000000.0,1336000000.0,234000000.0,2915000000.0,14684000000.0,,8740000000.0,23424000000.0,26339000000,1048000000.0,1057000000.0,2768000000.0,6712000000.0,16160000000.0,18928000000,3587000000.0,,3944000000.0,7411000000.0,26339000000,235000000.0,259000000.0,65000000.0,38000000.0,,,,,597000000.0,4000000.0,,,-332000000.0,-107000000.0,-9000000.0,10000000.0,-112000000.0,153000000,2013-03-28,56.99574661254883,58.19574356079102,56.91063690185547,58.16170120239258,43.74816131591797,1458528.0
2013-06-30,2225000000.0,-940000000.0,1285000000.0,-1057000000.0,-705000000.0,,-268000000.0,228000000.0,-72000000.0,-109000000.0,156000000,-5000000.0,151000000,-44000000.0,107000000,,105000000,105000000,65000000.0,1336000000.0,234000000.0,2915000000.0,14684000000.0,,8740000000.0,23424000000.0,26339000000,1048000000.0,1057000000.0,2768000000.0,6712000000.0,16160000000.0,18928000000,3587000000.0,,3944000000.0,7411000000.0,26339000000,107000000.0,268000000.0,69000000.0,226000000.0,,,,,670000000.0,11000000.0,,,-579000000.0,-108000000.0,-159000000.0,9000000.0,-263000000.0,-172000000,2013-06-28,56.485107421875,57.1489372253418,56.10212707519531,57.02978515625,43.32444763183594,1260658.0
2013-09-30,2387000000.0,-967000000.0,1420000000.0,-1096000000.0,-728000000.0,,-284000000.0,324000000.0,-53000000.0,-104000000.0,271000000,5000000.0,276000000,-76000000.0,200000000,,198000000,198000000,65000000.0,1336000000.0,234000000.0,2915000000.0,14684000000.0,,8740000000.0,23424000000.0,26339000000,1048000000.0,1057000000.0,2768000000.0,6712000000.0,16160000000.0,18928000000,3587000000.0,,3944000000.0,7411000000.0,26339000000,200000000.0,284000000.0,38000000.0,-74000000.0,,,,,448000000.0,5000000.0,,,-426000000.0,-114000000.0,112000000.0,10000000.0,3000000.0,25000000,2013-09-30,55.88085174560547,56.22978591918945,55.77021408081055,56.15319061279297,43.08056640625,1122243.0
2013-12-31,2533000000.0,-1894000000.0,639000000.0,-401000000.0,-40000000.0,,-283000000.0,238000000.0,-86000000.0,-107000000.0,152000000,3000000.0,155000000,-29000000.0,126000000,,124000000,124000000,52000000.0,1542000000.0,265000000.0,2806000000.0,15800000000.0,,7329000000.0,23129000000.0,25935000000,1168000000.0,1029000000.0,3189000000.0,7109000000.0,14792000000.0,17981000000,3907000000.0,,4150000000.0,7954000000.0,25935000000,126000000.0,283000000.0,9000000.0,21000000.0,,,,,439000000.0,16000000.0,,-21000000.0,-569000000.0,-116000000.0,220000000.0,10000000.0,111000000.0,-19000000,2013-12-31,56.44255447387695,56.59574508666992,56.06808471679688,56.50212860107422,43.78277587890625,2235673.0
2014-03-31,3930000000.0,-2155000000.0,1775000000.0,-1216000000.0,-841000000.0,,-280000000.0,559000000.0,-75000000.0,-108000000.0,484000000,1000000.0,485000000,-158000000.0,327000000,,326000000,326000000,98000000.0,1811000000.0,272000000.0,2973000000.0,15985000000.0,,7203000000.0,23188000000.0,26161000000,1179000000.0,1444000000.0,3569000000.0,6923000000.0,14455000000.0,18024000000,3894000000.0,,4360000000.0,8137000000.0,26161000000,327000000.0,280000000.0,76000000.0,-151000000.0,,,,,532000000.0,3000000.0,,0.0,-442000000.0,-116000000.0,129000000.0,-50000000.0,-44000000.0,46000000,2014-03-31,62.9361686706543,63.49787139892578,62.68085098266602,63.22553253173828,49.4477424621582,1507525.0
2014-06-30,2698000000.0,-1276000000.0,1422000000.0,-1180000000.0,-811000000.0,,-282000000.0,242000000.0,-73000000.0,-103000000.0,169000000,7000000.0,176000000,-50000000.0,126000000,,124000000,124000000,75000000.0,1400000000.0,277000000.0,2721000000.0,16307000000.0,,7161000000.0,23468000000.0,26189000000,1270000000.0,740000000.0,2819000000.0,7813000000.0,15344000000.0,18163000000,3896000000.0,,4246000000.0,8026000000.0,26189000000,126000000.0,282000000.0,121000000.0,15000000.0,,,,,544000000.0,28000000.0,,0.0,-625000000.0,-116000000.0,182000000.0,-2000000.0,58000000.0,-23000000,2014-06-30,66.2127685546875,66.55319213867189,65.93191528320311,66.2723388671875,52.29214096069336,2258233.0
2014-09-30,2595000000.0,-1119000000.0,1476000000.0,-1239000000.0,-860000000.0,,-293000000.0,237000000.0,-61000000.0,-105000000.0,176000000,2000000.0,178000000,-21000000.0,157000000,,156000000,156000000,60000000.0,1257000000.0,282000000.0,2755000000.0,16499000000.0,,7122000000.0,23621000000.0,26376000000,1105000000.0,927000000.0,2805000000.0,7909000000.0,15385000000.0,18190000000,3900000000.0,,4402000000.0,8186000000.0,26376000000,157000000.0,293000000.0,54000000.0,-282000000.0,,,,,222000000.0,5000000.0,,0.0,-390000000.0,-116000000.0,278000000.0,0.0,153000000.0,-15000000,2014-09-30,64.73191833496094,65.37021636962889,64.43404388427734,64.74893951416016,51.55013275146485,1165718.0
2014-12-31,3078000000.0,-2472000000.0,606000000.0,-66000000.0,308000000.0,,-290000000.0,540000000.0,-106000000.0,-103000000.0,434000000,2000000.0,436000000,-135000000.0,301000000,,299000000,299000000,48000000.0,1504000000.0,292000000.0,3012000000.0,16820000000.0,,8067000000.0,24887000000.0,27899000000,1181000000.0,672000000.0,2577000000.0,8343000000.0,16980000000.0,19557000000,3904000000.0,,4578000000.0,8342000000.0,27899000000,301000000.0,290000000.0,135000000.0,-179000000.0,,,,,547000000.0,9000000.0,,-42000000.0,-603000000.0,-122000000.0,177000000.0,0.0,44000000.0,-12000000,2014-12-31,75.20851135253906,75.31914520263672,73.40425872802734,73.50638580322266,59.01916122436523,1286273.0
2015-03-31,2984000000.0,-1698000000.0,1286000000.0,-835000000.0,-526000000.0,,-209000000.0,451000000.0,-65000000.0,-106000000.0,386000000,10000000.0,396000000,-122000000.0,274000000,,273000000,273000000,99000000.0,1534000000.0,300000000.0,2788000000.0,17235000000.0,,8045000000.0,25280000000.0,28068000000,1065000000.0,166000000.0,1839000000.0,8838000000.0,17551000000.0,19390000000,4093000000.0,,4727000000.0,8678000000.0,28068000000,274000000.0,209000000.0,82000000.0,182000000.0,,,,,747000000.0,13000000.0,,-262000000.0,-556000000.0,-122000000.0,-20000000.0,9000000.0,-140000000.0,51000000,2015-03-31,68.32340240478516,69.23403930664061,68.2127685546875,68.67234039306639,55.6290168762207,1416345.0
2015-06-30,2268000000.0,-1203000000.0,1065000000.0,-843000000.0,-532000000.0,,-220000000.0,222000000.0,-73000000.0,-113000000.0,149000000,-18000000.0,131000000,-26000000.0,105000000,,109000000,109000000,230000000.0,1251000000.0,308000000.0,2691000000.0,17576000000.0,,8083000000.0,25659000000.0,28350000000,1194000000.0,467000000.0,2232000000.0,8835000000.0,17561000000.0,19793000000,4110000000.0,,4580000000.0,8557000000.0,28350000000,105000000.0,220000000.0,90000000.0,18000000.0,,,,,433000000.0,3000000.0,,-11000000.0,-480000000.0,-124000000.0,297000000.0,0.0,178000000.0,131000000,2015-06-30,63.77021408081055,63.82978820800781,63.34468078613281,63.52340316772461,51.93566513061523,1701283.0
2015-09-30,2598000000.0,-1328000000.0,1270000000.0,-829000000.0,-542000000.0,,-196000000.0,441000000.0,-74000000.0,-112000000.0,367000000,-1000000.0,366000000,-102000000.0,264000000,,265000000,265000000,67000000.0,1242000000.0,307000000.0,2700000000.0,17867000000.0,,8087000000.0,25954000000.0,28654000000,1085000000.0,653000000.0,2273000000.0,8856000000.0,17548000000.0,19821000000,4117000000.0,,4845000000.0,8833000000.0,28654000000,264000000.0,196000000.0,112000000.0,-279000000.0,,,,,293000000.0,0.0,,-26000000.0,-536000000.0,-124000000.0,206000000.0,0.0,80000000.0,-163000000,2015-09-30,67.05532073974611,68.485107421875,66.82553100585939,68.40000152587889,56.45353698730469,1850155.0
2015-12-31,2487000000.0,-1333000000.0,1154000000.0,-923000000.0,-614000000.0,,-227000000.0,231000000.0,-77000000.0,-106000000.0,154000000,-97000000.0,57000000,20000000.0,77000000,,80000000,80000000,37000000.0,1276000000.0,323000000.0,2575000000.0,18034000000.0,,8053000000.0,26087000000.0,28662000000,1029000000.0,972000000.0,2528000000.0,8760000000.0,17339000000.0,19867000000,4123000000.0,,4794000000.0,8795000000.0,28662000000,77000000.0,227000000.0,83000000.0,56000000.0,,,,,443000000.0,0.0,,-40000000.0,-632000000.0,-131000000.0,288000000.0,-9000000.0,159000000.0,-30000000,2015-12-31,69.30213165283203,69.50638580322266,67.52340698242189,68.24681091308594,56.84008026123047,1151383.0
2016-03-31,2566000000.0,-1341000000.0,1225000000.0,-844000000.0,-516000000.0,,-229000000.0,381000000.0,-58000000.0,-102000000.0,323000000,0.0,323000000,-83000000.0,240000000,,247000000,247000000,35000000.0,1185000000.0,309000000.0,2362000000.0,18127000000.0,,8075000000.0,26202000000.0,28564000000,899000000.0,827000000.0,2209000000.0,8758000000.0,17445000000.0,19654000000,4118000000.0,,4909000000.0,8910000000.0,28564000000,240000000.0,229000000.0,93000000.0,183000000.0,,,,,745000000.0,,,-26000000.0,-437000000.0,-131000000.0,-145000000.0,-33000000.0,-310000000.0,-2000000,2016-03-31,77.20851135253906,77.38723754882812,76.7574462890625,77.1574478149414,64.78995513916016,1277225.0
2016-06-30,2262000000.0,-1131000000.0,1131000000.0,-876000000.0,-542000000.0,,-243000000.0,255000000.0,-61000000.0,-111000000.0,194000000,1000000.0,195000000,-50000000.0,145000000,,152000000,152000000,32000000.0,1180000000.0,332000000.0,2258000000.0,18295000000.0,,8216000000.0,26511000000.0,28769000000,1105000000.0,340000000.0,1883000000.0,9343000000.0,18087000000.0,19970000000,4129000000.0,,4791000000.0,8799000000.0,28769000000,145000000.0,243000000.0,58000000.0,85000000.0,,,,,531000000.0,,,-95000000.0,-501000000.0,-131000000.0,96000000.0,0.0,-33000000.0,-3000000,2016-06-30,82.79148864746094,84.36595916748047,82.60425567626953,84.3574447631836,71.3902816772461,1682600.0
2016-09-30,2928000000.0,-1537000000.0,1391000000.0,-884000000.0,-562000000.0,,-230000000.0,507000000.0,-72000000.0,-111000000.0,435000000,0.0,435000000,-110000000.0,325000000,,338000000,338000000,66000000.0,1250000000.0,326000000.0,2595000000.0,18550000000.0,,8317000000.0,26867000000.0,29462000000,1066000000.0,425000000.0,1969000000.0,9478000000.0,18344000000.0,20313000000,4137000000.0,,5131000000.0,9149000000.0,29462000000,325000000.0,230000000.0,125000000.0,-189000000.0,,,,,491000000.0,,,-78000000.0,-565000000.0,-131000000.0,225000000.0,0.0,108000000.0,34000000,2016-09-30,79.52340698242188,80.72340393066406,79.52340698242188,79.71914672851562,68.0322265625,3766698.0
2016-12-31,2874000000.0,-1521000000.0,1353000000.0,-1044000000.0,-682000000.0,,-274000000.0,309000000.0,-149000000.0,-128000000.0,160000000,-8000000.0,152000000,-28000000.0,124000000,,131000000,131000000,92000000.0,1522000000.0,356000000.0,2762000000.0,19730000000.0,,9549000000.0,29279000000.0,32041000000,1323000000.0,513000000.0,2437000000.0,11269000000.0,20105000000.0,22542000000,4030000000.0,,5114000000.0,9499000000.0,32041000000,124000000.0,274000000.0,34000000.0,-115000000.0,,,,,317000000.0,6000000.0,,-1187000000.0,-1885000000.0,-138000000.0,993000000.0,654000000.0,1594000000.0,26000000,2016-12-30,84.28936004638672,84.50212860107422,83.54893493652344,83.83829498291016,72.16181182861328,671278.0
2017-03-31,3236000000.0,-1709000000.0,1527000000.0,-942000000.0,-584000000.0,,-249000000.0,585000000.0,-65000000.0,-122000000.0,520000000,-16000000.0,504000000,-110000000.0,394000000,,400000000,400000000,82000000.0,1408000000.0,354000000.0,2567000000.0,19866000000.0,,9716000000.0,29582000000.0,32149000000,1189000000.0,72000000.0,1834000000.0,11758000000.0,20627000000.0,22461000000,3958000000.0,,5365000000.0,9688000000.0,32149000000,394000000.0,249000000.0,97000000.0,47000000.0,,,,,787000000.0,,,-112000000.0,-642000000.0,-148000000.0,56000000.0,-51000000.0,-156000000.0,-11000000,2017-03-31,86.13616943359375,86.99574279785156,86.13616943359375,86.90213012695312,75.405517578125,1593065.0
2017-06-30,2855000000.0,-1644000000.0,1211000000.0,-888000000.0,-542000000.0,,-249000000.0,323000000.0,-71000000.0,-131000000.0,252000000,-20000000.0,232000000,-57000000.0,175000000,,177000000,177000000,62000000.0,1451000000.0,390000000.0,2631000000.0,20063000000.0,,9888000000.0,29951000000.0,32582000000,1389000000.0,832000000.0,2747000000.0,11358000000.0,20264000000.0,23011000000,3968000000.0,,5245000000.0,9571000000.0,32582000000,175000000.0,249000000.0,68000000.0,-96000000.0,,,,,396000000.0,,,-63000000.0,-606000000.0,-148000000.0,354000000.0,0.0,192000000.0,-18000000,2017-06-30,90.4000015258789,90.81702423095705,89.98297882080078,90.03404235839844,78.71080017089844,1230930.0
2017-09-30,3245000000.0,-1906000000.0,1339000000.0,-899000000.0,-550000000.0,,-258000000.0,440000000.0,-81000000.0,-142000000.0,359000000,-22000000.0,337000000,-74000000.0,263000000,,270000000,270000000,63000000.0,1395000000.0,363000000.0,2815000000.0,20307000000.0,,9949000000.0,30256000000.0,33071000000,1273000000.0,768000000.0,2598000000.0,11795000000.0,20620000000.0,23218000000,3978000000.0,,5515000000.0,9853000000.0,33071000000,263000000.0,258000000.0,101000000.0,-255000000.0,,,,,367000000.0,,,-19000000.0,-554000000.0,-148000000.0,375000000.0,0.0,189000000.0,2000000,2017-09-29,91.455322265625,91.99148559570312,91.12340545654295,91.3702163696289,80.47391510009766,1038700.0
2017-12-31,3271000000.0,-1905000000.0,1366000000.0,-962000000.0,-594000000.0,,-274000000.0,404000000.0,-142000000.0,-129000000.0,262000000,-48000000.0,214000000,66000000.0,280000000,,287000000,287000000,66000000.0,1758000000.0,380000000.0,3081000000.0,20721000000.0,,9965000000.0,30686000000.0,33767000000,1440000000.0,730000000.0,2812000000.0,12185000000.0,20965000000.0,23777000000,3989000000.0,,5643000000.0,9990000000.0,33767000000,280000000.0,274000000.0,-30000000.0,43000000.0,,,,,567000000.0,,,-105000000.0,-760000000.0,-148000000.0,350000000.0,0.0,196000000.0,3000000,2017-12-29,93.41276550292969,93.7021255493164,92.91915130615234,93.1574478149414,82.69065856933594,744833.0
2018-03-31,3753000000.0,-2326000000.0,1427000000.0,-926000000.0,-534000000.0,,-281000000.0,501000000.0,-76000000.0,-132000000.0,425000000,-6000000.0,419000000,-68000000.0,351000000,,361000000,361000000,164000000.0,1709000000.0,360000000.0,2957000000.0,20870000000.0,,10014000000.0,30884000000.0,33841000000,1212000000.0,741000000.0,2541000000.0,12185000000.0,20937000000.0,23478000000,4163000000.0,,5848000000.0,10363000000.0,33841000000,351000000.0,281000000.0,62000000.0,144000000.0,,,,,838000000.0,,,-64000000.0,-586000000.0,-158000000.0,14000000.0,0.0,-155000000.0,97000000,2018-03-29,88.52765655517578,89.52340698242188,88.52765655517578,88.85106658935547,79.55874633789062,696070.0
2018-06-30,3159000000.0,-1877000000.0,1282000000.0,-952000000.0,-583000000.0,,-272000000.0,330000000.0,-65000000.0,-132000000.0,265000000,-10000000.0,255000000,-19000000.0,236000000,,234000000,234000000,63000000.0,1690000000.0,362000000.0,2895000000.0,21239000000.0,,10196000000.0,31435000000.0,34330000000,1493000000.0,479000000.0,2499000000.0,12705000000.0,21513000000.0,24012000000,4205000000.0,,5760000000.0,10318000000.0,34330000000,236000000.0,272000000.0,11000000.0,76000000.0,,,,,595000000.0,,,-169000000.0,-794000000.0,-151000000.0,257000000.0,6000000.0,99000000.0,-100000000,2018-06-29,88.53617095947266,88.79148864746094,87.65957641601562,88.19574737548828,79.69709014892578,1345728.0
2018-09-30,3550000000.0,-2135000000.0,1415000000.0,-976000000.0,-604000000.0,,-273000000.0,439000000.0,-51000000.0,-139000000.0,388000000,-19000000.0,369000000,-34000000.0,335000000,,334000000,334000000,84000000.0,1690000000.0,377000000.0,3103000000.0,21612000000.0,,10577000000.0,32189000000.0,35292000000,1464000000.0,78000000.0,2117000000.0,13620000000.0,22485000000.0,24602000000,4232000000.0,,6093000000.0,10690000000.0,35292000000,335000000.0,273000000.0,24000000.0,-18000000.0,,,,,614000000.0,,,-312000000.0,-956000000.0,-150000000.0,513000000.0,1000000.0,360000000.0,18000000,2018-09-28,91.65957641601562,92.93617248535156,91.65957641601562,92.87659454345705,84.58341217041016,1163015.0
2018-12-31,3750000000.0,-2273000000.0,1477000000.0,-1126000000.0,-730000000.0,,-298000000.0,351000000.0,-186000000.0,-144000000.0,165000000,8000000.0,173000000,23000000.0,196000000,,191000000,191000000,71000000.0,1789000000.0,405000000.0,3260000000.0,21650000000.0,,11378000000.0,33028000000.0,36288000000,1628000000.0,2108000000.0,4438000000.0,12134000000.0,21133000000.0,25571000000,4245000000.0,,6112000000.0,10717000000.0,36288000000,196000000.0,298000000.0,5000000.0,134000000.0,,,,,633000000.0,,,545000000.0,-1011000000.0,-161000000.0,531000000.0,-7000000.0,350000000.0,-28000000,2018-12-31,93.9404296875,94.11914825439452,93.00425720214844,93.8723373413086,86.16984558105469,840948.0
2019-03-31,3514000000.0,-1967000000.0,1547000000.0,-1005000000.0,-591000000.0,,-296000000.0,542000000.0,-71000000.0,-148000000.0,471000000,-9000000.0,462000000,-54000000.0,408000000,,401000000,401000000,56000000.0,1683000000.0,409000000.0,2840000000.0,21864000000.0,,11730000000.0,33594000000.0,36434000000,1303000000.0,1655000000.0,3647000000.0,12770000000.0,21767000000.0,25414000000,4324000000.0,,6364000000.0,11020000000.0,36434000000,408000000.0,296000000.0,78000000.0,-30000000.0,,,,,752000000.0,,,-22000000.0,-748000000.0,-172000000.0,191000000.0,,-19000000.0,-15000000,2019-03-29,105.23403930664062,106.2978744506836,104.8851089477539,106.16170501708984,98.19690704345705,1118835.0
2019-06-30,2888000000.0,-1618000000.0,1270000000.0,-957000000.0,-560000000.0,,-305000000.0,313000000.0,-90000000.0,-151000000.0,223000000,-23000000.0,200000000,-21000000.0,179000000,,182000000,182000000,62000000.0,1436000000.0,431000000.0,2726000000.0,22297000000.0,,11828000000.0,34125000000.0,36851000000,1538000000.0,1501000000.0,3654000000.0,13564000000.0,22628000000.0,26282000000,4344000000.0,,6198000000.0,10569000000.0,36851000000,179000000.0,305000000.0,78000000.0,53000000.0,,,,,615000000.0,,,-16000000.0,-766000000.0,-173000000.0,641000000.0,0.0,152000000.0,1000000,2019-06-28,108.34042358398438,109.36170196533205,108.19574737548828,108.83404541015624,101.41241455078124,1312475.0
2019-09-30,3119000000.0,-1657000000.0,1462000000.0,-1011000000.0,-588000000.0,,-322000000.0,451000000.0,-77000000.0,-158000000.0,374000000,-10000000.0,364000000,-47000000.0,317000000,,319000000,319000000,76000000.0,1453000000.0,393000000.0,2985000000.0,23758000000.0,,11602000000.0,35360000000.0,38345000000,1359000000.0,1930000000.0,3797000000.0,13854000000.0,23644000000.0,27441000000,4370000000.0,,6516000000.0,10904000000.0,38345000000,317000000.0,322000000.0,222000000.0,-327000000.0,,,,,534000000.0,,,-264000000.0,-1044000000.0,-173000000.0,716000000.0,0.0,524000000.0,14000000,2019-09-30,112.9446792602539,113.40425872802734,112.57872009277344,113.1574478149414,106.21772003173828,1098860.0
2019-12-31,3148000000.0,-1609000000.0,1539000000.0,-1123000000.0,-680000000.0,,-340000000.0,416000000.0,-145000000.0,-167000000.0,271000000,27000000.0,298000000,-30000000.0,268000000,,267000000,267000000,93000000.0,1642000000.0,386000000.0,3086000000.0,25317000000.0,1862000000.0,12003000000.0,39182000000.0,42268000000,1418000000.0,1515000000.0,3997000000.0,15935000000.0,26435000000.0,30432000000,5233000000.0,,6587000000.0,11836000000.0,42268000000,268000000.0,340000000.0,50000000.0,90000000.0,,,,,748000000.0,,,-2168000000.0,-3174000000.0,-174000000.0,356000000.0,1023000000.0,2443000000.0,17000000,2019-12-31,110.01702117919922,110.60425567626952,109.8893585205078,110.52765655517578,104.59733581542969,984415.0
2020-03-31,3022000000.0,-1435000000.0,1587000000.0,-1051000000.0,,,-353000000.0,536000000.0,-155000000.0,-165000000.0,381000000,10000000.0,391000000,-49000000.0,342000000,,340000000,340000000,552000000.0,1482000000.0,413000000.0,3526000000.0,26236000000.0,,13470000000.0,39706000000.0,43232000000,1392000000.0,1518000000.0,3972000000.0,17016000000.0,27272000000.0,31244000000,5235000000.0,,6732000000.0,11988000000.0,43232000000,342000000.0,353000000.0,224000000.0,142000000.0,,,,,1061000000.0,4000000.0,,-128000000.0,-1342000000.0,-195000000.0,1095000000.0,,864000000.0,583000000,2020-03-31,83.52340698242188,84.45106506347656,80.77446746826172,80.82553100585938,77.34819030761719,2252123.0
2020-06-30,2583000000.0,-1163000000.0,1420000000.0,-998000000.0,,,-350000000.0,422000000.0,-84000000.0,-173000000.0,338000000,-55000000.0,283000000,-6000000.0,277000000,,277000000,277000000,579000000.0,1375000000.0,436000000.0,3497000000.0,26724000000.0,,13518000000.0,40242000000.0,43739000000,1574000000.0,1584000000.0,4196000000.0,17332000000.0,27651000000.0,31847000000,5247000000.0,,6618000000.0,11892000000.0,43739000000,277000000.0,350000000.0,133000000.0,-140000000.0,,,,,620000000.0,0.0,,2000000.0,-843000000.0,-195000000.0,376000000.0,,168000000.0,-55000000,2020-06-30,90.2723388671875,91.90637969970705,89.86383056640625,91.48936462402344,88.4061508178711,2691808.0
