Report Date,Revenue,Cost of Revenue,Gross Profit,Operating Expenses,"Selling, General & Administrative",Research & Development,Depreciation & Amortization,Operating Income (Loss),Non-Operating Income (Loss),"Interest Expense, Net","Pretax Income (Loss), Adj.",Abnormal Gains (Losses),Pretax Income (Loss),"Income Tax (Expense) Benefit, Net",Income (Loss) from Continuing Operations,Net Extraordinary Gains (Losses),Net Income,Net Income (Common),"Cash, Cash Equivalents & Short Term Investments",Accounts & Notes Receivable,Inventories,Total Current Assets,"Property, Plant & Equipment, Net",Long Term Investments & Receivables,Other Long Term Assets,Total Noncurrent Assets,Total Assets,Payables & Accruals,Short Term Debt,Total Current Liabilities,Long Term Debt,Total Noncurrent Liabilities,Total Liabilities,Share Capital & Additional Paid-In Capital,Treasury Stock,Retained Earnings,Total Equity,Total Liabilities & Equity,Net Income/Starting Line,Depreciation & Amortization,Non-Cash Items,Change in Working Capital,Change in Accounts Receivable,Change in Inventories,Change in Accounts Payable,Change in Other,Net Cash from Operating Activities,Change in Fixed Assets & Intangibles,Net Change in Long Term Investment,Net Cash from Acquisitions & Divestitures,Net Cash from Investing Activities,Dividends Paid,Cash from (Repayment of) Debt,Cash from (Repurchase of) Equity,Net Cash from Financing Activities,Net Change in Cash,Price Date,Open,High,Low,Close,Adj Close,Volume
2010-06-30,3287000000.0,-2061000000.0,1226000000.0,-589000000.0,,,-426000000.0,637000000.0,-88000000.0,-212000000.0,549000000,-651000000.0,-102000000,-116000000.0,-218000000,1000000.0,-222000000,-222000000,1010000000.0,756000000.0,1302000000.0,5443000000.0,39060000000.0,9042000000.0,2855000000.0,50957000000.0,56400000000,1872000000.0,572000000.0,3837000000.0,17219000000.0,31300000000.0,35137000000,20790000000.0,,726000000.0,21263000000.0,56400000000,-217000000.0,473000000.0,676000000.0,71000000.0,-31000000.0,37000000.0,-10000000.0,75000000.0,1003000000.0,-1146000000.0,38000000.0,2000000.0,-1272000000.0,-319000000.0,464000000.0,81000000.0,199000000.0,-70000000,2010-06-30,48.41999816894531,48.86999893188477,47.849998474121094,48.0,29.087724685668945,2723933.0
2010-09-30,3946000000.0,-2242000000.0,1704000000.0,-629000000.0,,,-447000000.0,1075000000.0,-65000000.0,-202000000.0,1010000000,-43000000.0,967000000,-301000000.0,666000000,,670000000,670000000,1808000000.0,769000000.0,1230000000.0,6037000000.0,39724000000.0,9127000000.0,2969000000.0,51820000000.0,57857000000,2049000000.0,529000000.0,3665000000.0,17762000000.0,32043000000.0,35708000000,20913000000.0,,1396000000.0,22149000000.0,57857000000,666000000.0,502000000.0,258000000.0,111000000.0,24000000.0,72000000.0,24000000.0,-9000000.0,1537000000.0,-1156000000.0,34000000.0,3000000.0,-1017000000.0,-322000000.0,468000000.0,103000000.0,278000000.0,798000000,2010-09-30,53.81999969482422,53.90999984741211,53.06999969482422,53.13000106811523,32.648666381835945,2387167.0
2010-12-31,3445000000.0,-2261000000.0,1184000000.0,-621000000.0,,,-457000000.0,563000000.0,-111000000.0,-216000000.0,452000000,222000000.0,674000000,-247000000.0,427000000,2000000.0,427000000,427000000,1670000000.0,764000000.0,1318000000.0,6223000000.0,40344000000.0,9255000000.0,3268000000.0,52867000000.0,59090000000,2036000000.0,491000000.0,3897000000.0,17935000000.0,32540000000.0,36437000000,21024000000.0,,1496000000.0,22653000000.0,59090000000,429000000.0,513000000.0,-489000000.0,397000000.0,-68000000.0,-91000000.0,267000000.0,289000000.0,850000000.0,-1322000000.0,64000000.0,398000000.0,-898000000.0,-327000000.0,169000000.0,87000000.0,-90000000.0,-138000000,2010-12-31,53.43000030517578,53.66999816894531,53.34000015258789,53.43000030517578,33.27537155151367,922733.0
2011-03-31,3663000000.0,-2219000000.0,1444000000.0,-640000000.0,,,-454000000.0,804000000.0,-70000000.0,-219000000.0,734000000,12000000.0,746000000,-233000000.0,513000000,,511000000,511000000,1428000000.0,744000000.0,1347000000.0,5545000000.0,40944000000.0,9321000000.0,3176000000.0,53441000000.0,58986000000,1954000000.0,1304000000.0,4197000000.0,17226000000.0,31933000000.0,36130000000,21028000000.0,,1676000000.0,22856000000.0,58986000000,513000000.0,504000000.0,114000000.0,-170000000.0,218000000.0,-31000000.0,-192000000.0,-165000000.0,961000000.0,-1006000000.0,-35000000.0,101000000.0,-918000000.0,-331000000.0,40000000.0,6000000.0,-294000000.0,-251000000,2011-03-31,54.47999954223633,54.599998474121094,54.18000030517578,54.45000076293945,34.3751220703125,2245233.0
2011-06-30,3534000000.0,-2244000000.0,1290000000.0,-606000000.0,,,-437000000.0,684000000.0,-58000000.0,-203000000.0,626000000,7000000.0,633000000,-192000000.0,441000000,0.0,435000000,435000000,1371000000.0,796000000.0,1415000000.0,5634000000.0,41610000000.0,9376000000.0,3172000000.0,54158000000.0,59792000000,1819000000.0,1288000000.0,4386000000.0,17687000000.0,32704000000.0,37090000000,21046000000.0,,1448000000.0,22702000000.0,59792000000,441000000.0,487000000.0,191000000.0,-363000000.0,-52000000.0,-54000000.0,-146000000.0,-111000000.0,756000000.0,-932000000.0,50000000.0,4000000.0,-920000000.0,-326000000.0,440000000.0,4000000.0,107000000.0,-57000000,2011-06-30,56.4900016784668,56.52000045776367,56.06999969482422,56.4900016784668,36.11726760864258,2176000.0
2011-09-30,3964000000.0,-2254000000.0,1710000000.0,-638000000.0,,,-455000000.0,1072000000.0,-87000000.0,-213000000.0,985000000,-308000000.0,677000000,-208000000.0,469000000,1000000.0,472000000,472000000,2178000000.0,764000000.0,1421000000.0,6273000000.0,41877000000.0,9072000000.0,3554000000.0,54503000000.0,60776000000,1787000000.0,2282000000.0,5115000000.0,17584000000.0,32762000000.0,37877000000,21062000000.0,,1920000000.0,22899000000.0,60776000000,470000000.0,517000000.0,310000000.0,13000000.0,-51000000.0,-2000000.0,-117000000.0,183000000.0,1310000000.0,-1052000000.0,-111000000.0,-40000000.0,-1232000000.0,-337000000.0,893000000.0,3000000.0,592000000.0,670000000,2011-09-30,60.18000030517578,60.63000106811523,59.90999984741211,59.97000122070313,38.88654327392578,4329500.0
2011-12-31,3368000000.0,-2198000000.0,1170000000.0,-626000000.0,,,-460000000.0,544000000.0,-108000000.0,-224000000.0,436000000,-27000000.0,409000000,-119000000.0,290000000,0.0,288000000,288000000,2300000000.0,784000000.0,1588000000.0,6880000000.0,42661000000.0,9160000000.0,3825000000.0,55646000000.0,62526000000,2116000000.0,2321000000.0,5528000000.0,18679000000.0,34133000000.0,39661000000,21133000000.0,,1873000000.0,22865000000.0,62526000000,290000000.0,518000000.0,-261000000.0,98000000.0,-113000000.0,-160000000.0,496000000.0,-125000000.0,645000000.0,-1373000000.0,-35000000.0,2000000.0,-1364000000.0,-335000000.0,1127000000.0,54000000.0,797000000.0,78000000,2011-12-30,66.26999664306639,66.36000061035156,65.84999847412111,66.0,43.3203010559082,2259700.0
2012-03-31,3630000000.0,-2073000000.0,1557000000.0,-663000000.0,,,-479000000.0,894000000.0,-90000000.0,-224000000.0,804000000,-404000000.0,400000000,-103000000.0,297000000,2000000.0,295000000,295000000,1309000000.0,613000000.0,1754000000.0,5924000000.0,42971000000.0,9236000000.0,3668000000.0,55875000000.0,61799000000,1706000000.0,1523000000.0,4283000000.0,19026000000.0,34638000000.0,38921000000,21122000000.0,,1833000000.0,22878000000.0,61799000000,299000000.0,544000000.0,290000000.0,-261000000.0,172000000.0,-162000000.0,-270000000.0,-1000000.0,872000000.0,-988000000.0,-127000000.0,-25000000.0,-1180000000.0,-335000000.0,-401000000.0,8000000.0,-731000000.0,-1039000000,2012-03-30,62.72999954223633,63.09000015258789,62.63999938964844,63.02999877929688,41.85759353637695,4184833.0
2012-06-30,3577000000.0,-2149000000.0,1428000000.0,-646000000.0,,,-475000000.0,782000000.0,-122000000.0,-232000000.0,660000000,3000000.0,663000000,-214000000.0,449000000,-1000000.0,444000000,444000000,1760000000.0,610000000.0,1762000000.0,6487000000.0,43787000000.0,8952000000.0,3805000000.0,56544000000.0,63031000000,1773000000.0,2932000000.0,6139000000.0,18454000000.0,34376000000.0,40515000000,21141000000.0,,1598000000.0,22516000000.0,63031000000,448000000.0,533000000.0,86000000.0,63000000.0,-111000000.0,-3000000.0,168000000.0,9000000.0,1130000000.0,-1264000000.0,42000000.0,12000000.0,-1211000000.0,-335000000.0,875000000.0,6000000.0,536000000.0,455000000,2012-06-29,69.48000335693361,69.72000122070311,69.0,69.18000030517578,46.47770309448242,11676967.0
2012-09-30,6722000000.0,-4400000000.0,2322000000.0,-992000000.0,,,-666000000.0,1330000000.0,-236000000.0,-401000000.0,1094000000,-252000000.0,842000000,-248000000.0,594000000,4000000.0,594000000,594000000,2096000000.0,1596000000.0,3041000000.0,10106000000.0,69031000000.0,23611000000.0,9260000000.0,101902000000.0,112008000000,2987000000.0,3363000000.0,8556000000.0,36109000000.0,62364000000.0,70920000000,39250000000.0,,1995000000.0,41088000000.0,112008000000,598000000.0,788000000.0,631000000.0,-40000000.0,-144000000.0,143000000.0,-120000000.0,81000000.0,1977000000.0,-1593000000.0,-127000000.0,6000000.0,-1598000000.0,-541000000.0,316000000.0,2000000.0,-144000000.0,235000000,2012-09-28,64.02999877929689,64.84999847412111,63.95000076293945,64.79000091552734,44.02212524414063,4051000.0
2012-12-31,3983000000.0,-2613000000.0,1370000000.0,-809000000.0,,,-525000000.0,561000000.0,-251000000.0,-387000000.0,310000000,19000000.0,329000000,-58000000.0,271000000,166000000.0,435000000,435000000,1757000000.0,1516000000.0,3223000000.0,10122000000.0,68558000000.0,23994000000.0,11182000000.0,103734000000.0,113856000000,3351000000.0,4167000000.0,10029000000.0,36351000000.0,62793000000.0,72822000000,39280000000.0,,1889000000.0,41034000000.0,113856000000,437000000.0,787000000.0,-134000000.0,175000000.0,122000000.0,-236000000.0,353000000.0,-64000000.0,1265000000.0,-1656000000.0,30000000.0,-232000000.0,-2208000000.0,-541000000.0,1160000000.0,7000000.0,606000000.0,-337000000,2012-12-31,62.81999969482422,63.849998474121094,62.599998474121094,63.79999923706055,43.89093399047852,3135900.0
2013-03-31,5898000000.0,-3682000000.0,2216000000.0,-1003000000.0,,,-660000000.0,1213000000.0,-251000000.0,-367000000.0,962000000,2000000.0,964000000,-330000000.0,634000000,0.0,634000000,634000000,1584000000.0,1503000000.0,3096000000.0,9549000000.0,68813000000.0,24330000000.0,10974000000.0,104117000000.0,113666000000,2888000000.0,5009000000.0,9965000000.0,36339000000.0,62671000000.0,72636000000,39264000000.0,,1978000000.0,41030000000.0,113666000000,634000000.0,762000000.0,396000000.0,-701000000.0,-118000000.0,126000000.0,-246000000.0,-463000000.0,1091000000.0,-1375000000.0,-76000000.0,-12000000.0,-1465000000.0,-542000000.0,889000000.0,5000000.0,246000000.0,-128000000,2013-03-28,71.80999755859375,72.68000030517578,71.66000366210938,72.58999633789062,50.4937744140625,2971600.0
2013-06-30,5879000000.0,-3672000000.0,2207000000.0,-1001000000.0,,,-678000000.0,1206000000.0,-311000000.0,-381000000.0,895000000,-385000000.0,510000000,-165000000.0,345000000,-3000000.0,339000000,339000000,1851000000.0,1593000000.0,3130000000.0,9875000000.0,68877000000.0,24307000000.0,11041000000.0,104225000000.0,114100000000,2940000000.0,4049000000.0,10015000000.0,37359000000.0,63884000000.0,73899000000,39285000000.0,,1223000000.0,40201000000.0,114100000000,342000000.0,782000000.0,467000000.0,161000000.0,-26000000.0,-42000000.0,-62000000.0,291000000.0,1752000000.0,-1340000000.0,24000000.0,50000000.0,-1097000000.0,-543000000.0,168000000.0,2000000.0,-380000000.0,275000000,2013-06-28,67.44000244140625,68.01999664306639,67.11000061035156,67.5,47.45683288574219,2761600.0
2013-09-30,6217000000.0,-3563000000.0,2654000000.0,-991000000.0,,,-672000000.0,1663000000.0,-291000000.0,-378000000.0,1372000000,-3000000.0,1369000000,-423000000.0,946000000,62000000.0,1004000000,1004000000,2284000000.0,1585000000.0,3100000000.0,10418000000.0,69284000000.0,24490000000.0,10398000000.0,104172000000.0,114590000000,2999000000.0,3910000000.0,9239000000.0,37402000000.0,64114000000.0,73353000000,39318000000.0,,2227000000.0,41237000000.0,114590000000,1008000000.0,821000000.0,587000000.0,-269000000.0,-10000000.0,35000000.0,-104000000.0,-190000000.0,2147000000.0,-1139000000.0,148000000.0,21000000.0,-1004000000.0,-551000000.0,-33000000.0,1000000.0,-548000000.0,595000000,2013-09-30,66.66000366210939,67.19999694824219,66.59999847412111,66.77999877929689,47.473487854003906,2529200.0
2013-12-31,4762000000.0,-2628000000.0,2134000000.0,-947000000.0,,,-658000000.0,1187000000.0,-306000000.0,-417000000.0,881000000,71000000.0,952000000,-287000000.0,665000000,27000000.0,688000000,688000000,1545000000.0,1286000000.0,3250000000.0,10516000000.0,69490000000.0,25401000000.0,9372000000.0,104263000000.0,114779000000,3382000000.0,2943000000.0,8644000000.0,38152000000.0,64727000000.0,73371000000,39366000000.0,,2363000000.0,41408000000.0,114779000000,692000000.0,864000000.0,-64000000.0,-100000000.0,-127000000.0,-150000000.0,485000000.0,-308000000.0,1392000000.0,-1672000000.0,77000000.0,218000000.0,-1412000000.0,-552000000.0,-91000000.0,1000000.0,-645000000.0,-665000000,2013-12-31,69.09999847412111,69.19999694824219,68.76000213623047,69.01000213623047,49.59819030761719,2041000.0
2014-03-31,6263000000.0,-3701000000.0,2562000000.0,-1105000000.0,,,-755000000.0,1457000000.0,-273000000.0,-404000000.0,1184000000,-95000000.0,1089000000,-339000000.0,750000000,-843000000.0,-97000000,-97000000,1537000000.0,597000000.0,2908000000.0,10565000000.0,66355000000.0,27551000000.0,9321000000.0,103227000000.0,113792000000,2793000000.0,2622000000.0,7492000000.0,39000000000.0,65511000000.0,73003000000,39373000000.0,,1713000000.0,40789000000.0,113792000000,-93000000.0,884000000.0,1212000000.0,-630000000.0,29000000.0,272000000.0,-97000000.0,-834000000.0,1373000000.0,-1232000000.0,37000000.0,4000000.0,-1286000000.0,-553000000.0,486000000.0,19000000.0,-57000000.0,30000000,2014-03-31,70.66999816894531,71.29000091552734,70.55999755859375,71.22000122070312,51.752708435058594,3099100.0
2014-06-30,5708000000.0,-3368000000.0,2340000000.0,-1073000000.0,,,-762000000.0,1267000000.0,-281000000.0,-403000000.0,986000000,22000000.0,1008000000,-282000000.0,726000000,-113000000.0,609000000,609000000,2008000000.0,877000000.0,3056000000.0,11515000000.0,66908000000.0,27563000000.0,9187000000.0,103658000000.0,115173000000,2757000000.0,3754000000.0,8708000000.0,38706000000.0,65584000000.0,74292000000,39390000000.0,,1768000000.0,40881000000.0,115173000000,613000000.0,864000000.0,168000000.0,-399000000.0,-147000000.0,-150000000.0,-121000000.0,19000000.0,1246000000.0,-1168000000.0,-17000000.0,99000000.0,-1081000000.0,-554000000.0,869000000.0,4000000.0,312000000.0,477000000,2014-06-30,73.7699966430664,74.38999938964844,73.54000091552734,74.19000244140625,54.5036506652832,2854400.0
2014-09-30,6395000000.0,-3716000000.0,2679000000.0,-1063000000.0,,,-788000000.0,1616000000.0,-268000000.0,-405000000.0,1348000000,3000000.0,1351000000,-460000000.0,891000000,378000000.0,1274000000,1274000000,1931000000.0,854000000.0,3200000000.0,11575000000.0,69595000000.0,28060000000.0,10426000000.0,108081000000.0,119656000000,2981000000.0,2943000000.0,8251000000.0,38702000000.0,69952000000.0,78203000000,39389000000.0,,2479000000.0,41453000000.0,119656000000,1269000000.0,893000000.0,-36000000.0,422000000.0,94000000.0,-139000000.0,-85000000.0,552000000.0,2548000000.0,-1355000000.0,1000000.0,53000000.0,-1367000000.0,-563000000.0,-700000000.0,1000000.0,-1258000000.0,-77000000,2014-09-30,74.26000213623047,75.20999908447266,74.02999877929688,74.7699966430664,55.54841232299805,4188600.0
2014-12-31,4143000000.0,-2638000000.0,1505000000.0,-932000000.0,,,-664000000.0,573000000.0,-257000000.0,-317000000.0,316000000,-1000000.0,315000000,-144000000.0,171000000,-71000000.0,97000000,97000000,2036000000.0,791000000.0,3459000000.0,11575000000.0,70046000000.0,27875000000.0,11061000000.0,108982000000.0,120557000000,3258000000.0,5321000000.0,11233000000.0,37061000000.0,68425000000.0,79658000000,39406000000.0,,2012000000.0,40899000000.0,120557000000,100000000.0,866000000.0,491000000.0,-38000000.0,82000000.0,-252000000.0,273000000.0,-141000000.0,1419000000.0,-1629000000.0,2000000.0,-31000000.0,-1639000000.0,-564000000.0,910000000.0,1000000.0,325000000.0,-443000000,2014-12-31,84.81999969482422,85.16000366210938,83.5,83.54000091552734,62.66656112670898,2802400.0
2015-03-31,6065000000.0,-3582000000.0,2483000000.0,-1041000000.0,,,-777000000.0,1442000000.0,-316000000.0,-403000000.0,1126000000,14000000.0,1140000000,-364000000.0,776000000,91000000.0,864000000,864000000,2821000000.0,750000000.0,3413000000.0,12322000000.0,70301000000.0,28058000000.0,11461000000.0,109820000000.0,122142000000,2918000000.0,6590000000.0,11903000000.0,37173000000.0,69152000000.0,81055000000,39414000000.0,,2309000000.0,41087000000.0,122142000000,867000000.0,883000000.0,153000000.0,-463000000.0,-41000000.0,57000000.0,-201000000.0,-278000000.0,1440000000.0,-1411000000.0,34000000.0,-28000000.0,-1456000000.0,-564000000.0,1365000000.0,15000000.0,801000000.0,785000000,2015-03-31,75.83999633789062,76.8499984741211,75.5,76.77999877929688,58.14476013183594,6030800.0
2015-06-30,5589000000.0,-3287000000.0,2302000000.0,-1069000000.0,,,-790000000.0,1233000000.0,-308000000.0,-403000000.0,925000000,13000000.0,938000000,-334000000.0,604000000,-57000000.0,543000000,543000000,960000000.0,650000000.0,3469000000.0,9598000000.0,71759000000.0,25471000000.0,11747000000.0,108977000000.0,118575000000,2889000000.0,4536000000.0,9646000000.0,36795000000.0,69312000000.0,78958000000,37934000000.0,,2294000000.0,39617000000.0,118575000000,547000000.0,901000000.0,186000000.0,-195000000.0,146000000.0,-55000000.0,-87000000.0,-199000000.0,1439000000.0,-1651000000.0,-21000000.0,2831000000.0,1162000000.0,-551000000.0,-2402000000.0,-1499000000.0,-4462000000.0,-1861000000,2015-06-30,70.98999786376953,71.04000091552734,70.41000366210938,70.62000274658203,54.04294204711914,3911300.0
2015-09-30,6483000000.0,-3621000000.0,2862000000.0,-1067000000.0,,,-774000000.0,1795000000.0,-328000000.0,-402000000.0,1467000000,-107000000.0,1360000000,-420000000.0,940000000,-5000000.0,932000000,932000000,1370000000.0,722000000.0,3537000000.0,10195000000.0,73776000000.0,25584000000.0,11478000000.0,110838000000.0,121033000000,3189000000.0,4955000000.0,10516000000.0,37667000000.0,70649000000.0,81165000000,37954000000.0,,2656000000.0,39868000000.0,121033000000,935000000.0,896000000.0,369000000.0,317000000.0,-38000000.0,-15000000.0,106000000.0,264000000.0,2517000000.0,-1580000000.0,7000000.0,-1204000000.0,-2997000000.0,-570000000.0,1440000000.0,0.0,890000000.0,410000000,2015-09-30,70.94999694824219,72.0199966430664,70.6500015258789,71.94000244140625,55.66302490234375,3209800.0
2015-12-31,4234000000.0,-2545000000.0,1689000000.0,-1005000000.0,,,-712000000.0,684000000.0,-216000000.0,-319000000.0,468000000,4000000.0,472000000,-138000000.0,334000000,148000000.0,477000000,477000000,383000000.0,515000000.0,3746000000.0,8322000000.0,73779000000.0,27639000000.0,11416000000.0,112834000000.0,121156000000,3051000000.0,5659000000.0,11400000000.0,36842000000.0,69985000000.0,81385000000,37969000000.0,,2564000000.0,39771000000.0,121156000000,482000000.0,933000000.0,-198000000.0,63000000.0,292000000.0,-224000000.0,176000000.0,-181000000.0,1280000000.0,-2124000000.0,-17000000.0,35000000.0,-1986000000.0,-569000000.0,768000000.0,1000000.0,193000000.0,586000000,2015-12-31,72.13999938964844,72.22000122070312,70.73999786376953,71.38999938964844,55.91615295410156,2999500.0
2016-03-31,5377000000.0,-3053000000.0,2324000000.0,-1088000000.0,,,-793000000.0,1236000000.0,-411000000.0,-489000000.0,825000000,4000000.0,829000000,-252000000.0,577000000,122000000.0,694000000,694000000,778000000.0,609000000.0,3721000000.0,7943000000.0,76432000000.0,25812000000.0,11522000000.0,113766000000.0,121709000000,2961000000.0,5561000000.0,10891000000.0,38232000000.0,70877000000.0,81768000000,37970000000.0,,2688000000.0,39941000000.0,121709000000,699000000.0,931000000.0,119000000.0,-67000000.0,139000000.0,89000000.0,-210000000.0,-85000000.0,1682000000.0,-1645000000.0,15000000.0,,-1758000000.0,,593000000.0,7000000.0,-3000000.0,-49000000,2016-03-31,80.3499984741211,80.70999908447266,79.80999755859375,80.68000030517578,63.86001968383789,2813000.0
2016-06-30,5213000000.0,-2881000000.0,2332000000.0,-1080000000.0,,,-790000000.0,1252000000.0,-382000000.0,-478000000.0,870000000,7000000.0,877000000,-253000000.0,624000000,-112000000.0,509000000,509000000,676000000.0,575000000.0,3627000000.0,8097000000.0,77329000000.0,25908000000.0,11320000000.0,114557000000.0,122654000000,3136000000.0,4654000000.0,9906000000.0,39931000000.0,72800000000.0,82706000000,37985000000.0,,2627000000.0,39948000000.0,122654000000,512000000.0,937000000.0,180000000.0,-86000000.0,-177000000.0,89000000.0,57000000.0,-55000000.0,1543000000.0,-1748000000.0,11000000.0,,-1850000000.0,,785000000.0,0.0,205000000.0,-53000000,2016-06-30,84.30000305175781,85.79000091552734,84.13999938964844,85.79000091552734,68.61668395996094,5473100.0
2016-09-30,6576000000.0,-3497000000.0,3079000000.0,-1121000000.0,,,-819000000.0,1958000000.0,-438000000.0,-464000000.0,1520000000,-4000000.0,1516000000,-515000000.0,1001000000,180000000.0,1176000000,1176000000,6179000000.0,583000000.0,3351000000.0,13534000000.0,78216000000.0,26018000000.0,11918000000.0,116152000000.0,129686000000,3278000000.0,6212000000.0,12076000000.0,43964000000.0,77064000000.0,89140000000,37998000000.0,,3212000000.0,40546000000.0,129686000000,1181000000.0,979000000.0,32000000.0,194000000.0,-238000000.0,277000000.0,-54000000.0,209000000.0,2386000000.0,-1859000000.0,33000000.0,,-1947000000.0,,5634000000.0,0.0,5064000000.0,5435000000,2016-09-30,80.62000274658203,80.94000244140625,79.51000213623047,80.04000091552734,64.67029571533203,3883000.0
2016-12-31,5577000000.0,-3544000000.0,2033000000.0,-1147000000.0,,,-892000000.0,886000000.0,-376000000.0,-485000000.0,510000000,2000000.0,512000000,-136000000.0,376000000,-598000000.0,-227000000,-227000000,392000000.0,751000000.0,3522000000.0,8039000000.0,82520000000.0,29324000000.0,12878000000.0,124722000000.0,132761000000,3881000000.0,4806000000.0,11551000000.0,45576000000.0,80169000000.0,91720000000,38742000000.0,,2384000000.0,41041000000.0,132761000000,-222000000.0,1033000000.0,458000000.0,-82000000.0,-115000000.0,-183000000.0,473000000.0,-257000000.0,1187000000.0,-2649000000.0,24000000.0,-3360000000.0,-5978000000.0,-2332000000.0,-1144000000.0,724000000.0,-996000000.0,-5324000000,2016-12-30,78.05000305175781,78.23999786376953,77.3499984741211,77.62000274658203,63.42922592163086,2465600.0
2017-03-31,5729000000.0,-3175000000.0,2554000000.0,-1163000000.0,,,-859000000.0,1391000000.0,-341000000.0,-491000000.0,1050000000,11000000.0,1061000000,-344000000.0,717000000,,716000000,716000000,878000000.0,623000000.0,3366000000.0,8005000000.0,83516000000.0,29749000000.0,12838000000.0,126103000000.0,134108000000,3092000000.0,5535000000.0,10941000000.0,47021000000.0,81981000000.0,92922000000,38743000000.0,,2521000000.0,41186000000.0,134108000000,717000000.0,991000000.0,74000000.0,-536000000.0,343000000.0,155000000.0,-463000000.0,-571000000.0,1246000000.0,-2160000000.0,19000000.0,,-2361000000.0,,2218000000.0,,1596000000.0,481000000,2017-03-31,81.91000366210938,82.47000122070312,81.7300033569336,82.01000213623047,67.75899505615234,2251800.0
2017-06-30,5555000000.0,-3058000000.0,2497000000.0,-1142000000.0,,,-835000000.0,1355000000.0,-335000000.0,-486000000.0,1020000000,-2000000.0,1018000000,-327000000.0,691000000,-2000000.0,686000000,686000000,298000000.0,498000000.0,3369000000.0,7673000000.0,84404000000.0,30119000000.0,12808000000.0,127331000000.0,135004000000,3115000000.0,6960000000.0,12466000000.0,46043000000.0,81244000000.0,93710000000,38759000000.0,,2607000000.0,41294000000.0,135004000000,689000000.0,962000000.0,123000000.0,-220000000.0,-50000000.0,-2000000.0,-42000000.0,-126000000.0,1554000000.0,-1771000000.0,8000000.0,,-1983000000.0,,488000000.0,,-122000000.0,-551000000,2017-06-30,84.1500015258789,84.41999816894531,83.58999633789062,83.58999633789062,69.78223419189453,3607600.0
2017-09-30,6482000000.0,-3407000000.0,3075000000.0,-1213000000.0,,,-900000000.0,1862000000.0,-340000000.0,-498000000.0,1522000000,-201000000.0,1321000000,-364000000.0,957000000,-2000000.0,954000000,954000000,282000000.0,528000000.0,3265000000.0,7706000000.0,84862000000.0,30390000000.0,13367000000.0,128619000000.0,136325000000,3810000000.0,4384000000.0,10820000000.0,48929000000.0,83863000000.0,94683000000,38775000000.0,,2936000000.0,41642000000.0,136325000000,955000000.0,1037000000.0,326000000.0,-140000000.0,-213000000.0,95000000.0,-49000000.0,27000000.0,2178000000.0,-1910000000.0,2000000.0,,-1987000000.0,,350000000.0,,-235000000.0,-44000000,2017-09-29,84.12999725341797,84.22000122070312,83.5999984741211,83.91999816894531,70.78273010253906,2384500.0
2017-12-31,5799000000.0,-3286000000.0,2513000000.0,-1242000000.0,,,-933000000.0,1271000000.0,-343000000.0,-511000000.0,928000000,-62000000.0,866000000,-161000000.0,705000000,-2000000.0,703000000,703000000,358000000.0,779000000.0,3250000000.0,8453000000.0,86391000000.0,30628000000.0,12442000000.0,129461000000.0,137914000000,4119000000.0,5407000000.0,12482000000.0,49035000000.0,83695000000.0,96177000000,38793000000.0,,3013000000.0,41737000000.0,137914000000,703000000.0,1056000000.0,239000000.0,-352000000.0,-163000000.0,20000000.0,350000000.0,-559000000.0,1646000000.0,-2211000000.0,-2000000.0,-13000000.0,-2111000000.0,-2450000000.0,1175000000.0,,543000000.0,78000000,2017-12-29,84.27999877929688,84.58000183105469,83.9800033569336,84.11000061035156,71.64698028564453,2210700.0
2018-03-31,6135000000.0,-3453000000.0,2682000000.0,-1283000000.0,,,-967000000.0,1399000000.0,-453000000.0,-515000000.0,946000000,-143000000.0,803000000,-181000000.0,622000000,,620000000,620000000,421000000.0,759000000.0,3149000000.0,8279000000.0,87373000000.0,30671000000.0,12218000000.0,130262000000.0,138541000000,3355000000.0,6920000000.0,12998000000.0,49030000000.0,83745000000.0,96743000000,38840000000.0,,3021000000.0,41798000000.0,138541000000,622000000.0,1089000000.0,157000000.0,-477000000.0,64000000.0,101000000.0,-327000000.0,-315000000.0,1391000000.0,-2087000000.0,-28000000.0,,-2264000000.0,,1544000000.0,21000000.0,947000000.0,74000000,2018-03-29,77.08999633789062,77.91000366210938,77.04000091552734,77.47000122070312,66.77823638916016,3962500.0
2018-06-30,5643000000.0,-3207000000.0,2436000000.0,-1288000000.0,,,-973000000.0,1148000000.0,-372000000.0,-518000000.0,776000000,-169000000.0,607000000,-100000000.0,507000000,-5000000.0,500000000,500000000,304000000.0,612000000.0,3177000000.0,8476000000.0,88495000000.0,30783000000.0,12505000000.0,131783000000.0,140259000000,3710000000.0,6181000000.0,12791000000.0,49863000000.0,84953000000.0,97744000000,39683000000.0,,2894000000.0,42515000000.0,140259000000,502000000.0,1161000000.0,191000000.0,57000000.0,-91000000.0,-31000000.0,185000000.0,-6000000.0,1911000000.0,-2288000000.0,-14000000.0,,-2381000000.0,,124000000.0,799000000.0,318000000.0,-152000000,2018-06-29,79.05999755859375,79.54000091552734,78.51000213623047,79.08000183105469,68.97344207763672,3385000.0
2018-09-30,6628000000.0,-3573000000.0,3055000000.0,-1362000000.0,,,-1039000000.0,1693000000.0,-349000000.0,-517000000.0,1344000000,-114000000.0,1230000000,-168000000.0,1062000000,4000000.0,1082000000,1082000000,303000000.0,682000000.0,3140000000.0,9520000000.0,89865000000.0,31164000000.0,12616000000.0,133645000000.0,143165000000,4465000000.0,6346000000.0,13922000000.0,50507000000.0,86230000000.0,100152000000,39748000000.0,,3313000000.0,43013000000.0,143165000000,1066000000.0,1197000000.0,791000000.0,-689000000.0,-261000000.0,34000000.0,531000000.0,-993000000.0,2365000000.0,-2377000000.0,-3000000.0,,-2625000000.0,,838000000.0,14000000.0,282000000.0,22000000,2018-09-28,79.12999725341797,80.05999755859375,79.0999984741211,80.0199966430664,70.59358215332031,4540900.0
2018-12-31,6115000000.0,-3758000000.0,2357000000.0,-1421000000.0,,,-1095000000.0,936000000.0,-438000000.0,-544000000.0,498000000,-65000000.0,433000000,1000000.0,434000000,20000000.0,464000000,464000000,442000000.0,962000000.0,3084000000.0,9714000000.0,91694000000.0,30367000000.0,13617000000.0,135678000000.0,145392000000,4623000000.0,6816000000.0,15041000000.0,51123000000.0,86517000000.0,101558000000,40796000000.0,,3113000000.0,43834000000.0,145392000000,454000000.0,1249000000.0,-65000000.0,-119000000.0,-57000000.0,52000000.0,90000000.0,-204000000.0,1519000000.0,-2637000000.0,30000000.0,,-2790000000.0,-2471000000.0,1058000000.0,1004000000.0,1413000000.0,142000000,2018-12-31,86.33999633789062,86.5999984741211,85.30999755859375,86.30000305175781,76.96022033691406,2240100.0
2019-03-31,6163000000.0,-3355000000.0,2808000000.0,-1432000000.0,,,-1089000000.0,1376000000.0,-385000000.0,-543000000.0,991000000,-3000000.0,988000000,-95000000.0,893000000,,900000000,900000000,377000000.0,775000000.0,3102000000.0,9168000000.0,95721000000.0,28279000000.0,17968000000.0,141968000000.0,151136000000,3552000000.0,5530000000.0,12282000000.0,55268000000.0,93809000000.0,106091000000,40824000000.0,,3360000000.0,45045000000.0,151136000000,893000000.0,1238000000.0,-79000000.0,-813000000.0,388000000.0,-31000000.0,-636000000.0,-534000000.0,1239000000.0,-2536000000.0,-9000000.0,,-2713000000.0,-649000000.0,2102000000.0,13000000.0,1433000000.0,-41000000,2019-03-29,89.2300033569336,90.08999633789062,88.80999755859375,90.0,81.09983825683594,5434800.0
2019-06-30,5873000000.0,-3151000000.0,2722000000.0,-1423000000.0,,,-1089000000.0,1299000000.0,-409000000.0,-542000000.0,890000000,-1000000.0,889000000,-141000000.0,748000000,,832000000,820000000,336000000.0,646000000.0,3189000000.0,9509000000.0,97198000000.0,28639000000.0,18103000000.0,143940000000.0,153449000000,3597000000.0,6491000000.0,13447000000.0,55925000000.0,94670000000.0,108117000000,40886000000.0,,3502000000.0,45332000000.0,153449000000,748000000.0,1245000000.0,170000000.0,-346000000.0,-84000000.0,-79000000.0,-64000000.0,-119000000.0,1817000000.0,-2929000000.0,-5000000.0,,-3075000000.0,-663000000.0,1662000000.0,14000000.0,1189000000.0,-69000000,2019-06-28,88.48999786376953,89.13999938964844,87.94000244140625,88.23999786376953,80.37327575683594,3875700.0
2019-09-30,6940000000.0,-3510000000.0,3430000000.0,-1521000000.0,,,-1186000000.0,1909000000.0,-418000000.0,-572000000.0,1491000000,20000000.0,1511000000,-188000000.0,1323000000,,1342000000,1327000000,379000000.0,755000000.0,3107000000.0,9619000000.0,98912000000.0,28862000000.0,18524000000.0,146298000000.0,155917000000,4217000000.0,5565000000.0,13390000000.0,56467000000.0,95120000000.0,108510000000,40489000000.0,,4139000000.0,47407000000.0,155917000000,1323000000.0,1348000000.0,-209000000.0,119000000.0,-242000000.0,107000000.0,162000000.0,92000000.0,2581000000.0,-2619000000.0,1000000.0,,-2845000000.0,-678000000.0,574000000.0,14000000.0,365000000.0,101000000,2019-09-30,96.25,96.48999786376952,95.58999633789062,95.86000061035156,88.25302124023438,2501700.0
2019-12-31,6103000000.0,-3503000000.0,2600000000.0,-1479000000.0,,,-1184000000.0,1121000000.0,-400000000.0,-547000000.0,721000000,-12000000.0,709000000,-95000000.0,614000000,-7000000.0,674000000,660000000,311000000.0,1066000000.0,3232000000.0,9163000000.0,102127000000.0,29379000000.0,18169000000.0,149675000000.0,158838000000,4444000000.0,6276000000.0,14752000000.0,54985000000.0,96135000000.0,110887000000,40882000000.0,,4108000000.0,47951000000.0,158838000000,607000000.0,1345000000.0,458000000.0,162000000.0,16000000.0,-119000000.0,374000000.0,-109000000.0,2572000000.0,-3038000000.0,8000000.0,,-3324000000.0,-678000000.0,-1103000000.0,343000000.0,743000000.0,-9000000,2019-12-31,90.88999938964844,91.23999786376952,90.62000274658205,91.20999908447266,84.87803649902344,2540700.0
2020-03-31,5949000000.0,-2985000000.0,2964000000.0,-1475000000.0,,,-1130000000.0,1489000000.0,-461000000.0,-551000000.0,1028000000,-1000000.0,1027000000,-137000000.0,890000000,,938000000,899000000,1450000000.0,809000000.0,3324000000.0,10181000000.0,103108000000.0,28422000000.0,18361000000.0,149891000000.0,160072000000,3428000000.0,8110000000.0,15170000000.0,57980000000.0,96819000000.0,111989000000,40931000000.0,,4221000000.0,48083000000.0,160072000000,890000000.0,1301000000.0,206000000.0,-843000000.0,466000000.0,-92000000.0,-657000000.0,-560000000.0,1554000000.0,-2832000000.0,-45000000.0,,-3022000000.0,-707000000.0,3231000000.0,40000000.0,2593000000.0,1125000000,2020-03-31,82.37000274658203,83.95999908447266,80.51000213623047,80.87999725341797,75.99861145019531,5115500.0
2020-06-30,5421000000.0,-2761000000.0,2660000000.0,-1484000000.0,,,-1150000000.0,1176000000.0,-2385000000.0,-554000000.0,-1209000000,1000000.0,-1208000000,316000000.0,-892000000,,-802000000,-817000000,341000000.0,753000000.0,3289000000.0,9237000000.0,104325000000.0,28164000000.0,18323000000.0,150812000000.0,160049000000,3624000000.0,8541000000.0,16690000000.0,57706000000.0,96748000000.0,113438000000,40998000000.0,,2707000000.0,46611000000.0,160049000000,-892000000.0,1350000000.0,1432000000.0,-87000000.0,-185000000.0,36000000.0,19000000.0,43000000.0,1803000000.0,-2271000000.0,-18000000.0,,-2449000000.0,-684000000.0,230000000.0,17000000.0,-411000000.0,-1057000000,2020-06-30,80.08999633789062,80.4800033569336,78.93000030517578,79.88999938964844,75.94475555419922,4890000.0
