Report Date,Revenue,Cost of Revenue,Gross Profit,Operating Expenses,"Selling, General & Administrative",Research & Development,Depreciation & Amortization,Operating Income (Loss),Non-Operating Income (Loss),"Interest Expense, Net","Pretax Income (Loss), Adj.",Abnormal Gains (Losses),Pretax Income (Loss),"Income Tax (Expense) Benefit, Net",Income (Loss) from Continuing Operations,Net Extraordinary Gains (Losses),Net Income,Net Income (Common),"Cash, Cash Equivalents & Short Term Investments",Accounts & Notes Receivable,Inventories,Total Current Assets,"Property, Plant & Equipment, Net",Long Term Investments & Receivables,Other Long Term Assets,Total Noncurrent Assets,Total Assets,Payables & Accruals,Short Term Debt,Total Current Liabilities,Long Term Debt,Total Noncurrent Liabilities,Total Liabilities,Share Capital & Additional Paid-In Capital,Treasury Stock,Retained Earnings,Total Equity,Total Liabilities & Equity,Net Income/Starting Line,Depreciation & Amortization,Non-Cash Items,Change in Working Capital,Change in Accounts Receivable,Change in Inventories,Change in Accounts Payable,Change in Other,Net Cash from Operating Activities,Change in Fixed Assets & Intangibles,Net Change in Long Term Investment,Net Cash from Acquisitions & Divestitures,Net Cash from Investing Activities,Dividends Paid,Cash from (Repayment of) Debt,Cash from (Repurchase of) Equity,Net Cash from Financing Activities,Net Change in Cash,Price Date,Open,High,Low,Close,Adj Close,Volume
2009-06-30,1519041000.0,-1051879000.0,467162000.0,-231584000.0,-132166000.0,,-58185000.0,235578000.0,-45439000.0,-47088000.0,190139000,,190139000,-70507000.0,119632000,,105819000,105819000,563222000.0,1128330000.0,65354000.0,2233397000.0,1075349000.0,6827000.0,4125461000.0,5207637000.0,7441034000,563502000.0,92290000.0,1108840000.0,3579417000.0,3987241000.0,5096081000,620394000.0,-701783000.0,2091480000.0,2344953000.0,7441034000,119632000.0,58185000.0,29933000.0,4633000.0,-40316000.0,5989000.0,13451000.0,25509000.0,212383000.0,-65262000.0,5366000.0,-1901000.0,-61709000.0,,-11433000.0,7589000.0,-12244000.0,138430000,2009-06-30,24.75,24.84000015258789,24.440000534057614,24.729999542236328,24.729999542236328,1104000.0
2009-09-30,1573915000.0,-1095857000.0,478058000.0,-233765000.0,-134931000.0,,-56813000.0,244293000.0,-43828000.0,-45535000.0,200465000,,200465000,-74195000.0,126270000,,110930000,110930000,602360000.0,1142861000.0,69014000.0,2308533000.0,1088446000.0,7567000.0,4133162000.0,5229175000.0,7537708000,585976000.0,100677000.0,1113509000.0,3555853000.0,3993230000.0,5106739000,638388000.0,-756157000.0,2202410000.0,2430969000.0,7537708000,126270000.0,56813000.0,32020000.0,-47616000.0,-14162000.0,-3186000.0,-7035000.0,-23233000.0,167487000.0,-67448000.0,-1554000.0,-20215000.0,-88376000.0,,-14393000.0,-15589000.0,-41544000.0,37567000,2009-09-30,28.040000915527344,28.45499992370605,27.84000015258789,28.31999969482422,28.31999969482422,2006400.0
2009-12-31,1560052000.0,-1088525000.0,471527000.0,-234834000.0,-137161000.0,,-56275000.0,236693000.0,-42775000.0,-44831000.0,193918000,,193918000,-68728000.0,125190000,393000.0,109724000,109724000,565934000.0,1105903000.0,70041000.0,2302521000.0,1104925000.0,7616000.0,4143174000.0,5255715000.0,7558236000,485842000.0,100007000.0,1046941000.0,3532217000.0,3985411000.0,5032352000,621820000.0,-793340000.0,2312134000.0,2525884000.0,7558236000,125583000.0,56865000.0,29480000.0,-59337000.0,35922000.0,-743000.0,-45884000.0,-48632000.0,152591000.0,-71121000.0,-5634000.0,-22175000.0,-97312000.0,,-24207000.0,-54673000.0,-97500000.0,-42221000,2009-12-31,29.625,29.71999931335449,29.334999084472656,29.3700008392334,29.3700008392334,846800.0
2010-03-31,1559418000.0,-1082789000.0,476629000.0,-236308000.0,-137277000.0,,-57468000.0,240321000.0,-41407000.0,-44583000.0,198914000,,198914000,-73914000.0,125000000,,109423000,109423000,778816000.0,1103786000.0,68038000.0,2461251000.0,1093850000.0,7584000.0,4129033000.0,5230467000.0,7691718000,536116000.0,98844000.0,1047475000.0,3509713000.0,3975122000.0,5022597000,618026000.0,-775115000.0,2421557000.0,2669121000.0,7691718000,125000000.0,57468000.0,11388000.0,67991000.0,594000.0,1818000.0,1800000.0,63779000.0,261847000.0,-42935000.0,3827000.0,15195000.0,-23563000.0,,-25041000.0,21073000.0,-21834000.0,216450000,2010-03-31,31.42499923706055,31.79999923706055,31.42499923706055,31.70000076293945,31.70000076293945,1238000.0
2010-06-30,1586907000.0,-1110552000.0,476355000.0,-236824000.0,-136104000.0,,-58353000.0,239531000.0,-40082000.0,-43655000.0,199449000,-4127000.0,195322000,-71429000.0,123893000,,107853000,107853000,597642000.0,1070633000.0,69386000.0,2265150000.0,1106028000.0,7190000.0,4199313000.0,5312531000.0,7577681000,592829000.0,96590000.0,1118818000.0,3287523000.0,3754694000.0,4873512000,638508000.0,-865186000.0,2529410000.0,2704169000.0,7577681000,123893000.0,58353000.0,15994000.0,97679000.0,33130000.0,187000.0,60455000.0,3907000.0,295919000.0,-56766000.0,-259000.0,-89215000.0,-146240000.0,,-223613000.0,-87008000.0,-330872000.0,-181193000,2010-06-30,31.364999771118164,31.71999931335449,31.170000076293945,31.21999931335449,31.21999931335449,2106400.0
2010-09-30,1649557000.0,-1144474000.0,505083000.0,-250127000.0,-148041000.0,,-58325000.0,254956000.0,-36942000.0,-39490000.0,218014000,,218014000,-75038000.0,142976000,-95000.0,119387000,119387000,557510000.0,1082676000.0,68950000.0,2262005000.0,1121604000.0,8049000.0,4235447000.0,5365100000.0,7627105000,678311000.0,96252000.0,1111784000.0,3266190000.0,3770476000.0,4882260000,631197000.0,-958680000.0,2648797000.0,2744845000.0,7627105000,142881000.0,58486000.0,88014000.0,-128015000.0,-12044000.0,1036000.0,33095000.0,-150102000.0,161366000.0,-70111000.0,-247000.0,-45152000.0,-115510000.0,,-21581000.0,-43318000.0,-86007000.0,-40151000,2010-09-30,34.615001678466804,34.709999084472656,34.279998779296875,34.514999389648445,34.514999389648445,2581200.0
2010-12-31,1423728000.0,-1090047000.0,333681000.0,-83680000.0,-150403000.0,,-57402000.0,250001000.0,-50758000.0,-53879000.0,199243000,-70255000.0,128988000,-38493000.0,90495000,1950000.0,69020000,69020000,883120000.0,1048976000.0,76008000.0,2622854000.0,1170808000.0,8848000.0,4311914000.0,5491570000.0,8114424000,506510000.0,74892000.0,924345000.0,4233850000.0,4769893000.0,5694238000,620681000.0,-1360579000.0,2717817000.0,2420186000.0,8114424000,92445000.0,60071000.0,106646000.0,-138611000.0,33699000.0,-6933000.0,-91122000.0,-74255000.0,120551000.0,-104499000.0,-229000.0,-46603000.0,-151320000.0,,944991000.0,-455483000.0,356321000.0,325552000,2010-12-31,34.834999084472656,34.959999084472656,34.669998168945305,34.74499893188477,34.74499893188477,809400.0
2011-03-31,1562313000.0,-1114086000.0,448227000.0,-214412000.0,-151602000.0,,-61838000.0,233815000.0,-56235000.0,-58595000.0,177580000,,177580000,-62959000.0,114621000,131000.0,94502000,94502000,1029016000.0,1069437000.0,69641000.0,2726916000.0,1183744000.0,8434000.0,4403847000.0,5596025000.0,8322941000,580332000.0,74551000.0,1007373000.0,4218201000.0,4772679000.0,5780052000,618497000.0,-1354744000.0,2812319000.0,2542889000.0,8322941000,114752000.0,62037000.0,41535000.0,111459000.0,-20461000.0,7429000.0,26565000.0,97926000.0,329783000.0,-67530000.0,853000.0,-78711000.0,-145388000.0,,-17510000.0,3410000.0,-38502000.0,145893000,2011-03-31,41.98500061035156,42.94499969482422,41.98500061035156,42.75500106811523,42.75500106811523,2098600.0
2011-06-30,1661233000.0,-1163136000.0,498097000.0,-229890000.0,-163793000.0,,-64245000.0,268207000.0,-56924000.0,-59897000.0,211283000,-24000000.0,187283000,-66871000.0,120412000,253000.0,100015000,100015000,752839000.0,1132051000.0,68629000.0,2513364000.0,1223662000.0,10083000.0,4445612000.0,5679357000.0,8192721000,643094000.0,75226000.0,1035611000.0,4210823000.0,4794480000.0,5830091000,614439000.0,-1634127000.0,2912334000.0,2362630000.0,8192721000,120665000.0,64470000.0,55818000.0,-36543000.0,-62614000.0,1940000.0,14871000.0,9260000.0,204410000.0,-92404000.0,-1573000.0,-69531000.0,-163168000.0,,-14272000.0,-286593000.0,-317427000.0,-276185000,2011-06-30,42.86000061035156,43.36999893188477,42.86000061035156,43.30500030517578,43.30500030517578,1034600.0
2011-09-30,1757830000.0,-1189638000.0,568192000.0,-252099000.0,-182638000.0,,-67558000.0,316093000.0,-57431000.0,-60848000.0,258662000,,258662000,-94204000.0,164458000,-2612000.0,135361000,135361000,565867000.0,1165010000.0,73293000.0,2370167000.0,1335789000.0,8857000.0,4991855000.0,6336501000.0,8706668000,760247000.0,82497000.0,1205920000.0,4417468000.0,4967453000.0,6173373000,611968000.0,-1639554000.0,3047695000.0,2533295000.0,8706668000,161846000.0,67821000.0,33508000.0,232019000.0,21592000.0,2398000.0,15216000.0,192813000.0,495194000.0,-96950000.0,-242000.0,-727259000.0,-824451000.0,,187320000.0,-30279000.0,140638000.0,-188619000,2011-09-30,30.95499992370605,32.610000610351555,30.899999618530273,31.334999084472656,31.334999084472656,4865000.0
2011-12-31,1750430000.0,-1166760000.0,583670000.0,-255848000.0,-186682000.0,,-70584000.0,327822000.0,-58742000.0,-61750000.0,269080000,24000000.0,293080000,-101258000.0,191822000,-15690000.0,148123000,148123000,411151000.0,1195163000.0,75731000.0,2293244000.0,1432651000.0,9890000.0,5168023000.0,6610564000.0,8903808000,748800000.0,87345000.0,1164752000.0,4417624000.0,4992715000.0,6157467000,596435000.0,-1631694000.0,3195818000.0,2746341000.0,8903808000,176132000.0,72987000.0,33343000.0,-131803000.0,-27365000.0,-1497000.0,27748000.0,-130689000.0,150659000.0,-145670000.0,6207000.0,-126758000.0,-266221000.0,,-27878000.0,1430000.0,-31892000.0,-147454000,2011-12-30,38.02999877929688,38.165000915527344,37.90499877929688,37.90499877929688,37.90499877929688,525000.0
2012-03-31,1849533000.0,-1249395000.0,600138000.0,-281888000.0,-205401000.0,,-75381000.0,318250000.0,-57710000.0,-61381000.0,260540000,,260540000,-95556000.0,164984000,-101000.0,140120000,140120000,457906000.0,1266869000.0,72285000.0,2374400000.0,1490572000.0,9897000.0,5282215000.0,6782684000.0,9157084000,805373000.0,89646000.0,1242115000.0,4401865000.0,5008548000.0,6250663000,575499000.0,-1618134000.0,3335938000.0,2906421000.0,9157084000,164883000.0,75975000.0,11612000.0,79404000.0,-71706000.0,4851000.0,-20624000.0,166883000.0,331874000.0,-112459000.0,10641000.0,-131874000.0,-233690000.0,,-23398000.0,1663000.0,-42657000.0,55538000,2012-03-30,44.900001525878906,45.209999084472656,44.68000030517578,45.084999084472656,45.084999084472656,1498200.0
2012-06-30,1913006000.0,-1299322000.0,613684000.0,-291041000.0,-212793000.0,,-77210000.0,322643000.0,-57251000.0,-60709000.0,265392000,-78000000.0,187392000,-67740000.0,119652000,352000.0,95337000,95337000,282074000.0,1249995000.0,77684000.0,2178751000.0,1586460000.0,12143000.0,5477579000.0,7076182000.0,9254933000,735278000.0,105562000.0,1235864000.0,4392908000.0,4988374000.0,6224238000,564930000.0,-1598231000.0,3431275000.0,3030695000.0,9254933000,120004000.0,77807000.0,12707000.0,-8413000.0,18412000.0,-3138000.0,28802000.0,-52489000.0,202105000.0,-138049000.0,-2595000.0,-212877000.0,-353521000.0,,-13701000.0,3182000.0,-24310000.0,-175845000,2012-06-29,48.724998474121094,49.10499954223633,48.45000076293945,49.10499954223633,49.10499954223633,1594200.0
2012-09-30,1945888000.0,-1327373000.0,618515000.0,-279402000.0,-197912000.0,,-80100000.0,339113000.0,-66611000.0,-70494000.0,272502000,-1292000.0,271210000,-98647000.0,172563000,-13000.0,144721000,144721000,388030000.0,1248050000.0,78322000.0,2325674000.0,1654657000.0,13249000.0,6830532000.0,8498438000.0,10824112000,802119000.0,117821000.0,1336837000.0,5620716000.0,6266870000.0,7603707000,543886000.0,-1564178000.0,3575996000.0,3220405000.0,10824112000,172550000.0,80586000.0,47324000.0,66174000.0,1945000.0,245000.0,-26378000.0,90362000.0,366634000.0,-129717000.0,2416000.0,-72245000.0,-199546000.0,,1207208000.0,3550000.0,-58490000.0,108749000,2012-09-28,50.99499893188477,51.89500045776367,50.79999923706055,51.80500030517578,51.80500030517578,1961800.0
2012-12-31,2477853000.0,-1707459000.0,770394000.0,-383856000.0,-273773000.0,,-109278000.0,386538000.0,-86868000.0,-95970000.0,299670000,-17508000.0,282162000,-97902000.0,184260000,-460000.0,155839000,155839000,540886000.0,1424303000.0,78126000.0,2887050000.0,1872370000.0,59341000.0,11195872000.0,13127583000.0,16014633000,1220018000.0,233042000.0,2016425000.0,8326534000.0,9500591000.0,11517016000,1208935000.0,-1162336000.0,3731835000.0,4497617000.0,16014633000,183800000.0,109540000.0,78208000.0,-171313000.0,3676000.0,2094000.0,59078000.0,-236161000.0,200235000.0,-170751000.0,-74000.0,-3874874000.0,-4045693000.0,,2792039000.0,-1748000.0,3997841000.0,151554000,2012-12-31,54.915000915527344,55.31000137329102,54.29499816894531,55.26499938964844,55.26499938964844,1385200.0
2013-03-31,2829582000.0,-1960891000.0,868691000.0,-411197000.0,-284410000.0,,-125909000.0,457494000.0,-95852000.0,-105817000.0,361642000,-300000000.0,61642000,-15144000.0,46498000,13236000.0,30164000,30164000,706813000.0,1516642000.0,76582000.0,3191168000.0,1915453000.0,63451000.0,11243405000.0,13222309000.0,16413477000,1531758000.0,228219000.0,2325239000.0,8277259000.0,9525813000.0,11851052000,1208450000.0,-1154266000.0,3761999000.0,4562425000.0,16413477000,59734000.0,125756000.0,193219000.0,498000.0,-92339000.0,2162000.0,-83896000.0,174571000.0,379207000.0,-116861000.0,-125000.0,-29141000.0,-146011000.0,,-63687000.0,5833000.0,-67392000.0,165923000,2013-03-28,59.1349983215332,59.38000106811523,58.92499923706055,59.29499816894531,59.29499816894531,1241400.0
2013-06-30,2871673000.0,-2014320000.0,857353000.0,-399959000.0,-268110000.0,,-130589000.0,457394000.0,-101821000.0,-108096000.0,355573000,56977000.0,412550000,-129192000.0,283358000,,254376000,254376000,624698000.0,1445099000.0,77997000.0,3131834000.0,1990963000.0,65765000.0,11266947000.0,13323675000.0,16455509000,1447292000.0,242324000.0,2214888000.0,8234290000.0,9357838000.0,11572726000,1244828000.0,-1132988000.0,4016375000.0,4882783000.0,16455509000,283358000.0,130626000.0,-24456000.0,-82709000.0,74510000.0,-1238000.0,-10998000.0,-144983000.0,306819000.0,-141542000.0,-1726000.0,-58608000.0,-201876000.0,,-186962000.0,2986000.0,-186357000.0,-81767000,2013-06-28,60.83000183105469,61.11000061035156,60.05500030517578,60.4000015258789,60.4000015258789,1948200.0
2013-09-30,2999586000.0,-2095334000.0,904252000.0,-439401000.0,-305138000.0,,-132765000.0,464851000.0,-97085000.0,-108421000.0,367766000,-97000000.0,270766000,-100930000.0,169836000,,136628000,136628000,977490000.0,1404050000.0,84899000.0,3381408000.0,2048235000.0,72568000.0,11325108000.0,13445911000.0,16827319000,1711516000.0,259770000.0,2453126000.0,8181434000.0,9315530000.0,11768656000,1120489000.0,,3151711000.0,5058663000.0,16827319000,169836000.0,133005000.0,179266000.0,251021000.0,38685000.0,-6418000.0,23313000.0,195441000.0,733128000.0,-141177000.0,-3346000.0,-84771000.0,-229199000.0,,-132923000.0,3613000.0,-150474000.0,352790000,2013-09-30,56.65999984741211,56.95000076293945,56.2599983215332,56.9000015258789,56.9000015258789,935900.0
2013-12-31,3063209000.0,-2127832000.0,935377000.0,-459517000.0,-318827000.0,,-139474000.0,475860000.0,-95840000.0,-107609000.0,380020000,0.0,380020000,-135747000.0,244273000,0.0,212278000,212278000,953050000.0,1485163000.0,88805000.0,3472278000.0,2189411000.0,79557000.0,11357631000.0,13626599000.0,17098877000,1722930000.0,274697000.0,2462049000.0,8141231000.0,9333987000.0,11796036000,1071135000.0,,3363989000.0,5302841000.0,17098877000,244273000.0,138732000.0,65811000.0,-94629000.0,-80496000.0,-3477000.0,88247000.0,-98903000.0,354187000.0,-220408000.0,-2753000.0,-76921000.0,-299796000.0,,-53716000.0,3991000.0,-78768000.0,-24445000,2013-12-31,63.56999969482422,63.63000106811523,63.20000076293945,63.36999893188477,63.36999893188477,789100.0
2014-03-31,3042776000.0,-2179772000.0,863004000.0,-429151000.0,-284061000.0,,-142579000.0,433853000.0,-97265000.0,-106335000.0,336588000,,336588000,-124851000.0,211737000,,183289000,183289000,1116149000.0,1539728000.0,101173000.0,3707233000.0,2224439000.0,81033000.0,11385637000.0,13691109000.0,17398342000,1787389000.0,292220000.0,2566174000.0,8071622000.0,9301752000.0,11867926000,1113928000.0,,3547278000.0,5530416000.0,17398342000,211737000.0,142565000.0,36777000.0,28028000.0,-54565000.0,-12280000.0,-42558000.0,137431000.0,419107000.0,-126573000.0,-1565000.0,-67801000.0,-195793000.0,,-65150000.0,3450000.0,-62125000.0,161820000,2014-03-31,69.09999847412111,69.30000305175781,68.51999664306639,68.84999847412111,68.84999847412111,1368700.0
2014-06-30,3172489000.0,-2246538000.0,925951000.0,-447751000.0,-298636000.0,,-145907000.0,478200000.0,-98344000.0,-106132000.0,379856000,-97548000.0,282308000,-100887000.0,181421000,,147683000,147683000,1484808000.0,1550252000.0,99650000.0,4161247000.0,2290844000.0,87614000.0,11385866000.0,13764324000.0,17925571000,1733919000.0,408987000.0,2608148000.0,8390578000.0,9600356000.0,12208504000,1090144000.0,,3694961000.0,5717067000.0,17925571000,181421000.0,145905000.0,141286000.0,-206221000.0,-10514000.0,1549000.0,-3464000.0,-193792000.0,262391000.0,-152030000.0,-60047000.0,-35176000.0,-247062000.0,,413586000.0,3824000.0,298773000.0,312904000,2014-06-30,73.25,73.61000061035156,72.0,72.31999969482422,72.31999969482422,1138600.0
2014-09-30,3251824000.0,-2326534000.0,925290000.0,-475979000.0,-322822000.0,,-149196000.0,449311000.0,-95899000.0,-99878000.0,353412000,-17000000.0,336412000,-116628000.0,219784000,,184122000,184122000,1669157000.0,1468563000.0,114677000.0,4178435000.0,2359203000.0,87307000.0,11476471000.0,13922981000.0,18101416000,1972903000.0,121530000.0,2597631000.0,8380903000.0,9593567000.0,12191198000,1107583000.0,,3879083000.0,5910218000.0,18101416000,219784000.0,148865000.0,28114000.0,451137000.0,81689000.0,-14467000.0,48354000.0,335561000.0,847900000.0,-164954000.0,-79470000.0,-144003000.0,-388330000.0,,-317128000.0,7250000.0,-355657000.0,106062000,2014-09-30,73.41999816894531,73.81999969482422,73.05999755859375,73.13999938964844,73.13999938964844,1016800.0
2014-12-31,3328017000.0,-2366461000.0,961556000.0,-514013000.0,-355987000.0,,-153253000.0,447543000.0,-93178000.0,-97949000.0,354365000,0.0,354365000,-103977000.0,250388000,,208020000,208020000,1302640000.0,1525849000.0,136084000.0,3636170000.0,2469099000.0,89389000.0,11422774000.0,13981262000.0,17617432000,1458274000.0,120154000.0,2088651000.0,8298624000.0,9338505000.0,11427156000,1108427000.0,,4087103000.0,6190276000.0,17617432000,250388000.0,153600000.0,239316000.0,-713295000.0,-57286000.0,-21200000.0,-5288000.0,-629521000.0,-69991000.0,-198791000.0,-196439000.0,-51705000.0,-446544000.0,,-39287000.0,4976000.0,-45970000.0,-561794000,2014-12-31,76.19000244140625,76.7699966430664,75.66000366210938,75.73999786376953,75.73999786376953,575100.0
2015-03-31,3287965000.0,-2362612000.0,925353000.0,-497417000.0,-341801000.0,,-153789000.0,427936000.0,-95017000.0,-97392000.0,332919000,-495000000.0,-162081000,85933000.0,-76148000,,-110617000,-110617000,1433636000.0,1675182000.0,145740000.0,4300795000.0,2500596000.0,91441000.0,11473831000.0,14065868000.0,18366663000,1980029000.0,118076000.0,2679516000.0,8380153000.0,9668041000.0,12347557000,1112612000.0,-70063000.0,3976486000.0,6019106000.0,18366663000,-76148000.0,153789000.0,316008000.0,16440000.0,-151743000.0,-9193000.0,-10933000.0,188309000.0,410089000.0,-121421000.0,-85355000.0,-45511000.0,-252287000.0,,-28436000.0,-64415000.0,-110868000.0,46030000,2015-03-31,81.76000213623047,82.0,81.2300033569336,81.27999877929688,81.27999877929688,814100.0
2015-06-30,3434618000.0,-2446076000.0,988542000.0,-508962000.0,-347960000.0,,-158843000.0,479580000.0,-96904000.0,-104248000.0,382676000,-52137000.0,330539000,-122762000.0,207777000,,170477000,170477000,1875876000.0,1666969000.0,159353000.0,4780921000.0,2564708000.0,92864000.0,11508325000.0,14165897000.0,18946818000,1509245000.0,108795000.0,2334290000.0,9101052000.0,10402486000.0,12736776000,1128378000.0,-84113000.0,4146963000.0,6210042000.0,18946818000,207777000.0,158843000.0,300883000.0,-636061000.0,8793000.0,-13587000.0,61756000.0,-693023000.0,31442000.0,-169452000.0,-521915000.0,-3683000.0,-695050000.0,,696428000.0,-15018000.0,585961000.0,-77536000,2015-06-30,79.97000122070312,80.1500015258789,79.30999755859375,79.47000122070312,79.47000122070312,1737500.0
2015-09-30,3525665000.0,-2501015000.0,1024650000.0,-518065000.0,-353492000.0,,-162062000.0,506585000.0,-98214000.0,-103481000.0,408371000,,408371000,-147064000.0,261307000,,215872000,215872000,1970267000.0,1699892000.0,173050000.0,4737886000.0,2621918000.0,90393000.0,11444631000.0,14156942000.0,18894828000,1663606000.0,114617000.0,2410554000.0,9082096000.0,10394938000.0,12805492000,1106559000.0,-424705000.0,4362835000.0,6089336000.0,18894828000,261307000.0,162062000.0,15641000.0,239986000.0,-35198000.0,-13076000.0,-39350000.0,327610000.0,678996000.0,-171340000.0,16509000.0,-48273000.0,-203047000.0,,-28675000.0,-284875000.0,-361214000.0,113684000,2015-09-30,71.62999725341797,72.79000091552734,70.4000015258789,72.33000183105469,72.33000183105469,1185400.0
2015-12-31,-266003000.0,453641000.0,187638000.0,20174000.0,12128000.0,,10789000.0,207812000.0,-96253000.0,-103259000.0,111559000,-1000.0,111558000,-23617000.0,87941000,-53467000.0,-6000000,-6000000,1907200000.0,1724228000.0,185575000.0,4503280000.0,2788740000.0,89122000.0,11133733000.0,14011595000.0,18514875000,1587978000.0,129037000.0,2399138000.0,9001308000.0,10167499000.0,12566637000,1118543000.0,-544772000.0,4356835000.0,5948238000.0,18514875000,34474000.0,163330000.0,293166000.0,-54297000.0,-24719000.0,-12457000.0,19525000.0,-36646000.0,436673000.0,-245785000.0,511511000.0,2802000.0,268600000.0,,-96291000.0,-159472000.0,-252849000.0,451697000,2015-12-31,69.81999969482422,70.27999877929689,69.68000030517578,69.70999908447266,69.70999908447266,1025300.0
2016-03-31,3581136000.0,-2582333000.0,998803000.0,-558301000.0,-386429000.0,,-169355000.0,440502000.0,-98521000.0,-102884000.0,341981000,-77000000.0,264981000,-126822000.0,138159000,,97434000,97434000,1437895000.0,1855285000.0,192689000.0,4199560000.0,2911205000.0,97770000.0,11305663000.0,14314638000.0,18514198000,1526511000.0,137966000.0,2443618000.0,8979855000.0,10236143000.0,12679761000,1089522000.0,-786352000.0,4454269000.0,5834437000.0,18514198000,138159000.0,169355000.0,154361000.0,-32873000.0,-78097000.0,-4924000.0,7782000.0,42366000.0,429002000.0,-173187000.0,25223000.0,-406347000.0,-554311000.0,,-20188000.0,-271759000.0,-333097000.0,-457689000,2016-03-31,72.87999725341797,74.18000030517578,72.87999725341797,73.37999725341797,73.37999725341797,1127900.0
2016-06-30,3717651000.0,-2671025000.0,1046626000.0,-570842000.0,-386895000.0,,-180381000.0,475784000.0,-100184000.0,-102894000.0,375600000,-146209000.0,229391000,-134888000.0,94503000,,53382000,53382000,1677582000.0,1875403000.0,197388000.0,4496217000.0,2972407000.0,102374000.0,11120632000.0,14195413000.0,18691630000,1660734000.0,144183000.0,2645662000.0,8957257000.0,10150362000.0,12796024000,1048037000.0,-749598000.0,4507651000.0,5895606000.0,18691630000,94503000.0,180381000.0,149912000.0,91841000.0,-25908000.0,-4289000.0,15027000.0,107011000.0,516637000.0,-185440000.0,-1039000.0,-17439000.0,-203918000.0,,-41233000.0,6298000.0,-70457000.0,241989000,2016-06-30,76.8499984741211,77.33000183105469,76.11000061035156,77.31999969482422,77.31999969482422,926500.0
2016-09-30,3730576000.0,-2697629000.0,1032947000.0,-592402000.0,-406890000.0,,-181739000.0,440545000.0,-98468000.0,-104581000.0,342077000,374374000.0,716451000,-104301000.0,612150000,,571332000,571332000,1572974000.0,1850425000.0,200563000.0,4261359000.0,3044988000.0,100786000.0,11518520000.0,14664294000.0,18925653000,1658170000.0,152764000.0,2639469000.0,8972002000.0,10195049000.0,12834518000,1032956000.0,-1147967000.0,5078983000.0,6091135000.0,18925653000,612150000.0,181739000.0,-350855000.0,92589000.0,18345000.0,-3832000.0,-68316000.0,146392000.0,535623000.0,-216691000.0,-257059000.0,-25263000.0,-499013000.0,,-37481000.0,-336922000.0,-404422000.0,-369920000,2016-09-30,65.5,66.36000061035156,64.72000122070311,66.06999969482422,66.06999969482422,3478800.0
2016-12-31,-321896000.0,519405000.0,197509000.0,127530000.0,107373000.0,,21978000.0,325039000.0,-92558000.0,-103757000.0,232481000,179801000.0,412282000,-65750000.0,346532000,-158262000.0,157726000,157726000,981757000.0,1503950000.0,160419000.0,3994748000.0,2864121000.0,29997000.0,11866910000.0,14761028000.0,18755776000,1164577000.0,160262000.0,2710964000.0,8944676000.0,10221813000.0,12932777000,1027377000.0,,3710313000.0,5822999000.0,18755776000,188270000.0,188777000.0,39601000.0,65534000.0,-66580000.0,35965000.0,57404000.0,38745000.0,482182000.0,-253777000.0,345609000.0,-36258000.0,55574000.0,,-25728000.0,-471896000.0,-544005000.0,-309000,2016-12-30,64.18000030517578,64.36000061035156,63.7599983215332,64.19999694824219,64.19999694824219,783300.0
2017-03-31,2631251000.0,-1852045000.0,779206000.0,-397689000.0,-262895000.0,,-132884000.0,381517000.0,-99734000.0,-104397000.0,281783000,493734000.0,775517000,-281665000.0,493852000,6433000.0,447697000,447697000,1785497000.0,1900561000.0,174159000.0,4603900000.0,3171199000.0,108368000.0,11504797000.0,14784364000.0,19388264000,1859554000.0,170217000.0,2813577000.0,8918878000.0,10254248000.0,13067825000,1058805000.0,,4158010000.0,6320439000.0,19388264000,500285000.0,190206000.0,79945000.0,94735000.0,16168000.0,-8909000.0,-26214000.0,113690000.0,865171000.0,-214535000.0,-3693000.0,-31759000.0,-249987000.0,,-36141000.0,3330000.0,-58937000.0,559067000,2017-03-31,68.41999816894531,68.54000091552734,67.95999908447266,67.97000122070311,67.97000122070311,1013600.0
2017-06-30,2699399000.0,-1894664000.0,804735000.0,-402216000.0,-262796000.0,,-140026000.0,402519000.0,-103961000.0,-107934000.0,298558000,-10498000.0,288060000,-101915000.0,186145000,-24520000.0,127001000,127001000,923433000.0,2053812000.0,199304000.0,4023768000.0,3248030000.0,114693000.0,11955293000.0,15318016000.0,19341784000,1705728000.0,182323000.0,2773325000.0,8910814000.0,10286859000.0,13060184000,1058285000.0,-231674000.0,4285011000.0,6281600000.0,19341784000,161625000.0,200038000.0,110685000.0,-322462000.0,-129376000.0,-22158000.0,-29683000.0,-141245000.0,149886000.0,-184405000.0,101823000.0,-519038000.0,-601620000.0,,-27891000.0,-226841000.0,-306241000.0,-756603000,2017-06-30,64.20999908447266,65.29000091552734,64.11000061035156,64.76000213623047,64.76000213623047,1671600.0
2017-09-30,2765071000.0,-1951609000.0,813462000.0,-412860000.0,-272911000.0,,-142634000.0,400602000.0,-111218000.0,-109306000.0,289384000,0.0,289384000,-90546000.0,198838000,-370872000.0,-214476000,-214476000,983468000.0,2091074000.0,154422000.0,4033549000.0,3386056000.0,120129000.0,11473605000.0,14979790000.0,19013339000,1756848000.0,189822000.0,2874793000.0,8908703000.0,10142527000.0,13017320000,1059371000.0,-348801000.0,4070535000.0,5996019000.0,19013339000,-172034000.0,203283000.0,443962000.0,77882000.0,-32816000.0,45339000.0,74492000.0,-9133000.0,553093000.0,-240889000.0,73093000.0,-86226000.0,-253942000.0,,-44431000.0,-82119000.0,-164654000.0,135754000,2017-09-29,58.77000045776367,59.47999954223633,58.72000122070313,59.38999938964844,59.38999938964844,1371900.0
2017-12-31,2780913000.0,-1941687000.0,839226000.0,-404139000.0,-265424000.0,,-144367000.0,435087000.0,-106696000.0,-108997000.0,328391000,-281566000.0,46825000,150267000.0,197092000,143587000.0,303396000,303396000,541064000.0,1714750000.0,181799000.0,8770701000.0,3149213000.0,37695000.0,7016927000.0,10203835000.0,18974536000,1125232000.0,178213000.0,3067520000.0,9158018000.0,10009590000.0,13077110000,1043081000.0,,3633713000.0,5897426000.0,18974536000,340679000.0,183958000.0,59315000.0,-238936000.0,-10281000.0,-32897000.0,8281000.0,-204039000.0,345016000.0,-265421000.0,85548000.0,-79336000.0,-259183000.0,,263311000.0,-476067000.0,-236425000.0,-155787000,2017-12-29,72.5999984741211,72.93000030517578,72.16999816894531,72.25,72.25,728200.0
2018-03-31,2849444000.0,-2035585000.0,813859000.0,-403328000.0,-266529000.0,,-142799000.0,410531000.0,-108779000.0,-113516000.0,301752000,0.0,301752000,-70737000.0,231015000,-5786000.0,178686000,178686000,363476000.0,1830590000.0,125555000.0,8673555000.0,3185223000.0,34344000.0,7049250000.0,10268817000.0,18942372000,963916000.0,184136000.0,2947523000.0,9279885000.0,10178267000.0,13125790000,1030955000.0,-298377000.0,3820767000.0,5816582000.0,18942372000,225229000.0,142799000.0,66825000.0,-72314000.0,-63701000.0,57621000.0,-62830000.0,-3404000.0,362539000.0,-232443000.0,30373000.0,-523000.0,-200128000.0,,104673000.0,-291562000.0,-222547000.0,-53468000,2018-03-29,66.06999969482422,66.31999969482422,65.41999816894531,65.94000244140625,65.94000244140625,1682300.0
2018-06-30,2886953000.0,-2069089000.0,817864000.0,-409073000.0,-264094000.0,,-147079000.0,408791000.0,-107903000.0,-119692000.0,300888000,19606000.0,320494000,-83868000.0,236626000,69696000.0,267276000,267276000,393792000.0,1842108000.0,112729000.0,9085362000.0,3229098000.0,34200000.0,7086904000.0,10350202000.0,19435564000,1175364000.0,1768514000.0,4783778000.0,8175573000.0,9120121000.0,13903899000,1022966000.0,-809900000.0,4088043000.0,5531665000.0,19435564000,306322000.0,147079000.0,9119000.0,99516000.0,-38045000.0,14011000.0,98058000.0,25492000.0,562036000.0,-241534000.0,-4000.0,17058000.0,-223936000.0,,467110000.0,-510485000.0,-83362000.0,244597000,2018-06-29,70.22000122070311,70.47000122070312,69.41999816894531,69.44000244140625,69.44000244140625,1348400.0
2018-09-30,2847330000.0,-2063770000.0,783560000.0,-483099000.0,-336299000.0,,-146000000.0,300461000.0,-125744000.0,-125927000.0,174717000,-7599000.0,167118000,-52047000.0,115071000,-211739000.0,-136796000,-136796000,452945000.0,1847086000.0,91102000.0,8929501000.0,3275636000.0,35047000.0,7117605000.0,10428288000.0,19357789000,1090726000.0,1784065000.0,4855104000.0,8440673000.0,9409011000.0,14264115000,1056022000.0,-1153511000.0,3951247000.0,5093674000.0,19357789000,-96668000.0,146000000.0,320081000.0,88260000.0,27124000.0,16723000.0,-48028000.0,92441000.0,457673000.0,-231682000.0,1523000.0,-7667000.0,-237255000.0,,274053000.0,-350661000.0,-117430000.0,100671000,2018-09-28,71.0999984741211,71.79000091552734,71.0999984741211,71.62999725341797,71.62999725341797,1564700.0
2018-12-31,2821124000.0,-2027069000.0,794055000.0,-430989000.0,-268532000.0,,-155157000.0,363066000.0,-139404000.0,-128300000.0,223662000,35452000.0,259114000,-51748000.0,207366000,-309209000.0,-149772000,-149772000,325973000.0,1858608000.0,107381000.0,8424159000.0,3393669000.0,35424000.0,7257000000.0,10686093000.0,19110252000,1122183000.0,1929369000.0,4891161000.0,8172847000.0,9186052000.0,14077213000,995172000.0,,2743194000.0,5033039000.0,19110252000,-101843000.0,155157000.0,352641000.0,-16563000.0,-6554000.0,-14850000.0,-23159000.0,28000000.0,389392000.0,-281479000.0,-11441000.0,-41819000.0,-344324000.0,,-146032000.0,-8803000.0,-202015000.0,-154507000,2018-12-31,50.52999877929688,51.5099983215332,50.52999877929688,51.459999084472656,51.459999084472656,1029500.0
2019-03-31,2743112000.0,-1964935000.0,778177000.0,-399341000.0,-250813000.0,,-148528000.0,378836000.0,-121871000.0,-131519000.0,256965000,-41037000.0,215928000,-56746000.0,159182000,30305000.0,149289000,149289000,463277000.0,1953422000.0,104236000.0,9225076000.0,3392266000.0,34414000.0,9954188000.0,13380868000.0,22605944000,860519000.0,4676691000.0,8230877000.0,5787013000.0,9145350000.0,17376227000,990546000.0,,2932359000.0,5229717000.0,22605944000,189487000.0,148528000.0,95902000.0,-292613000.0,-132292000.0,3324000.0,-38537000.0,-125108000.0,141304000.0,-198878000.0,-197000.0,-1438000.0,-200358000.0,,357197000.0,1517000.0,324951000.0,264976000,2019-03-29,53.93000030517578,54.36000061035156,53.63000106811523,54.290000915527344,54.290000915527344,692200.0
2019-06-30,2842705000.0,-1957753000.0,884952000.0,-427580000.0,-275338000.0,,-152242000.0,457372000.0,-121509000.0,-131666000.0,335863000,-12160000.0,323703000,-75938000.0,247765000,79392000.0,273551000,273551000,3580851000.0,2010801000.0,96819000.0,6390629000.0,3405315000.0,35051000.0,10099965000.0,13540331000.0,19930960000,1016977000.0,3591331000.0,5706944000.0,5377798000.0,8795214000.0,14502158000,989188000.0,-112189000.0,3205910000.0,5428802000.0,19930960000,327157000.0,152242000.0,86396000.0,44016000.0,-156145000.0,8218000.0,-30350000.0,222293000.0,609811000.0,-175040000.0,-7937000.0,3786027000.0,3603050000.0,,-1521306000.0,-72488000.0,-1635504000.0,2578201000,2019-06-28,55.43999862670898,56.38999938964844,55.06000137329102,56.2599983215332,56.2599983215332,2588400.0
2019-09-30,2904078000.0,-1991172000.0,912906000.0,-454651000.0,-298736000.0,,-155915000.0,458255000.0,-79373000.0,-88589000.0,378882000,-105097000.0,273785000,-65254000.0,208531000,-6843000.0,143270000,143270000,1353969000.0,1901225000.0,98641000.0,3998718000.0,3419238000.0,35041000.0,9998833000.0,13453112000.0,17451830000,994962000.0,121441000.0,2206640000.0,8014475000.0,11436608000.0,13643248000,907157000.0,-1860157000.0,3349180000.0,3808582000.0,17451830000,201688000.0,155915000.0,148841000.0,134266000.0,105753000.0,-2023000.0,-37775000.0,68311000.0,640710000.0,-173265000.0,-90188000.0,-7088000.0,-268667000.0,,-801315000.0,-1758718000.0,-2693211000.0,-2325269000,2019-09-30,56.47000122070313,57.47000122070313,56.31999969482422,57.06999969482422,57.06999969482422,1559100.0
2019-12-31,2898584000.0,-2000625000.0,897959000.0,-436892000.0,-278425000.0,,-158467000.0,461067000.0,-79044000.0,-92050000.0,382023000,0.0,382023000,-81690000.0,300333000,2629000.0,244871000,244871000,1113944000.0,1795598000.0,97949000.0,3690170000.0,3473384000.0,278502000.0,9869338000.0,13621224000.0,17311394000,1141304000.0,130708000.0,2372098000.0,7977526000.0,11439678000.0,13811776000,749169000.0,,1431738000.0,3499618000.0,17311394000,302962000.0,158467000.0,17911000.0,201190000.0,102727000.0,639000.0,22123000.0,75701000.0,680530000.0,-219363000.0,86778000.0,-970000.0,-138685000.0,,-29448000.0,-554127000.0,-692686000.0,-148423000,2019-12-31,73.91000366210938,75.12999725341797,73.79000091552734,75.02999877929688,75.02999877929688,1177200.0
2020-03-31,2841237000.0,-1975449000.0,865788000.0,-418255000.0,-263576000.0,,-154679000.0,447533000.0,13493000.0,,461026000,-91551000.0,369475000,-91560000.0,277915000,9980000.0,239593000,239593000,1391140000.0,1820132000.0,95685000.0,4023939000.0,3445423000.0,34657000.0,10092281000.0,13572361000.0,17596300000,960611000.0,146318000.0,2220746000.0,8442136000.0,12014174000.0,14234920000,720179000.0,-303139000.0,1671331000.0,3361380000.0,17596300000,287895000.0,154679000.0,119628000.0,-201821000.0,-32966000.0,1835000.0,-24045000.0,-146645000.0,360381000.0,-154942000.0,-2633000.0,-2589000.0,-162625000.0,,466187000.0,-321798000.0,96992000.0,279770000,2020-03-31,76.56999969482422,77.76000213623047,75.33000183105469,76.05999755859375,76.05999755859375,1699900.0
2020-06-30,2879979000.0,-1984564000.0,895415000.0,-473585000.0,-316209000.0,,-157376000.0,421830000.0,-67494000.0,-81381000.0,354336000,-16252000.0,338084000,-83212000.0,254872000,,201602000,201602000,3083025000.0,1772259000.0,97902000.0,5779830000.0,3417918000.0,28340000.0,10079003000.0,13525261000.0,19305091000,1105579000.0,1906560000.0,4274563000.0,7894674000.0,11454774000.0,15729337000,719228000.0,-303139000.0,1872933000.0,3575754000.0,19305091000,254872000.0,157376000.0,59355000.0,179519000.0,48160000.0,-2531000.0,8187000.0,125703000.0,651122000.0,-136725000.0,-135263000.0,28937000.0,-244514000.0,,1222418000.0,0.0,1142581000.0,1547231000,2020-06-30,77.5,79.5999984741211,77.0,79.13999938964844,79.13999938964844,757400.0
