Report Date,Revenue,Cost of Revenue,Gross Profit,Operating Expenses,"Selling, General & Administrative",Research & Development,Depreciation & Amortization,Operating Income (Loss),Non-Operating Income (Loss),"Interest Expense, Net","Pretax Income (Loss), Adj.",Abnormal Gains (Losses),Pretax Income (Loss),"Income Tax (Expense) Benefit, Net",Income (Loss) from Continuing Operations,Net Extraordinary Gains (Losses),Net Income,Net Income (Common),"Cash, Cash Equivalents & Short Term Investments",Accounts & Notes Receivable,Inventories,Total Current Assets,"Property, Plant & Equipment, Net",Long Term Investments & Receivables,Other Long Term Assets,Total Noncurrent Assets,Total Assets,Payables & Accruals,Short Term Debt,Total Current Liabilities,Long Term Debt,Total Noncurrent Liabilities,Total Liabilities,Share Capital & Additional Paid-In Capital,Treasury Stock,Retained Earnings,Total Equity,Total Liabilities & Equity,Net Income/Starting Line,Depreciation & Amortization,Non-Cash Items,Change in Working Capital,Change in Accounts Receivable,Change in Inventories,Change in Accounts Payable,Change in Other,Net Cash from Operating Activities,Change in Fixed Assets & Intangibles,Net Change in Long Term Investment,Net Cash from Acquisitions & Divestitures,Net Cash from Investing Activities,Dividends Paid,Cash from (Repayment of) Debt,Cash from (Repurchase of) Equity,Net Cash from Financing Activities,Net Change in Cash,Price Date,Open,High,Low,Close,Adj Close,Volume
2009-03-31,860000000.0,-349000000.0,511000000.0,-534000000.0,-190000000.0,-332000000.0,-12000000.0,-23000000.0,-2000000.0,,-25000000,-34000000.0,-59000000,17000000.0,-42000000,,-42000000,-42000000,2520000000.0,116000000.0,217000000.0,3120000000.0,354000000.0,,1204000000.0,1558000000.0,4678000000,875000000.0,,1136000000.0,,408000000.0,1544000000,2145000000.0,,800000000.0,3134000000.0,4678000000,-42000000.0,46000000.0,25000000.0,186000000.0,,,,,215000000.0,-25000000.0,0.0,0.0,20000000.0,,,14000000.0,14000000.0,242000000,2009-03-31,18.149999618530273,18.56999969482422,17.780000686645508,18.190000534057614,18.12171745300293,5683100.0
2009-06-30,644000000.0,-321000000.0,323000000.0,-554000000.0,-230000000.0,-312000000.0,-12000000.0,-231000000.0,3000000.0,,-228000000,-30000000.0,-258000000,24000000.0,-234000000,,-234000000,-234000000,2279000000.0,375000000.0,215000000.0,3176000000.0,341000000.0,,1205000000.0,1546000000.0,4722000000,827000000.0,,1260000000.0,,461000000.0,1721000000,2121000000.0,,566000000.0,3001000000.0,4722000000,-234000000.0,48000000.0,43000000.0,-185000000.0,,,,,-328000000.0,-8000000.0,0.0,-3000000.0,-112000000.0,,,3000000.0,3000000.0,-416000000,2009-06-30,21.68000030517578,22.09000015258789,21.34000015258789,21.71999931335449,21.638465881347656,11538900.0
2009-09-30,788000000.0,-593000000.0,195000000.0,-606000000.0,-278000000.0,-316000000.0,-12000000.0,-411000000.0,7000000.0,,-404000000,-14000000.0,-418000000,27000000.0,-391000000,,-391000000,-391000000,2012000000.0,646000000.0,250000000.0,3227000000.0,569000000.0,,1206000000.0,1775000000.0,5002000000,1121000000.0,,1913000000.0,,433000000.0,2346000000,2184000000.0,,175000000.0,2656000000.0,5002000000,-391000000.0,46000000.0,21000000.0,330000000.0,,,,,6000000.0,-26000000.0,4000000.0,0.0,-204000000.0,,,22000000.0,22000000.0,-163000000,2009-09-30,19.299999237060547,19.46999931335449,18.93000030517578,19.049999237060547,18.978487014770508,6800200.0
2009-12-31,1243000000.0,-654000000.0,589000000.0,-596000000.0,-292000000.0,-290000000.0,-14000000.0,-7000000.0,-2000000.0,,-9000000,-101000000.0,-110000000,28000000.0,-82000000,,-82000000,-82000000,1784000000.0,495000000.0,144000000.0,2782000000.0,550000000.0,,1607000000.0,2157000000.0,4939000000,976000000.0,,1871000000.0,,469000000.0,2340000000,2268000000.0,,93000000.0,2599000000.0,4939000000,-82000000.0,48000000.0,104000000.0,151000000.0,,,,,221000000.0,-16000000.0,6000000.0,-275000000.0,-155000000.0,,,0.0,13000000.0,72000000,2009-12-31,18.26000022888184,18.26000022888184,17.729999542236328,17.75,17.683368682861328,3866500.0
2010-03-31,979000000.0,-298000000.0,681000000.0,-576000000.0,-250000000.0,-311000000.0,-15000000.0,105000000.0,-2000000.0,,103000000,-23000000.0,80000000,-50000000.0,30000000,,30000000,30000000,1996000000.0,206000000.0,100000000.0,2585000000.0,537000000.0,,1524000000.0,2061000000.0,4646000000,808000000.0,,1574000000.0,,343000000.0,1917000000,2378000000.0,,123000000.0,2729000000.0,4646000000,30000000.0,50000000.0,84000000.0,89000000.0,,,,,253000000.0,-22000000.0,7000000.0,-5000000.0,-101000000.0,,,14000000.0,15000000.0,159000000,2010-03-31,18.65999984741211,18.729999542236328,18.559999465942386,18.65999984741211,18.58995246887207,4220500.0
2010-06-30,815000000.0,-222000000.0,593000000.0,-491000000.0,-201000000.0,-275000000.0,-15000000.0,102000000.0,,,102000000,-9000000.0,93000000,3000000.0,96000000,,96000000,96000000,1730000000.0,103000000.0,82000000.0,2228000000.0,516000000.0,,1501000000.0,2017000000.0,4245000000,675000000.0,,1165000000.0,,328000000.0,1493000000,2420000000.0,,219000000.0,2752000000.0,4245000000,96000000.0,48000000.0,57000000.0,-349000000.0,,,,,-148000000.0,-11000000.0,8000000.0,,-53000000.0,,,1000000.0,1000000.0,-216000000,2010-06-30,14.619999885559082,14.800000190734865,14.369999885559082,14.399999618530273,14.34594440460205,9358500.0
2010-09-30,631000000.0,-363000000.0,268000000.0,-542000000.0,-250000000.0,-277000000.0,-15000000.0,-274000000.0,6000000.0,,-268000000,50000000.0,-218000000,17000000.0,-201000000,,-201000000,-201000000,1657000000.0,444000000.0,155000000.0,2485000000.0,510000000.0,,1499000000.0,2009000000.0,4494000000,825000000.0,,1568000000.0,,288000000.0,1856000000,2476000000.0,,18000000.0,2638000000.0,4494000000,-201000000.0,46000000.0,9000000.0,12000000.0,,,,,-134000000.0,-12000000.0,124000000.0,,97000000.0,,,16000000.0,16000000.0,-1000000,2010-09-30,16.420000076293945,16.75,16.239999771118164,16.450000762939453,16.388250350952152,6043200.0
2010-12-31,1053000000.0,-586000000.0,467000000.0,-615000000.0,-328000000.0,-273000000.0,-14000000.0,-148000000.0,,,-148000000,-155000000.0,-303000000,-19000000.0,-322000000,,-322000000,-322000000,1971000000.0,390000000.0,105000000.0,2714000000.0,502000000.0,,1511000000.0,2013000000.0,4727000000,908000000.0,,2008000000.0,,361000000.0,2369000000,2507000000.0,,-304000000.0,2358000000.0,4727000000,-322000000.0,44000000.0,56000000.0,571000000.0,,,,,349000000.0,-15000000.0,0.0,-16000000.0,-51000000.0,,,0.0,0.0,297000000,2010-12-31,16.59000015258789,16.639999389648438,16.170000076293945,16.379999160766598,16.318511962890625,4571200.0
2011-03-31,1090000000.0,-328000000.0,762000000.0,-610000000.0,-298000000.0,-299000000.0,-13000000.0,152000000.0,4000000.0,,156000000,-7000000.0,149000000,2000000.0,151000000,,151000000,151000000,2237000000.0,335000000.0,77000000.0,3032000000.0,513000000.0,,1383000000.0,1896000000.0,4928000000,996000000.0,,2001000000.0,,363000000.0,2364000000,2498000000.0,,-153000000.0,2564000000.0,4928000000,151000000.0,42000000.0,37000000.0,23000000.0,,,,,253000000.0,-21000000.0,0.0,0.0,-8000000.0,,0.0,-41000000.0,-40000000.0,226000000,2011-03-31,19.670000076293945,19.780000686645508,19.399999618530273,19.530000686645508,19.45668601989746,3862000.0
2011-06-30,999000000.0,-240000000.0,759000000.0,-512000000.0,-214000000.0,-285000000.0,-13000000.0,247000000.0,3000000.0,,250000000,-20000000.0,230000000,-9000000.0,221000000,,221000000,221000000,1848000000.0,30000000.0,75000000.0,2354000000.0,516000000.0,,1485000000.0,2001000000.0,4355000000,695000000.0,,1225000000.0,,380000000.0,1605000000,2442000000.0,,68000000.0,2750000000.0,4355000000,221000000.0,43000000.0,41000000.0,-579000000.0,,,,,-274000000.0,-32000000.0,,-25000000.0,-64000000.0,,,-77000000.0,-75000000.0,-406000000,2011-06-30,23.61000061035156,23.71999931335449,23.32999992370605,23.60000038146973,23.51141166687012,4357400.0
2011-09-30,715000000.0,-432000000.0,283000000.0,-641000000.0,-310000000.0,-318000000.0,-13000000.0,-358000000.0,-6000000.0,,-364000000,-16000000.0,-380000000,40000000.0,-340000000,,-340000000,-340000000,1499000000.0,562000000.0,90000000.0,2568000000.0,532000000.0,,2335000000.0,2867000000.0,5435000000,1005000000.0,,1854000000.0,529000000.0,1041000000.0,2895000000,2554000000.0,,-272000000.0,2540000000.0,5435000000,-340000000.0,51000000.0,-1000000.0,79000000.0,,,,,-211000000.0,-26000000.0,,-632000000.0,-511000000.0,,682000000.0,-77000000.0,499000000.0,-243000000,2011-09-30,20.420000076293945,20.989999771118164,20.32999992370605,20.450000762939453,20.373233795166016,6719700.0
2011-12-31,1061000000.0,-552000000.0,509000000.0,-703000000.0,-367000000.0,-325000000.0,-11000000.0,-194000000.0,-10000000.0,,-204000000,11000000.0,-193000000,-12000000.0,-205000000,,-205000000,-205000000,1791000000.0,526000000.0,69000000.0,2806000000.0,547000000.0,,2343000000.0,2890000000.0,5696000000,958000000.0,,2397000000.0,534000000.0,1034000000.0,3431000000,2552000000.0,,-477000000.0,2265000000.0,5696000000,-205000000.0,54000000.0,38000000.0,588000000.0,,,,,475000000.0,-44000000.0,0.0,-19000000.0,-114000000.0,,0.0,-37000000.0,-36000000.0,312000000,2011-12-30,20.850000381469727,20.959999084472656,20.57999992370605,20.600000381469727,20.52267074584961,2027200.0
2012-03-31,1368000000.0,-374000000.0,994000000.0,-627000000.0,-369000000.0,-252000000.0,-6000000.0,367000000.0,-4000000.0,,363000000,-2000000.0,361000000,39000000.0,400000000,,400000000,400000000,1849000000.0,366000000.0,59000000.0,2609000000.0,568000000.0,,2314000000.0,2882000000.0,5491000000,1072000000.0,,2120000000.0,539000000.0,913000000.0,3033000000,2362000000.0,,-77000000.0,2458000000.0,5491000000,400000000.0,68000000.0,-5000000.0,-176000000.0,,,,,287000000.0,-44000000.0,0.0,0.0,0.0,,0.0,-223000000.0,-248000000.0,51000000,2012-03-30,16.559999465942386,16.780000686645508,16.430000305175778,16.489999771118164,16.428098678588867,4035000.0
2012-06-30,955000000.0,-205000000.0,750000000.0,-528000000.0,-239000000.0,-282000000.0,-7000000.0,222000000.0,-5000000.0,,217000000,-7000000.0,210000000,-9000000.0,201000000,,201000000,201000000,1439000000.0,111000000.0,60000000.0,1951000000.0,558000000.0,,2316000000.0,2874000000.0,4825000000,752000000.0,,1336000000.0,544000000.0,937000000.0,2273000000,2313000000.0,,124000000.0,2552000000.0,4825000000,201000000.0,56000000.0,16000000.0,-517000000.0,,,,,-244000000.0,-31000000.0,,0.0,-40000000.0,,,-71000000.0,-72000000.0,-374000000,2012-06-29,12.15999984741211,12.369999885559082,11.93000030517578,12.350000381469727,12.303640365600586,6509300.0
2012-09-30,711000000.0,-445000000.0,266000000.0,-632000000.0,-319000000.0,-306000000.0,-7000000.0,-366000000.0,-4000000.0,,-370000000,2000000.0,-368000000,-13000000.0,-381000000,,-381000000,-381000000,1315000000.0,643000000.0,71000000.0,2332000000.0,561000000.0,,2298000000.0,2859000000.0,5191000000,1093000000.0,,2046000000.0,549000000.0,991000000.0,3037000000,2262000000.0,,-257000000.0,2154000000.0,5191000000,-381000000.0,56000000.0,44000000.0,253000000.0,,,,,-28000000.0,-25000000.0,,-10000000.0,82000000.0,,,-90000000.0,-117000000.0,-48000000,2012-09-28,12.6899995803833,12.720000267028807,12.449999809265135,12.6899995803833,12.642363548278807,4994400.0
2012-12-31,922000000.0,-429000000.0,493000000.0,-575000000.0,-290000000.0,-278000000.0,-7000000.0,-82000000.0,-8000000.0,,-90000000,57000000.0,-33000000,-12000000.0,-45000000,,-45000000,-45000000,1492000000.0,382000000.0,59000000.0,2229000000.0,550000000.0,,2260000000.0,2810000000.0,5039000000,933000000.0,,2146000000.0,554000000.0,935000000.0,3081000000,2141000000.0,,-302000000.0,1958000000.0,5039000000,-45000000.0,66000000.0,-21000000.0,363000000.0,,,,,363000000.0,-25000000.0,25000000.0,0.0,77000000.0,,,-156000000.0,-158000000.0,287000000,2012-12-31,13.890000343322756,14.550000190734865,13.829999923706055,14.520000457763672,14.465494155883787,7190800.0
2013-03-31,1209000000.0,-309000000.0,900000000.0,-590000000.0,-294000000.0,-287000000.0,-9000000.0,310000000.0,-4000000.0,,306000000,24000000.0,330000000,-7000000.0,323000000,,323000000,323000000,1680000000.0,312000000.0,42000000.0,2325000000.0,548000000.0,,2197000000.0,2745000000.0,5070000000,873000000.0,,1917000000.0,559000000.0,886000000.0,2803000000,2177000000.0,,21000000.0,2267000000.0,5070000000,323000000.0,86000000.0,24000000.0,-200000000.0,,,,,233000000.0,-25000000.0,47000000.0,0.0,-87000000.0,,,2000000.0,2000000.0,134000000,2013-03-28,17.6299991607666,17.729999542236328,17.389999389648438,17.700000762939453,17.63355827331543,6487400.0
2013-06-30,949000000.0,-194000000.0,755000000.0,-514000000.0,-232000000.0,-278000000.0,-4000000.0,241000000.0,-5000000.0,,236000000,-8000000.0,228000000,-6000000.0,222000000,,222000000,222000000,1411000000.0,120000000.0,41000000.0,1884000000.0,537000000.0,,2184000000.0,2721000000.0,4605000000,636000000.0,,1226000000.0,564000000.0,887000000.0,2113000000,2193000000.0,,243000000.0,2492000000.0,4605000000,222000000.0,56000000.0,42000000.0,-568000000.0,,,,,-248000000.0,-29000000.0,,-5000000.0,-2000000.0,,,22000000.0,21000000.0,-236000000,2013-06-28,21.93000030517578,23.1200008392334,21.93000030517578,22.989999771118164,22.90369987487793,7366900.0
2013-09-30,695000000.0,-413000000.0,282000000.0,-580000000.0,-293000000.0,-283000000.0,-4000000.0,-298000000.0,-8000000.0,,-306000000,46000000.0,-260000000,-13000000.0,-273000000,,-273000000,-273000000,1418000000.0,594000000.0,58000000.0,2340000000.0,532000000.0,,2164000000.0,2696000000.0,5036000000,916000000.0,,1851000000.0,570000000.0,899000000.0,2750000000,2254000000.0,,-30000000.0,2286000000.0,5036000000,-273000000.0,56000000.0,-3000000.0,214000000.0,,,,,-6000000.0,-24000000.0,,0.0,3000000.0,,,28000000.0,28000000.0,34000000,2013-09-30,25.59000015258789,25.76000022888184,25.15999984741211,25.54999923706055,25.45408821105957,5138800.0
2013-12-31,808000000.0,-517000000.0,291000000.0,-584000000.0,-305000000.0,-275000000.0,-4000000.0,-293000000.0,-6000000.0,,-299000000,1000000.0,-298000000,-10000000.0,-308000000,,-308000000,-308000000,2070000000.0,526000000.0,55000000.0,2921000000.0,518000000.0,,2134000000.0,2652000000.0,5573000000,960000000.0,,2659000000.0,575000000.0,910000000.0,3569000000,2290000000.0,,-338000000.0,2004000000.0,5573000000,-308000000.0,58000000.0,41000000.0,892000000.0,,,,,683000000.0,-28000000.0,,0.0,-26000000.0,,,1000000.0,1000000.0,654000000,2013-12-31,23.0,23.15999984741211,22.6299991607666,22.940000534057614,22.8538875579834,3337400.0
2014-03-31,1123000000.0,-223000000.0,900000000.0,-553000000.0,-260000000.0,-289000000.0,-4000000.0,347000000.0,-7000000.0,,340000000,-3000000.0,337000000,30000000.0,367000000,,367000000,367000000,2365000000.0,327000000.0,56000000.0,3138000000.0,510000000.0,,2068000000.0,2578000000.0,5716000000,900000000.0,0.0,2390000000.0,580000000.0,904000000.0,3294000000,2356000000.0,,29000000.0,2422000000.0,5716000000,367000000.0,57000000.0,53000000.0,-194000000.0,,,,,283000000.0,-16000000.0,,0.0,-276000000.0,,0.0,26000000.0,39000000.0,38000000,2014-03-31,28.6299991607666,29.34000015258789,28.38999938964844,29.01000022888184,28.90110206604004,3594900.0
2014-06-30,1214000000.0,-367000000.0,847000000.0,-486000000.0,-218000000.0,-265000000.0,-3000000.0,361000000.0,-8000000.0,,353000000,1000000.0,354000000,-19000000.0,335000000,,335000000,335000000,2316000000.0,219000000.0,37000000.0,2930000000.0,503000000.0,,2043000000.0,2546000000.0,5476000000,735000000.0,,1786000000.0,586000000.0,977000000.0,2763000000,2288000000.0,,364000000.0,2713000000.0,5476000000,335000000.0,56000000.0,29000000.0,-416000000.0,,,,,4000000.0,-27000000.0,,,-207000000.0,,,-45000000.0,-33000000.0,-228000000,2014-06-30,35.91999816894531,36.0,35.560001373291016,35.86999893188477,35.73534774780273,3521700.0
2014-09-30,990000000.0,-427000000.0,563000000.0,-540000000.0,-275000000.0,-261000000.0,-4000000.0,23000000.0,-6000000.0,,17000000,1000000.0,18000000,-15000000.0,3000000,,3000000,3000000,2388000000.0,829000000.0,67000000.0,3532000000.0,483000000.0,,2016000000.0,2499000000.0,6031000000,1106000000.0,,2387000000.0,591000000.0,974000000.0,3361000000,2250000000.0,,367000000.0,2670000000.0,6031000000,3000000.0,56000000.0,42000000.0,82000000.0,,,,,183000000.0,-21000000.0,,,-26000000.0,,0.0,-74000000.0,-72000000.0,70000000,2014-09-30,35.779998779296875,36.11999893188477,35.5099983215332,35.61000061035156,35.4763298034668,2146400.0
2014-12-31,1126000000.0,-401000000.0,725000000.0,-563000000.0,-276000000.0,-283000000.0,-4000000.0,162000000.0,-6000000.0,,156000000,0.0,156000000,-14000000.0,142000000,,142000000,142000000,2940000000.0,488000000.0,39000000.0,3754000000.0,461000000.0,,1952000000.0,2413000000.0,6167000000,890000000.0,596000000.0,3069000000.0,37000000.0,411000000.0,3480000000,2155000000.0,,509000000.0,2687000000.0,6167000000,142000000.0,53000000.0,44000000.0,443000000.0,,,,,682000000.0,-15000000.0,,,-27000000.0,,0.0,-92000000.0,-90000000.0,542000000,2014-12-31,47.5,47.95000076293945,46.97000122070313,47.02000045776367,46.8434944152832,1842300.0
2015-03-31,1185000000.0,-234000000.0,951000000.0,-552000000.0,-264000000.0,-285000000.0,-3000000.0,399000000.0,-3000000.0,,396000000,1000000.0,397000000,-2000000.0,395000000,,395000000,395000000,3021000000.0,362000000.0,36000000.0,3720000000.0,459000000.0,,1968000000.0,2427000000.0,6147000000,862000000.0,602000000.0,2747000000.0,31000000.0,364000000.0,3111000000,2130000000.0,,904000000.0,3036000000.0,6147000000,395000000.0,55000000.0,27000000.0,-279000000.0,,,,,198000000.0,-32000000.0,,,-210000000.0,,0.0,-66000000.0,-60000000.0,-98000000,2015-03-31,59.0,59.43999862670898,58.4900016784668,58.81999969482422,58.59920120239258,2471000.0
2015-06-30,1203000000.0,-173000000.0,1030000000.0,-518000000.0,-221000000.0,-296000000.0,-1000000.0,512000000.0,-3000000.0,,509000000,,509000000,-67000000.0,442000000,,442000000,442000000,2879000000.0,144000000.0,34000000.0,3326000000.0,444000000.0,,1951000000.0,2395000000.0,5721000000,646000000.0,608000000.0,2029000000.0,25000000.0,356000000.0,2385000000,2004000000.0,,1346000000.0,3336000000.0,5721000000,442000000.0,49000000.0,45000000.0,-607000000.0,,,,,-71000000.0,-24000000.0,,,-140000000.0,,0.0,-87000000.0,-47000000.0,-258000000,2015-06-30,66.59999847412111,66.98000335693361,66.18000030517578,66.5,66.25037384033203,3140100.0
2015-09-30,815000000.0,-409000000.0,406000000.0,-525000000.0,-257000000.0,-265000000.0,-3000000.0,-119000000.0,-9000000.0,,-128000000,,-128000000,-12000000.0,-140000000,,-140000000,-140000000,2588000000.0,737000000.0,62000000.0,3646000000.0,430000000.0,,1924000000.0,2354000000.0,6000000000,990000000.0,422000000.0,2525000000.0,13000000.0,329000000.0,2854000000,1984000000.0,,1206000000.0,3146000000.0,6000000000,-140000000.0,50000000.0,51000000.0,48000000.0,,,,,9000000.0,-18000000.0,,,60000000.0,,-198000000.0,-87000000.0,-260000000.0,-212000000,2015-09-30,66.80999755859375,67.87000274658203,66.48999786376953,67.75,67.49567413330078,2394000.0
2015-12-31,1070000000.0,-546000000.0,524000000.0,-555000000.0,-287000000.0,-266000000.0,-2000000.0,-31000000.0,1000000.0,,-30000000,,-30000000,-15000000.0,-45000000,,-45000000,-45000000,3229000000.0,621000000.0,42000000.0,4152000000.0,415000000.0,,1903000000.0,2318000000.0,6470000000,968000000.0,333000000.0,3145000000.0,7000000.0,313000000.0,3458000000,1908000000.0,,1161000000.0,3012000000.0,6470000000,-45000000.0,50000000.0,49000000.0,835000000.0,,,,,889000000.0,-21000000.0,,,-3000000.0,,-95000000.0,-124000000.0,-211000000.0,665000000,2015-12-31,69.44000244140625,69.66999816894531,68.70999908447266,68.72000122070311,68.4620361328125,1144000.0
2016-03-31,1308000000.0,-226000000.0,1082000000.0,-546000000.0,-263000000.0,-282000000.0,-1000000.0,536000000.0,-10000000.0,,526000000,0.0,526000000,373000000.0,899000000,,899000000,899000000,3834000000.0,233000000.0,,4354000000.0,439000000.0,,2257000000.0,2696000000.0,7050000000,799000000.0,163000000.0,2420000000.0,989000000.0,1234000000.0,3654000000,1352000000.0,,2060000000.0,3396000000.0,7050000000,899000000.0,48000000.0,-360000000.0,51000000.0,,,,,638000000.0,-30000000.0,,0.0,-401000000.0,,812000000.0,-613000000.0,-30000000.0,230000000,2016-03-31,66.33000183105469,67.09999847412111,65.69999694824219,66.11000061035156,65.86183166503906,2265000.0
2016-06-30,1271000000.0,-179000000.0,1092000000.0,-532000000.0,-236000000.0,-294000000.0,-2000000.0,560000000.0,-8000000.0,,552000000,,552000000,-112000000.0,440000000,,440000000,440000000,3427000000.0,246000000.0,26000000.0,3972000000.0,435000000.0,,2198000000.0,2633000000.0,6605000000,641000000.0,136000000.0,1650000000.0,989000000.0,1239000000.0,2889000000,1213000000.0,,2500000000.0,3716000000.0,6605000000,440000000.0,46000000.0,91000000.0,-695000000.0,,,,,-118000000.0,-40000000.0,,,-81000000.0,,-27000000.0,-125000000.0,-249000000.0,-451000000,2016-06-30,73.87000274658203,76.11000061035156,73.2300033569336,75.76000213623047,75.47561645507812,3371100.0
2016-09-30,898000000.0,-401000000.0,497000000.0,-546000000.0,-254000000.0,-291000000.0,-1000000.0,-49000000.0,-3000000.0,,-52000000,,-52000000,14000000.0,-38000000,,-38000000,-38000000,3266000000.0,723000000.0,50000000.0,4260000000.0,431000000.0,,2201000000.0,2632000000.0,6892000000,983000000.0,0.0,2050000000.0,990000000.0,1234000000.0,3284000000,1156000000.0,,2462000000.0,3608000000.0,6892000000,-38000000.0,45000000.0,25000000.0,-53000000.0,,,,,-21000000.0,-29000000.0,,,-168000000.0,,-136000000.0,-100000000.0,-102000000.0,-296000000,2016-09-30,84.3499984741211,85.83000183105469,83.7699966430664,85.4000015258789,85.07942199707031,2860300.0
2016-12-31,1149000000.0,-516000000.0,633000000.0,-637000000.0,-350000000.0,-285000000.0,-2000000.0,-4000000.0,-2000000.0,,-6000000,,-6000000,5000000.0,-1000000,,-1000000,-1000000,4219000000.0,587000000.0,35000000.0,5101000000.0,424000000.0,,2194000000.0,2618000000.0,7719000000,966000000.0,0.0,2937000000.0,990000000.0,1233000000.0,4170000000,1089000000.0,,2461000000.0,3549000000.0,7719000000,-1000000.0,49000000.0,28000000.0,1039000000.0,,,,,1115000000.0,-25000000.0,,,-249000000.0,,0.0,-125000000.0,-109000000.0,737000000,2016-12-30,80.55999755859375,80.55999755859375,78.5199966430664,78.76000213623047,78.46435546875,1815900.0
2017-03-31,1527000000.0,-202000000.0,1325000000.0,-608000000.0,-272000000.0,-335000000.0,-1000000.0,717000000.0,-1000000.0,,716000000,0.0,716000000,-150000000.0,566000000,,566000000,566000000,4532000000.0,359000000.0,,5199000000.0,434000000.0,,2085000000.0,2519000000.0,7718000000,876000000.0,,2415000000.0,990000000.0,1243000000.0,3658000000,1052000000.0,,3027000000.0,4060000000.0,7718000000,566000000.0,32000000.0,152000000.0,-148000000.0,,,,,602000000.0,-29000000.0,,0.0,-261000000.0,,0.0,-86000000.0,-269000000.0,82000000,2017-03-31,90.0999984741211,90.16999816894531,88.8499984741211,89.5199966430664,89.1839599609375,1737700.0
2017-06-30,1449000000.0,-154000000.0,1295000000.0,-552000000.0,-226000000.0,-325000000.0,-1000000.0,743000000.0,6000000.0,,749000000,,749000000,-105000000.0,644000000,,644000000,644000000,4470000000.0,222000000.0,,4902000000.0,436000000.0,,2037000000.0,2473000000.0,7375000000,747000000.0,,1629000000.0,991000000.0,1260000000.0,2889000000,894000000.0,,3663000000.0,4486000000.0,7375000000,644000000.0,31000000.0,103000000.0,-602000000.0,,,,,176000000.0,-33000000.0,,,-288000000.0,,0.0,-120000000.0,-215000000.0,-317000000,2017-06-30,107.0999984741211,107.55999755859376,105.6500015258789,105.72000122070312,105.3231430053711,3216500.0
2017-09-30,959000000.0,-389000000.0,570000000.0,-611000000.0,-278000000.0,-331000000.0,-2000000.0,-41000000.0,3000000.0,,-38000000,0.0,-38000000,16000000.0,-22000000,,-22000000,-22000000,4355000000.0,812000000.0,,5415000000.0,444000000.0,,2063000000.0,2507000000.0,7922000000,1156000000.0,,2272000000.0,991000000.0,1262000000.0,3534000000,820000000.0,,3641000000.0,4388000000.0,7922000000,-22000000.0,32000000.0,47000000.0,-5000000.0,,,,,52000000.0,-30000000.0,,,-120000000.0,,0.0,-126000000.0,-136000000.0,-181000000,2017-09-29,116.70999908447266,118.16999816894531,116.3000030517578,118.05999755859376,117.6168212890625,1743500.0
2017-12-31,1160000000.0,-501000000.0,659000000.0,-680000000.0,-350000000.0,-329000000.0,-1000000.0,-21000000.0,5000000.0,,-16000000,0.0,-16000000,-170000000.0,-186000000,,-186000000,-186000000,4884000000.0,886000000.0,,5966000000.0,447000000.0,,2229000000.0,2676000000.0,8642000000,1161000000.0,,3107000000.0,992000000.0,1449000000.0,4556000000,726000000.0,,3455000000.0,4086000000.0,8642000000,-186000000.0,34000000.0,153000000.0,848000000.0,,,,,849000000.0,-24000000.0,,-150000000.0,-185000000.0,,0.0,-150000000.0,-157000000.0,499000000,2017-12-29,105.29000091552734,105.68000030517578,104.38999938964844,105.05999755859376,104.66561889648438,2113600.0
2018-03-31,1582000000.0,-233000000.0,1349000000.0,-596000000.0,-256000000.0,-335000000.0,-5000000.0,753000000.0,1000000.0,,754000000,0.0,754000000,-147000000.0,607000000,,607000000,607000000,5331000000.0,385000000.0,,6004000000.0,453000000.0,,2127000000.0,2580000000.0,8584000000,869000000.0,,2491000000.0,992000000.0,1498000000.0,3989000000,660000000.0,,4062000000.0,4595000000.0,8584000000,607000000.0,39000000.0,143000000.0,-174000000.0,,,,,615000000.0,-20000000.0,,0.0,1215000000.0,,0.0,-127000000.0,-135000000.0,1692000000,2018-03-29,120.37000274658205,123.0,118.8000030517578,121.23999786376952,120.78488159179688,2809700.0
2018-06-30,1137000000.0,-215000000.0,922000000.0,-622000000.0,-254000000.0,-362000000.0,-6000000.0,300000000.0,19000000.0,,319000000,,319000000,-26000000.0,293000000,,293000000,293000000,4971000000.0,371000000.0,,5624000000.0,440000000.0,,2183000000.0,2623000000.0,8247000000,862000000.0,,1464000000.0,993000000.0,1523000000.0,2987000000,342000000.0,,4944000000.0,5260000000.0,8247000000,293000000.0,38000000.0,-4000000.0,-207000000.0,,,,,120000000.0,-32000000.0,,-50000000.0,-103000000.0,,,-299000000.0,-388000000.0,-382000000,2018-06-29,141.75999450683594,143.14999389648438,140.52999877929688,141.02000427246094,140.49064636230472,2371200.0
2018-09-30,1286000000.0,-418000000.0,868000000.0,-608000000.0,-263000000.0,-339000000.0,-6000000.0,260000000.0,18000000.0,,278000000,-2000000.0,276000000,-21000000.0,255000000,,255000000,255000000,4545000000.0,966000000.0,,5803000000.0,440000000.0,,2207000000.0,2647000000.0,8450000000,1075000000.0,,1649000000.0,993000000.0,1484000000.0,3133000000,137000000.0,,5199000000.0,5317000000.0,8450000000,255000000.0,36000000.0,46000000.0,-463000000.0,,,,,-126000000.0,-31000000.0,,-8000000.0,-601000000.0,,,-264000000.0,-271000000.0,-995000000,2018-09-28,119.08999633789062,120.66000366210938,119.01000213623048,120.48999786376952,120.0376968383789,3904900.0
2018-12-31,1289000000.0,-413000000.0,876000000.0,-633000000.0,-293000000.0,-334000000.0,-6000000.0,243000000.0,23000000.0,,266000000,-1000000.0,265000000,-3000000.0,262000000,,262000000,262000000,5161000000.0,806000000.0,,6247000000.0,426000000.0,,2184000000.0,2610000000.0,8857000000,1162000000.0,,2090000000.0,994000000.0,1423000000.0,3513000000,3000000.0,,5358000000.0,5344000000.0,8857000000,262000000.0,34000000.0,80000000.0,578000000.0,,,,,954000000.0,-21000000.0,,0.0,373000000.0,,,-292000000.0,-312000000.0,1006000000,2018-12-31,80.0,80.37999725341797,78.30000305175781,78.91000366210938,78.61378479003906,2942400.0
2019-03-31,1238000000.0,-276000000.0,962000000.0,-755000000.0,-352000000.0,-398000000.0,-5000000.0,207000000.0,23000000.0,,230000000,-11000000.0,219000000,-10000000.0,209000000,,209000000,209000000,5445000000.0,623000000.0,,6381000000.0,448000000.0,,2128000000.0,2576000000.0,8957000000,1165000000.0,,2265000000.0,994000000.0,1361000000.0,3626000000,3000000.0,,5358000000.0,5331000000.0,8957000000,209000000.0,37000000.0,176000000.0,177000000.0,,,,,599000000.0,-35000000.0,,0.0,500000000.0,,,-276000000.0,-282000000.0,821000000,2019-03-29,102.6500015258789,102.97000122070312,101.23999786376952,101.62999725341795,101.24849700927734,3180800.0
2019-06-30,1209000000.0,-187000000.0,1022000000.0,-606000000.0,-220000000.0,-381000000.0,-5000000.0,416000000.0,21000000.0,,437000000,-1000000.0,436000000,985000000.0,1421000000,,1421000000,1421000000,5187000000.0,329000000.0,,5800000000.0,446000000.0,,3503000000.0,3949000000.0,9749000000,971000000.0,,1650000000.0,995000000.0,1614000000.0,3264000000,3000000.0,,6499000000.0,6485000000.0,9749000000,1421000000.0,37000000.0,-1101000000.0,-199000000.0,,,,,158000000.0,-45000000.0,,0.0,-950000000.0,,,-302000000.0,-385000000.0,-1175000000,2019-06-28,100.73999786376952,101.4499969482422,99.2300033569336,101.26000213623048,100.87989044189452,5185200.0
2019-09-30,1348000000.0,-405000000.0,943000000.0,-673000000.0,-280000000.0,-387000000.0,-6000000.0,270000000.0,16000000.0,,286000000,-2000000.0,284000000,570000000.0,854000000,,854000000,854000000,4883000000.0,856000000.0,,6040000000.0,442000000.0,,4111000000.0,4553000000.0,10593000000,1172000000.0,,1818000000.0,995000000.0,1617000000.0,3435000000,3000000.0,,7165000000.0,7158000000.0,10593000000,854000000.0,35000000.0,-534000000.0,-318000000.0,,,,,37000000.0,-27000000.0,,0.0,-313000000.0,,,-276000000.0,-312000000.0,-593000000,2019-09-30,95.8499984741211,97.98999786376952,95.68000030517578,97.81999969482422,97.45279693603516,2522000.0
2019-12-31,1593000000.0,-508000000.0,1085000000.0,-722000000.0,-328000000.0,-389000000.0,-5000000.0,363000000.0,13000000.0,,376000000,-2000000.0,374000000,-28000000.0,346000000,,346000000,346000000,5602000000.0,798000000.0,,6629000000.0,439000000.0,,4093000000.0,4532000000.0,11161000000,1265000000.0,,2338000000.0,995000000.0,1586000000.0,3924000000,3000000.0,,7267000000.0,7237000000.0,11161000000,346000000.0,39000000.0,98000000.0,621000000.0,,,,,1104000000.0,-28000000.0,,,-83000000.0,,,-304000000.0,-361000000.0,663000000,2019-12-31,106.58000183105469,107.5199966430664,106.43000030517578,107.51000213623048,107.10643005371094,1436200.0
2020-03-31,1387000000.0,-269000000.0,1118000000.0,-717000000.0,-309000000.0,-402000000.0,-6000000.0,401000000.0,13000000.0,,414000000,0.0,414000000,4000000.0,418000000,,418000000,418000000,5735000000.0,461000000.0,,6517000000.0,449000000.0,,4146000000.0,4595000000.0,11112000000,1120000000.0,599000000.0,2664000000.0,397000000.0,987000000.0,3651000000,3000000.0,,7508000000.0,7461000000.0,11112000000,418000000.0,39000000.0,1889000000.0,-1848000000.0,,,,,498000000.0,-40000000.0,,,-11000000.0,,,-263000000.0,-300000000.0,165000000,2020-03-31,97.79000091552734,101.0,96.62000274658205,100.16999816894531,99.7939682006836,3762300.0
2020-06-30,1459000000.0,-288000000.0,1171000000.0,-700000000.0,-257000000.0,-438000000.0,-5000000.0,471000000.0,-3000000.0,,468000000,,468000000,-103000000.0,365000000,,365000000,365000000,5960000000.0,507000000.0,,6690000000.0,450000000.0,,4144000000.0,4594000000.0,11284000000,1091000000.0,599000000.0,2568000000.0,397000000.0,934000000.0,3502000000,3000000.0,,7831000000.0,7782000000.0,11284000000,365000000.0,37000000.0,102000000.0,-126000000.0,,,,,378000000.0,-38000000.0,,,-8000000.0,,,-75000000.0,-144000000.0,245000000,2020-06-30,132.61000061035156,132.61000061035156,130.69999694824222,132.05000305175778,131.5543212890625,2177400.0
