Report Date,Revenue,Cost of Revenue,Gross Profit,Operating Expenses,"Selling, General & Administrative",Research & Development,Depreciation & Amortization,Operating Income (Loss),Non-Operating Income (Loss),"Interest Expense, Net","Pretax Income (Loss), Adj.",Abnormal Gains (Losses),Pretax Income (Loss),"Income Tax (Expense) Benefit, Net",Income (Loss) from Continuing Operations,Net Extraordinary Gains (Losses),Net Income,Net Income (Common),"Cash, Cash Equivalents & Short Term Investments",Accounts & Notes Receivable,Inventories,Total Current Assets,"Property, Plant & Equipment, Net",Long Term Investments & Receivables,Other Long Term Assets,Total Noncurrent Assets,Total Assets,Payables & Accruals,Short Term Debt,Total Current Liabilities,Long Term Debt,Total Noncurrent Liabilities,Total Liabilities,Share Capital & Additional Paid-In Capital,Treasury Stock,Retained Earnings,Total Equity,Total Liabilities & Equity,Net Income/Starting Line,Depreciation & Amortization,Non-Cash Items,Change in Working Capital,Change in Accounts Receivable,Change in Inventories,Change in Accounts Payable,Change in Other,Net Cash from Operating Activities,Change in Fixed Assets & Intangibles,Net Change in Long Term Investment,Net Cash from Acquisitions & Divestitures,Net Cash from Investing Activities,Dividends Paid,Cash from (Repayment of) Debt,Cash from (Repurchase of) Equity,Net Cash from Financing Activities,Net Change in Cash,Price Date,Open,High,Low,Close,Adj Close,Volume
2009-06-30,2097992000.0,-591773000.0,1506219000.0,-984196000.0,-721998000.0,-198403000.0,,522023000.0,-4529000.0,-4529000.0,517494000,-110334000.0,407160000,-79818000.0,327342000,,327342000,327342000,3014819000.0,2835126000.0,,6249900000.0,1254769000.0,119659000.0,8941961000.0,10316389000.0,16566289000,2130464000.0,400000000.0,3730364000.0,,914353000.0,4644717000,9779133000.0,-5377090000.0,6654475000.0,11921572000.0,16566289000,327342000.0,197805000.0,189115000.0,16456000.0,,,,,730718000.0,-128454000.0,-38863000.0,-1209433000.0,-1376125000.0,,0.0,32909000.0,30859000.0,-483542000,2009-06-30,7.247475147247314,7.352694034576416,7.083333015441895,7.209596157073975,6.958430767059326,61807838.0
2009-09-30,2237852000.0,-643908000.0,1593944000.0,-1041648000.0,-763638000.0,-205207000.0,,552296000.0,-4606000.0,-4606000.0,547690000,-109355000.0,438335000,-88599000.0,349736000,,349736000,349736000,3159302000.0,2925085000.0,,6473587000.0,1293775000.0,479285000.0,9109725000.0,10882785000.0,17356372000,2252720000.0,200000000.0,3646678000.0,,958527000.0,4605205000,9871583000.0,-5377258000.0,7004211000.0,12751167000.0,17356372000,349736000.0,215068000.0,189171000.0,-15734000.0,,,,,738241000.0,-174768000.0,-394887000.0,0.0,-603399000.0,,-200000000.0,16061000.0,-198382000.0,-15758000,2009-09-30,10.07154941558838,10.079965591430664,9.726430892944336,9.932660102844238,9.586630821228027,55481026.0
2009-12-31,2370932000.0,-670695000.0,1700237000.0,-1407387000.0,-1146823000.0,-197944000.0,,292850000.0,1413428000.0,1413428000.0,1706278000,-113478000.0,1592800000,-237894000.0,1354906000,,1354906000,1354906000,4943804000.0,3188298000.0,,8460208000.0,1314328000.0,1381765000.0,7252019000.0,9948112000.0,18408320000,2560879000.0,0.0,3641968000.0,0.0,978704000.0,4620672000,9987685000.0,-5377258000.0,8359117000.0,13787648000.0,18408320000,1354906000.0,200784000.0,-1085898000.0,300808000.0,,,,,770600000.0,-172938000.0,-597126000.0,1780321000.0,882200000.0,,-200000000.0,50730000.0,-163613000.0,1441959000,2009-12-31,10.096800804138184,10.1010103225708,9.894781112670898,9.903199195861816,9.558195114135742,14233666.0
2010-03-31,2196057000.0,-606555000.0,1589502000.0,-986295000.0,-722904000.0,-210139000.0,,603207000.0,6046000.0,6046000.0,609253000,-114598000.0,494655000,-97002000.0,397653000,,397653000,397653000,4527901000.0,3303842000.0,,8277438000.0,1346850000.0,1977567000.0,7088323000.0,10412740000.0,18690178000,2518007000.0,,3587011000.0,,978058000.0,4565069000,10071329000.0,-5377490000.0,8756770000.0,14125109000.0,18690178000,397653000.0,188022000.0,208098000.0,-375511000.0,,,,,418262000.0,-152256000.0,-684947000.0,125000000.0,-700969000.0,,,42117000.0,-7390000.0,-406815000,2010-03-31,11.363636016845705,11.443602561950685,11.300504684448242,11.3510103225708,10.955567359924316,19122286.0
2010-06-30,2215379000.0,-615371000.0,1600008000.0,-1014548000.0,-740336000.0,-225317000.0,,585460000.0,14821000.0,14821000.0,600281000,-100895000.0,499386000,-87194000.0,412192000,,412192000,412192000,4897882000.0,3293226000.0,,8675313000.0,1429210000.0,1827886000.0,6815175000.0,10072271000.0,18747584000,2493752000.0,,3564261000.0,,1014032000.0,4578293000,10216814000.0,-5377618000.0,9168962000.0,14169291000.0,18747584000,412192000.0,187817000.0,184015000.0,-57645000.0,,,,,726379000.0,-207201000.0,143652000.0,-7000000.0,-134666000.0,,0.0,57522000.0,57753000.0,444439000,2010-06-30,8.270201683044434,8.480640411376951,8.232322692871094,8.25336742401123,7.965839385986327,49089110.0
2010-09-30,2249488000.0,-640268000.0,1609220000.0,-1018075000.0,-745315000.0,-226803000.0,,591145000.0,26825000.0,26825000.0,617970000,-100969000.0,517001000,-85072000.0,431929000,,431929000,431929000,5362522000.0,3628245000.0,,9454528000.0,1466047000.0,2101405000.0,6926082000.0,10493534000.0,19948062000,2657520000.0,,3808909000.0,,1105201000.0,4914110000,10253015000.0,-5678028000.0,9600891000.0,15033952000.0,19948062000,431929000.0,194338000.0,191744000.0,-70897000.0,,,,,747114000.0,-166988000.0,-297824000.0,0.0,-555097000.0,,0.0,-278449000.0,-309449000.0,143465000,2010-09-30,10.55976390838623,10.589225769042967,10.206229209899902,10.269359588623047,9.911599159240724,36916625.0
2010-12-31,2495076000.0,-701806000.0,1793270000.0,-1127082000.0,-839445000.0,-245741000.0,,666188000.0,-3692000.0,-3692000.0,662496000,-75538000.0,586958000,-27732000.0,559226000,,559226000,559226000,6622814000.0,3961286000.0,,11065338000.0,1523333000.0,2492012000.0,6923079000.0,10938424000.0,22003762000,2776162000.0,300000000.0,4516514000.0,1494227000.0,2185069000.0,6701583000,10482222000.0,-6091435000.0,10160078000.0,15302179000.0,22003762000,559226000.0,191823000.0,496143000.0,-392947000.0,,,,,854245000.0,-197555000.0,-368881000.0,-209000000.0,-893268000.0,,1789000000.0,-296190000.0,1494086000.0,1395911000,2010-12-31,11.80976390838623,11.83080768585205,11.654040336608887,11.712963104248047,11.304911613464355,16823743.0
2011-03-31,2546000000.0,-729000000.0,1817000000.0,-1145000000.0,-826000000.0,-275000000.0,,672000000.0,3000000.0,3000000.0,675000000,-107000000.0,568000000,-92000000.0,476000000,,476000000,476000000,6764608000.0,4146504000.0,,11514828000.0,1547943000.0,2715363000.0,7226726000.0,11490032000.0,23004860000,2937517000.0,300000000.0,4763549000.0,1494482000.0,2296898000.0,7060447000,10617878000.0,-6447978000.0,10635943000.0,15944413000.0,23004860000,476000000.0,193000000.0,226000000.0,-195000000.0,,,,,700000000.0,-149000000.0,-255000000.0,-191000000.0,-597000000.0,,,-284000000.0,-339000000.0,-113000000,2011-03-31,13.303872108459473,13.341751098632812,13.051346778869627,13.063973426818848,12.60885524749756,25469294.0
2011-06-30,2760000000.0,-773000000.0,1987000000.0,-1350000000.0,-1000000000.0,-297000000.0,,637000000.0,28000000.0,28000000.0,665000000,-374000000.0,291000000,-8000000.0,283000000,,283000000,283000000,4396926000.0,4970956000.0,,9861092000.0,1727081000.0,3078398000.0,10167383000.0,14972862000.0,24833954000,3655765000.0,1015484000.0,6143272000.0,1530211000.0,2480800000.0,8624072000,10872246000.0,-6872815000.0,10919350000.0,16209882000.0,24833954000,283000000.0,208000000.0,476000000.0,-185000000.0,,,,,782000000.0,-239000000.0,-114000000.0,-2656000000.0,-3208000000.0,,514000000.0,-341000000.0,173000000.0,-2198000000,2011-06-30,13.60690212249756,13.813131332397461,13.337541580200195,13.581649780273438,13.108497619628904,75874709.0
2011-09-30,2966000000.0,-920000000.0,2046000000.0,-1363000000.0,-959000000.0,-319000000.0,,683000000.0,79000000.0,79000000.0,762000000,-146000000.0,616000000,-125000000.0,491000000,,491000000,491000000,4012874000.0,5077701000.0,,9762345000.0,1859190000.0,3018596000.0,10260406000.0,15138192000.0,24900537000,3593342000.0,1015830000.0,6145152000.0,1528158000.0,2590059000.0,8735211000,10987650000.0,-6905567000.0,11409853000.0,16165326000.0,24900537000,491000000.0,266000000.0,199000000.0,-147000000.0,,,,,809000000.0,-284000000.0,-217000000.0,-308000000.0,-964000000.0,,-13000000.0,-1000000.0,-24000000.0,-267000000,2011-09-30,12.710437774658205,12.861952781677244,12.264309883117676,12.411616325378418,11.979226112365724,41470229.0
2011-12-31,3380000000.0,-1039000000.0,2341000000.0,-1443000000.0,-1014000000.0,-344000000.0,,898000000.0,1427000000.0,1427000000.0,2325000000,110000000.0,2435000000,-456000000.0,1979000000,,1979000000,1979000000,5929000000.0,6151000000.0,,12661000000.0,1986000000.0,2453000000.0,10220000000.0,14659000000.0,27320000000,4548000000.0,565000000.0,6734000000.0,1525000000.0,2656000000.0,9390000000,11147000000.0,-7155000000.0,13389000000.0,17930000000.0,27320000000,1979000000.0,273000000.0,-1475000000.0,206000000.0,,,,,983000000.0,-291000000.0,-108000000.0,2201000000.0,1462000000.0,,-450000000.0,-196000000.0,-648000000.0,1692000000,2011-12-30,12.739898681640625,12.845117568969727,12.689393997192385,12.765151977539062,12.320444107055664,8769103.0
2012-03-31,3277000000.0,-983000000.0,2294000000.0,-1507000000.0,-1049000000.0,-374000000.0,,787000000.0,31000000.0,31000000.0,818000000,-134000000.0,684000000,-114000000.0,570000000,,570000000,570000000,5871000000.0,6490000000.0,,13089000000.0,2109000000.0,2861000000.0,10148000000.0,15118000000.0,28207000000,4736000000.0,564000000.0,6965000000.0,1521000000.0,2533000000.0,9498000000,11281000000.0,-7395000000.0,13959000000.0,18709000000.0,28207000000,570000000.0,281000000.0,245000000.0,-565000000.0,,,,,531000000.0,-242000000.0,-608000000.0,-3000000.0,-893000000.0,,,-155000000.0,-219000000.0,-527000000,2012-03-30,15.702861785888672,15.740740776062012,15.433502197265625,15.530303001403807,14.989264488220215,22865674.0
2012-06-30,3398000000.0,-987000000.0,2411000000.0,-1585000000.0,-1107000000.0,-394000000.0,,826000000.0,38000000.0,38000000.0,864000000,-13000000.0,851000000,-159000000.0,692000000,,692000000,692000000,5754000000.0,6564000000.0,,13278000000.0,2238000000.0,2630000000.0,10112000000.0,14980000000.0,28258000000,4631000000.0,564000000.0,6800000000.0,1518000000.0,2546000000.0,9346000000,11547000000.0,-7750000000.0,14651000000.0,18912000000.0,28258000000,692000000.0,290000000.0,140000000.0,-354000000.0,,,,,768000000.0,-357000000.0,-107000000.0,14000000.0,-581000000.0,,,-215000000.0,-215000000.0,-126000000,2012-06-29,17.504209518432614,17.75673484802246,17.260101318359375,17.68097686767578,17.065013885498047,28923286.0
2012-09-30,3404000000.0,-1022000000.0,2382000000.0,-1567000000.0,-1095000000.0,-389000000.0,,815000000.0,5000000.0,5000000.0,820000000,-148000000.0,672000000,-75000000.0,597000000,,597000000,597000000,9135000000.0,7293000000.0,,17410000000.0,2393000000.0,2500000000.0,10199000000.0,15092000000.0,32502000000,5141000000.0,12000000.0,7061000000.0,4506000000.0,5528000000.0,12589000000,11813000000.0,-7797000000.0,15248000000.0,19913000000.0,32502000000,597000000.0,311000000.0,270000000.0,-24000000.0,,,,,1154000000.0,-362000000.0,183000000.0,-10000000.0,-430000000.0,,2426000000.0,87000000.0,2516000000.0,3293000000,2012-09-28,20.64814758300781,20.702861785888672,20.2988224029541,20.357744216918945,19.648530960083008,17556977.0
2012-12-31,3993000000.0,-1224000000.0,2769000000.0,-1729000000.0,-1229000000.0,-416000000.0,,1040000000.0,122000000.0,122000000.0,1162000000,-285000000.0,877000000,-127000000.0,750000000,,750000000,750000000,9408000000.0,11076000000.0,,21398000000.0,2491000000.0,3044000000.0,10141000000.0,15676000000.0,37074000000,8458000000.0,413000000.0,10924000000.0,4106000000.0,5285000000.0,16209000000,12064000000.0,-8053000000.0,15998000000.0,20865000000.0,37074000000,750000000.0,318000000.0,130000000.0,187000000.0,,,,,1385000000.0,-296000000.0,-1175000000.0,0.0,-1859000000.0,,0.0,-132000000.0,-131000000.0,-514000000,2012-12-31,20.942760467529297,21.5488224029541,20.70707130432129,21.464645385742188,20.716867446899414,17851601.0
2013-03-31,3748000000.0,-1152000000.0,2596000000.0,-1621000000.0,-1105000000.0,-434000000.0,,975000000.0,9000000.0,9000000.0,984000000,-175000000.0,809000000,-132000000.0,677000000,,677000000,677000000,9402000000.0,11790000000.0,,22336000000.0,2575000000.0,3172000000.0,9917000000.0,15664000000.0,38000000000,9275000000.0,411000000.0,11720000000.0,4105000000.0,5168000000.0,16888000000,12242000000.0,-8529000000.0,16675000000.0,21112000000.0,38000000000,677000000.0,329000000.0,736000000.0,-805000000.0,,,,,937000000.0,-299000000.0,-378000000.0,-8000000.0,-719000000.0,,,-374000000.0,-411000000.0,-287000000,2013-03-28,21.90235710144043,22.94191932678223,21.65403938293457,22.81986427307129,22.024877548217773,57564540.0
2013-06-30,3877000000.0,-1211000000.0,2666000000.0,-1723000000.0,-1190000000.0,-451000000.0,,943000000.0,6000000.0,6000000.0,949000000,-193000000.0,756000000,-116000000.0,640000000,,640000000,640000000,10436000000.0,12028000000.0,,23446000000.0,2697000000.0,2506000000.0,9901000000.0,15104000000.0,38550000000,9395000000.0,410000000.0,11670000000.0,4123000000.0,5229000000.0,16899000000,12505000000.0,-8995000000.0,17315000000.0,21651000000.0,38550000000,640000000.0,347000000.0,251000000.0,-227000000.0,,,,,1011000000.0,-353000000.0,152000000.0,-7000000.0,-371000000.0,,0.0,-324000000.0,-352000000.0,325000000,2013-06-28,21.712963104248047,22.070707321166992,21.557239532470703,21.767677307128906,21.00934600830078,36449028.0
2013-09-30,3892000000.0,-1224000000.0,2668000000.0,-1684000000.0,-1170000000.0,-433000000.0,,984000000.0,74000000.0,74000000.0,1058000000,-185000000.0,873000000,-184000000.0,689000000,,689000000,689000000,10271000000.0,12279000000.0,,23476000000.0,2763000000.0,4138000000.0,9690000000.0,16591000000.0,40067000000,9448000000.0,408000000.0,12028000000.0,4123000000.0,5272000000.0,17300000000,12699000000.0,-9141000000.0,18004000000.0,22767000000.0,40067000000,689000000.0,357000000.0,161000000.0,127000000.0,,,,,1334000000.0,-317000000.0,-2790000000.0,-70000000.0,-2904000000.0,,0.0,-89000000.0,-91000000.0,-1575000000,2013-09-30,23.26178550720215,23.598485946655273,23.14814758300781,23.484848022460934,22.66669273376465,19176934.0
2013-12-31,-3260000000.0,2095000000.0,-1165000000.0,953000000.0,441000000.0,403000000.0,,-212000000.0,28000000.0,28000000.0,-184000000,317000000.0,133000000,-72000000.0,61000000,789000000.0,850000000,850000000,9025000000.0,12948000000.0,,23283000000.0,2760000000.0,4971000000.0,10474000000.0,18205000000.0,41488000000,9676000000.0,6000000.0,12639000000.0,4117000000.0,5202000000.0,17841000000,13033000000.0,-9396000000.0,18854000000.0,23647000000.0,41488000000,61000000.0,-373000000.0,-834000000.0,796000000.0,,,,,1713000000.0,291000000.0,-251000000.0,-53000000.0,-2018000000.0,,-400000000.0,-119000000.0,-500000000.0,-786000000,2013-12-31,22.74831581115723,23.13552284240723,22.723064422607425,23.093433380126953,22.28891372680664,15124190.0
2014-03-31,4262000000.0,-1351000000.0,2911000000.0,-1829000000.0,-1270000000.0,-480000000.0,,1082000000.0,-5000000.0,-5000000.0,1077000000,-204000000.0,873000000,-3199000000.0,-2326000000,,-2326000000,-2326000000,7844000000.0,13202000000.0,,22359000000.0,2686000000.0,5211000000.0,10289000000.0,18186000000.0,40545000000,10045000000.0,4000000.0,15741000000.0,4124000000.0,5195000000.0,20936000000,13204000000.0,-11207000000.0,16528000000.0,19609000000.0,40545000000,-2326000000.0,382000000.0,3461000000.0,-343000000.0,,,,,1174000000.0,-206000000.0,745000000.0,-4000000.0,532000000.0,,,-1756000000.0,-1793000000.0,-79000000,2014-03-31,23.43434333801269,23.636363983154297,23.23653221130371,23.24915885925293,22.4392147064209,16863660.0
2014-06-30,4103000000.0,-1181000000.0,2922000000.0,-1839000000.0,-1333000000.0,-468000000.0,,1083000000.0,10000000.0,10000000.0,1093000000,-229000000.0,864000000,-144000000.0,720000000,-44000000.0,676000000,676000000,7369000000.0,13741000000.0,,22378000000.0,2685000000.0,6217000000.0,10360000000.0,19262000000.0,41640000000,10459000000.0,1203000000.0,17538000000.0,4118000000.0,5132000000.0,22670000000,13399000000.0,-12864000000.0,17204000000.0,18970000000.0,41640000000,751000000.0,233000000.0,321000000.0,248000000.0,,,,,1494000000.0,-215000000.0,-1122000000.0,-31000000.0,-1661000000.0,,1200000000.0,-1558000000.0,-445000000.0,-581000000,2014-06-30,21.123737335205078,21.123737335205078,20.959596633911133,21.06902313232422,20.33502960205078,25195342.0
2014-09-30,2150000000.0,-413000000.0,1737000000.0,-1083000000.0,-827000000.0,-246000000.0,,654000000.0,17000000.0,17000000.0,671000000,-58000000.0,613000000,-104000000.0,509000000,164000000.0,673000000,673000000,10391000000.0,13879000000.0,,25654000000.0,2825000000.0,5875000000.0,10122000000.0,18822000000.0,44476000000,10439000000.0,250000000.0,16491000000.0,7346000000.0,8175000000.0,24666000000,13582000000.0,-12872000000.0,17877000000.0,19810000000.0,44476000000,-19000000.0,-97000000.0,-356000000.0,135000000.0,,,,,1368000000.0,-1000000.0,-2226000000.0,-20000000.0,-2616000000.0,,2282000000.0,16000000.0,2281000000.0,956000000,2014-09-30,23.829965591430664,24.11616134643555,23.5479793548584,23.83417510986328,23.00385093688965,183556692.0
2014-12-31,-1725000000.0,1282000000.0,-443000000.0,362000000.0,99000000.0,211000000.0,,-81000000.0,17000000.0,17000000.0,-64000000,229000000.0,165000000,67000000.0,232000000,791000000.0,1023000000,1023000000,7835000000.0,600000000.0,,26531000000.0,1486000000.0,5736000000.0,11379000000.0,18601000000.0,45132000000,232000000.0,850000000.0,17531000000.0,6777000000.0,7695000000.0,25226000000,13889000000.0,-14054000000.0,18900000000.0,19906000000.0,45132000000,729000000.0,164000000.0,-163000000.0,108000000.0,,,,,1641000000.0,-200000000.0,1966000000.0,0.0,1072000000.0,,0.0,-1060000000.0,-1065000000.0,1538000000,2014-12-31,24.015151977539066,24.09511756896973,23.602693557739254,23.61952972412109,22.79668235778809,14060455.0
2015-03-31,2061000000.0,-411000000.0,1650000000.0,-1052000000.0,-821000000.0,-221000000.0,,598000000.0,10000000.0,10000000.0,608000000,-69000000.0,539000000,-90000000.0,449000000,177000000.0,626000000,626000000,9679000000.0,15172000000.0,,26514000000.0,2947000000.0,5647000000.0,9733000000.0,18327000000.0,44841000000,11408000000.0,868000000.0,17611000000.0,6795000000.0,7692000000.0,25303000000,14086000000.0,-15054000000.0,19526000000.0,19538000000.0,44841000000,449000000.0,160000000.0,162000000.0,-270000000.0,,,,,1151000000.0,-96000000.0,-401000000.0,,-724000000.0,,0.0,-962000000.0,-985000000.0,-855000000,2015-03-31,24.28451156616211,24.57491683959961,24.271886825561523,24.27609443664551,23.43037223815918,11542370.0
2015-06-30,2110000000.0,-434000000.0,1676000000.0,-1183000000.0,-941000000.0,-232000000.0,,493000000.0,124000000.0,124000000.0,617000000,-65000000.0,552000000,-122000000.0,430000000,-347000000.0,83000000,83000000,10554000000.0,15166000000.0,,28549000000.0,2781000000.0,5881000000.0,8447000000.0,17109000000.0,45658000000,11821000000.0,865000000.0,17060000000.0,6757000000.0,8793000000.0,25853000000,14308000000.0,-15054000000.0,19609000000.0,19805000000.0,45658000000,430000000.0,174000000.0,78000000.0,-136000000.0,,,,,1156000000.0,-201000000.0,1003000000.0,,-1697000000.0,,0.0,108000000.0,7000000.0,-486000000,2015-06-30,25.273569107055664,25.50505065917969,25.0,25.353534698486328,24.470277786254886,20587565.0
2015-09-30,2099000000.0,-433000000.0,1666000000.0,-1023000000.0,-772000000.0,-241000000.0,,643000000.0,87000000.0,87000000.0,730000000,-65000000.0,665000000,-120000000.0,545000000,-6000000.0,539000000,539000000,5301000000.0,595000000.0,,8280000000.0,1535000000.0,3572000000.0,4951000000.0,10058000000.0,18338000000,232000000.0,625000000.0,4436000000.0,6814000000.0,7410000000.0,11846000000,14447000000.0,-15653000000.0,7255000000.0,6492000000.0,18338000000,545000000.0,182000000.0,48000000.0,-71000000.0,,,,,686000000.0,-242000000.0,525000000.0,-24000000.0,-867000000.0,,-250000000.0,-485000000.0,-2354000000.0,-2572000000,2015-09-30,24.31999969482422,24.5,24.03000068664551,24.440000534057614,23.588571548461914,12862200.0
2015-12-31,2322000000.0,-493000000.0,1829000000.0,-1095000000.0,-855000000.0,-229000000.0,,734000000.0,-12000000.0,-12000000.0,722000000,-72000000.0,650000000,-127000000.0,523000000,-46000000.0,477000000,477000000,6131000000.0,619000000.0,,7904000000.0,1554000000.0,3391000000.0,4906000000.0,9851000000.0,17755000000,421000000.0,0.0,2263000000.0,6749000000.0,8916000000.0,11179000000,14540000000.0,-16203000000.0,7713000000.0,6576000000.0,17755000000,523000000.0,171000000.0,61000000.0,371000000.0,,,,,1040000000.0,-129000000.0,-1090000000.0,0.0,-323000000.0,,-600000000.0,-589000000.0,-1222000000.0,-583000000,2015-12-31,27.6299991607666,27.690000534057614,27.45000076293945,27.479999542236328,26.522661209106445,4923800.0
2016-03-31,2137000000.0,-477000000.0,1660000000.0,-994000000.0,-747000000.0,-239000000.0,,666000000.0,-23000000.0,-23000000.0,643000000,-52000000.0,591000000,-109000000.0,482000000,,482000000,482000000,8013000000.0,599000000.0,,9703000000.0,1497000000.0,3370000000.0,5038000000.0,9905000000.0,19608000000,335000000.0,6000000.0,2107000000.0,9030000000.0,11184000000.0,13291000000,14629000000.0,-17204000000.0,8207000000.0,6317000000.0,19608000000,482000000.0,167000000.0,112000000.0,-120000000.0,,,,,641000000.0,-158000000.0,-905000000.0,,-1075000000.0,,2216000000.0,-994000000.0,1222000000.0,854000000,2016-03-31,24.1299991607666,24.149999618530273,23.79999923706055,23.86000061035156,23.02877616882324,14866600.0
2016-06-30,2230000000.0,-493000000.0,1737000000.0,-1142000000.0,-840000000.0,-295000000.0,,595000000.0,-8000000.0,-8000000.0,587000000,-64000000.0,523000000,-86000000.0,437000000,-2000000.0,435000000,435000000,8086000000.0,628000000.0,,9914000000.0,1502000000.0,3541000000.0,5036000000.0,10079000000.0,19993000000,372000000.0,,2206000000.0,9054000000.0,11334000000.0,13540000000,14686000000.0,-17704000000.0,8642000000.0,6453000000.0,19993000000,437000000.0,167000000.0,143000000.0,17000000.0,,,,,763000000.0,-147000000.0,-704000000.0,,-898000000.0,,0.0,-455000000.0,-537000000.0,-685000000,2016-06-30,23.36000061035156,23.46999931335449,23.25,23.40999984741211,22.59445381164551,9464700.0
2016-09-30,2217000000.0,-498000000.0,1719000000.0,-1121000000.0,-824000000.0,-288000000.0,,598000000.0,-9000000.0,-9000000.0,589000000,-56000000.0,533000000,-115000000.0,418000000,-5000000.0,413000000,413000000,8045000000.0,626000000.0,,9783000000.0,1526000000.0,3921000000.0,5272000000.0,10719000000.0,20502000000,385000000.0,1449000000.0,3763000000.0,7582000000.0,9920000000.0,13683000000,14784000000.0,-18205000000.0,9036000000.0,6819000000.0,20502000000,418000000.0,172000000.0,100000000.0,112000000.0,,,,,802000000.0,-185000000.0,-244000000.0,0.0,-595000000.0,,-17000000.0,-486000000.0,-503000000.0,-248000000,2016-09-30,32.490001678466804,33.02000045776367,32.459999084472656,32.900001525878906,31.75385093688965,11959900.0
2016-12-31,2395000000.0,-539000000.0,1856000000.0,-1159000000.0,-857000000.0,-292000000.0,,697000000.0,1366000000.0,1366000000.0,2063000000,-59000000.0,2004000000,3944000000.0,5948000000,-12000000.0,5936000000,5936000000,7149000000.0,592000000.0,,8875000000.0,1516000000.0,3969000000.0,9487000000.0,14972000000.0,23847000000,393000000.0,1451000000.0,3847000000.0,7509000000.0,9461000000.0,13308000000,14909000000.0,-19205000000.0,14959000000.0,10539000000.0,23847000000,5948000000.0,176000000.0,-5515000000.0,11000000.0,,,,,620000000.0,-136000000.0,704000000.0,-212000000.0,560000000.0,,-3000000.0,-906000000.0,-926000000.0,63000000,2016-12-30,30.3799991607666,30.3799991607666,29.56999969482422,29.690000534057614,28.655675888061523,8189700.0
2017-03-31,2303000000.0,-514000000.0,1789000000.0,-1180000000.0,-893000000.0,-278000000.0,,609000000.0,11000000.0,11000000.0,620000000,-62000000.0,558000000,477000000.0,1035000000,,1035000000,1035000000,6754000000.0,592000000.0,,8493000000.0,1496000000.0,4540000000.0,10279000000.0,16315000000.0,24808000000,418000000.0,2210000000.0,4433000000.0,6756000000.0,8780000000.0,13213000000,14991000000.0,-19555000000.0,15994000000.0,11595000000.0,24808000000,1035000000.0,163000000.0,-402000000.0,-214000000.0,,,,,582000000.0,-135000000.0,20000000.0,,-114000000.0,,0.0,-399000000.0,-418000000.0,164000000,2017-03-31,33.5,33.950000762939446,33.450000762939446,33.56999969482422,32.400497436523445,10223000.0
2017-06-30,2419000000.0,-560000000.0,1859000000.0,-1316000000.0,-994000000.0,-313000000.0,,543000000.0,-18000000.0,-18000000.0,525000000,-63000000.0,462000000,-433000000.0,29000000,0.0,29000000,29000000,9017000000.0,619000000.0,,10906000000.0,1538000000.0,4754000000.0,10285000000.0,16577000000.0,27483000000,386000000.0,2215000000.0,4596000000.0,9251000000.0,11413000000.0,16009000000,15079000000.0,-20063000000.0,16021000000.0,11474000000.0,27483000000,29000000.0,168000000.0,615000000.0,-113000000.0,,,,,699000000.0,-182000000.0,-1808000000.0,-20000000.0,-2010000000.0,,2484000000.0,-456000000.0,1932000000.0,658000000,2017-06-30,34.779998779296875,35.06999969482422,34.52000045776367,34.919998168945305,33.703468322753906,10845500.0
2017-09-30,2498000000.0,-557000000.0,1941000000.0,-1299000000.0,-973000000.0,-316000000.0,,642000000.0,120000000.0,120000000.0,762000000,-68000000.0,694000000,-174000000.0,520000000,0.0,520000000,520000000,6030000000.0,626000000.0,,7858000000.0,1546000000.0,6302000000.0,10237000000.0,18085000000.0,25943000000,360000000.0,749000000.0,3190000000.0,9249000000.0,11470000000.0,14660000000,15171000000.0,-20970000000.0,16544000000.0,11283000000.0,25943000000,520000000.0,173000000.0,109000000.0,75000000.0,,,,,877000000.0,-157000000.0,1290000000.0,-516000000.0,617000000.0,,-1450000000.0,-895000000.0,-2402000000.0,-875000000,2017-09-29,37.72999954223633,38.599998474121094,37.709999084472656,38.459999084472656,37.12014770507813,9965000.0
2017-12-31,2707000000.0,-590000000.0,2117000000.0,-1375000000.0,-1048000000.0,-317000000.0,,742000000.0,-102000000.0,-102000000.0,640000000,-79000000.0,561000000,-3158000000.0,-2597000000,-4000000.0,-2601000000,-2601000000,5863000000.0,696000000.0,,7744000000.0,1597000000.0,6331000000.0,10314000000.0,18242000000.0,25986000000,507000000.0,781000000.0,3559000000.0,9234000000.0,14378000000.0,17937000000,15295000000.0,-21892000000.0,13929000000.0,8049000000.0,25986000000,-2597000000.0,172000000.0,2043000000.0,1370000000.0,,,,,988000000.0,-192000000.0,419000000.0,-12000000.0,212000000.0,,-2000000.0,-876000000.0,-896000000.0,358000000,2017-12-29,37.81999969482422,38.02999877929688,37.650001525878906,37.7400016784668,36.42523193359375,4652500.0
2018-03-31,2580000000.0,-559000000.0,2021000000.0,-1370000000.0,-1026000000.0,-334000000.0,,651000000.0,-32000000.0,-32000000.0,619000000,-72000000.0,547000000,-140000000.0,407000000,,407000000,407000000,4806000000.0,683000000.0,,6763000000.0,1548000000.0,5919000000.0,10325000000.0,17792000000.0,24555000000,488000000.0,20000000.0,2568000000.0,9208000000.0,14391000000.0,16959000000,15364000000.0,-22903000000.0,14335000000.0,7596000000.0,24555000000,407000000.0,179000000.0,163000000.0,-254000000.0,,,,,495000000.0,-158000000.0,1856000000.0,,1698000000.0,,-750000000.0,-1000000000.0,-1825000000.0,406000000,2018-03-29,40.43999862670898,40.83000183105469,39.9900016784668,40.2400016784668,38.83814239501953,13438300.0
2018-06-30,2640000000.0,-597000000.0,2043000000.0,-1571000000.0,-1206000000.0,-352000000.0,,472000000.0,301000000.0,301000000.0,773000000,-66000000.0,707000000,-69000000.0,638000000,4000000.0,642000000,642000000,4007000000.0,745000000.0,,6184000000.0,1576000000.0,5418000000.0,10810000000.0,17804000000.0,23988000000,337000000.0,3000000.0,2608000000.0,9201000000.0,14234000000.0,16842000000,15480000000.0,-23892000000.0,14977000000.0,7146000000.0,23988000000,638000000.0,170000000.0,-137000000.0,-299000000.0,,,,,372000000.0,-184000000.0,334000000.0,-302000000.0,-151000000.0,,0.0,-933000000.0,-1042000000.0,-910000000,2018-06-29,36.27999877929688,36.540000915527344,36.13000106811523,36.2599983215332,34.996788024902344,6335800.0
2018-09-30,2649000000.0,-608000000.0,2041000000.0,-1420000000.0,-1100000000.0,-307000000.0,,621000000.0,392000000.0,392000000.0,1013000000,-65000000.0,948000000,-228000000.0,720000000,1000000.0,721000000,721000000,4838000000.0,761000000.0,,6963000000.0,1580000000.0,4276000000.0,10833000000.0,16689000000.0,23652000000,308000000.0,1546000000.0,4006000000.0,7661000000.0,12717000000.0,16723000000,15573000000.0,-24893000000.0,15699000000.0,6929000000.0,23652000000,720000000.0,175000000.0,-150000000.0,-185000000.0,,,,,558000000.0,-179000000.0,64000000.0,0.0,926000000.0,,0.0,-988000000.0,-1020000000.0,465000000,2018-09-28,33.209999084472656,33.34000015258789,32.72999954223633,33.02000045776367,31.86966133117676,8467200.0
2018-12-31,781000000.0,-259000000.0,522000000.0,-267000000.0,-223000000.0,-58000000.0,-22000000.0,255000000.0,-164000000.0,-164000000.0,91000000,-44000000.0,47000000,316000000.0,363000000,397000000.0,760000000,760000000,4915000000.0,712000000.0,,7126000000.0,1597000000.0,3778000000.0,10318000000.0,15693000000.0,22819000000,403000000.0,1546000000.0,4454000000.0,7685000000.0,12084000000.0,16538000000,15718000000.0,-26394000000.0,16459000000.0,6281000000.0,22819000000,363000000.0,111000000.0,74000000.0,235000000.0,,,,,1233000000.0,-102000000.0,532000000.0,0.0,421000000.0,,0.0,-1472000000.0,-1511000000.0,193000000,2018-12-31,28.3799991607666,28.5,27.88999938964844,28.06999969482422,27.09210586547852,7629300.0
2019-03-31,2643000000.0,-601000000.0,2042000000.0,-1361000000.0,-1051000000.0,-297000000.0,,681000000.0,64000000.0,64000000.0,745000000,-72000000.0,673000000,-152000000.0,521000000,-3000000.0,518000000,518000000,4441000000.0,716000000.0,,6665000000.0,1582000000.0,2969000000.0,11113000000.0,15664000000.0,22329000000,358000000.0,1550000000.0,4500000000.0,7700000000.0,12626000000.0,17126000000,15787000000.0,-27895000000.0,16847000000.0,5203000000.0,22329000000,521000000.0,169000000.0,117000000.0,-257000000.0,,,,,550000000.0,-182000000.0,821000000.0,-93000000.0,558000000.0,-125000000.0,0.0,-1426000000.0,-1605000000.0,-507000000,2019-03-29,36.95000076293945,37.16999816894531,36.86999893188477,37.13999938964844,35.98017120361328,8636400.0
2019-06-30,2687000000.0,-630000000.0,2057000000.0,-1425000000.0,-1091000000.0,-322000000.0,,632000000.0,-51000000.0,-51000000.0,581000000,-71000000.0,510000000,-107000000.0,403000000,-1000000.0,402000000,402000000,4477000000.0,797000000.0,,6844000000.0,1573000000.0,1936000000.0,10816000000.0,14325000000.0,21169000000,453000000.0,2063000000.0,5209000000.0,7243000000.0,11854000000.0,17063000000,15913000000.0,-29396000000.0,17125000000.0,4106000000.0,21169000000,403000000.0,175000000.0,253000000.0,-87000000.0,,,,,744000000.0,-137000000.0,828000000.0,0.0,728000000.0,-120000000.0,0.0,-1468000000.0,-1653000000.0,-191000000,2019-06-28,39.33000183105469,39.560001373291016,39.11000061035156,39.5,38.41545486450195,14763400.0
2019-09-30,2083000000.0,-530000000.0,1553000000.0,-1077000000.0,-827000000.0,-243000000.0,,476000000.0,-142000000.0,-142000000.0,334000000,-68000000.0,266000000,-56000000.0,210000000,100000000.0,310000000,310000000,3086000000.0,714000000.0,,5209000000.0,1516000000.0,1446000000.0,10543000000.0,13505000000.0,18714000000,491000000.0,518000000.0,3685000000.0,7235000000.0,11759000000.0,15444000000,15990000000.0,-30396000000.0,17315000000.0,3270000000.0,18714000000,123000000.0,130000000.0,120000000.0,222000000.0,,,,,1009000000.0,-75000000.0,1444000000.0,93000000.0,1143000000.0,-115000000.0,-1550000000.0,-1018000000.0,-2725000000.0,-612000000,2019-09-30,38.56999969482422,39.04999923706055,38.40999984741211,38.97999954223633,38.0411262512207,6149200.0
2019-12-31,1223000000.0,-375000000.0,848000000.0,-514000000.0,-404000000.0,-114000000.0,-28000000.0,334000000.0,17000000.0,17000000.0,351000000,-51000000.0,300000000,82000000.0,382000000,174000000.0,556000000,556000000,2751000000.0,555000000.0,,4706000000.0,1460000000.0,1275000000.0,10733000000.0,13468000000.0,18174000000,2495000000.0,1020000000.0,4066000000.0,6738000000.0,11238000000.0,15304000000,16128000000.0,-31396000000.0,17754000000.0,2870000000.0,18174000000,469000000.0,155000000.0,117000000.0,-47000000.0,,,,,811000000.0,-129000000.0,489000000.0,,358000000.0,-113000000.0,0.0,-955000000.0,-1108000000.0,87000000,2019-12-31,35.810001373291016,36.11999893188477,35.540000915527344,36.11000061035156,35.37841796875,7437700.0
2020-03-31,2129000000.0,-502000000.0,1627000000.0,-966000000.0,-727000000.0,-232000000.0,-7000000.0,661000000.0,1000000.0,1000000.0,662000000,-96000000.0,566000000,-135000000.0,431000000,2981000000.0,3412000000,3412000000,4430000000.0,635000000.0,,6248000000.0,1409000000.0,1077000000.0,10195000000.0,12681000000.0,18929000000,1375000000.0,1015000000.0,4673000000.0,7724000000.0,12141000000.0,16814000000,15725000000.0,-34946000000.0,21051000000.0,2115000000.0,18929000000,431000000.0,141000000.0,187000000.0,-145000000.0,,,,,592000000.0,-97000000.0,-1510000000.0,,2506000000.0,-114000000.0,994000000.0,-3992000000.0,-3161000000.0,-97000000,2020-03-31,31.03000068664551,31.18000030517578,29.940000534057614,30.059999465942386,29.58608627319336,15868300.0
2020-06-30,2337000000.0,-417000000.0,1920000000.0,-1067000000.0,-804000000.0,-256000000.0,-7000000.0,853000000.0,181000000.0,,1034000000,-89000000.0,945000000,-256000000.0,689000000,57000000.0,746000000,746000000,5303000000.0,845000000.0,,7394000000.0,1364000000.0,832000000.0,10424000000.0,12620000000.0,20014000000,1633000000.0,516000000.0,4692000000.0,8161000000.0,12420000000.0,17112000000,15846000000.0,-34946000000.0,21681000000.0,2902000000.0,20014000000,679000000.0,154000000.0,-8000000.0,89000000.0,,,,,964000000.0,-87000000.0,-497000000.0,,-637000000.0,-112000000.0,-68000000.0,12000000.0,-209000000.0,126000000,2020-06-30,51.41999816894531,52.75,51.31999969482422,52.45000076293945,51.81051635742188,10559900.0
