Report Date,Revenue,Cost of Revenue,Gross Profit,Operating Expenses,"Selling, General & Administrative",Research & Development,Depreciation & Amortization,Operating Income (Loss),Non-Operating Income (Loss),"Interest Expense, Net","Pretax Income (Loss), Adj.",Abnormal Gains (Losses),Pretax Income (Loss),"Income Tax (Expense) Benefit, Net",Income (Loss) from Continuing Operations,Net Extraordinary Gains (Losses),Net Income,Net Income (Common),"Cash, Cash Equivalents & Short Term Investments",Accounts & Notes Receivable,Inventories,Total Current Assets,"Property, Plant & Equipment, Net",Long Term Investments & Receivables,Other Long Term Assets,Total Noncurrent Assets,Total Assets,Payables & Accruals,Short Term Debt,Total Current Liabilities,Long Term Debt,Total Noncurrent Liabilities,Total Liabilities,Share Capital & Additional Paid-In Capital,Treasury Stock,Retained Earnings,Total Equity,Total Liabilities & Equity,Net Income/Starting Line,Depreciation & Amortization,Non-Cash Items,Change in Working Capital,Change in Accounts Receivable,Change in Inventories,Change in Accounts Payable,Change in Other,Net Cash from Operating Activities,Change in Fixed Assets & Intangibles,Net Change in Long Term Investment,Net Cash from Acquisitions & Divestitures,Net Cash from Investing Activities,Dividends Paid,Cash from (Repayment of) Debt,Cash from (Repurchase of) Equity,Net Cash from Financing Activities,Net Change in Cash,Price Date,Open,High,Low,Close,Adj Close,Volume
2009-12-31,415300000.0,-173900000.0,241400000.0,-162600000.0,-125900000.0,,-36700000.0,78800000.0,-13600000.0,-14100000.0,65200000,,65200000,-11100000.0,54100000,7800000.0,60200000,60200000,103100000.0,258700000.0,,416800000.0,319300000.0,,2814400000.0,3133700000.0,3550500000,161700000.0,183200000.0,492200000.0,990900000.0,1443300000.0,1935500000,1297400000.0,-1871700000.0,2494200000.0,1615000000.0,3550500000,61900000.0,41900000.0,-4700000.0,50500000.0,,,,,149600000.0,-19500000.0,,-192500000.0,-217200000.0,-5100000.0,108300000.0,-10400000.0,92800000.0,25400000,2009-12-31,31.43000030517578,31.5,30.88999938964844,30.88999938964844,26.7221736907959,509400.0
2010-03-31,443000000.0,-190100000.0,252900000.0,-148600000.0,-109500000.0,,-39100000.0,104300000.0,-14700000.0,-14200000.0,89600000,,89600000,-33700000.0,55900000,2700000.0,56700000,56700000,77100000.0,258500000.0,,446800000.0,309500000.0,,2749300000.0,3058800000.0,3505600000,117300000.0,157200000.0,429400000.0,990600000.0,1413000000.0,1842400000,1292700000.0,-1860500000.0,2545800000.0,1663200000.0,3505600000,58600000.0,42500000.0,2900000.0,-66300000.0,,,,,37700000.0,-50000000.0,,-6000000.0,-56000000.0,-5000000.0,-3600000.0,2200000.0,-5500000.0,-26000000,2010-03-31,36.040000915527344,36.08000183105469,35.66999816894531,35.79999923706055,31.00786209106445,1336200.0
2010-06-30,460700000.0,-188300000.0,272400000.0,-166600000.0,-126900000.0,,-39700000.0,105800000.0,-13300000.0,-14100000.0,92500000,,92500000,-32700000.0,59800000,13600000.0,71300000,71300000,70100000.0,260500000.0,,473000000.0,300900000.0,,2658200000.0,2959100000.0,3432100000,126100000.0,87500000.0,369700000.0,979400000.0,1383500000.0,1753200000,1296400000.0,-1912600000.0,2612100000.0,1678900000.0,3432100000,73400000.0,41800000.0,-5100000.0,-8900000.0,,,,,101200000.0,-16900000.0,,58000000.0,42100000.0,-4900000.0,-87000000.0,-54600000.0,-148800000.0,-7000000,2010-06-30,28.07999992370605,28.59000015258789,27.979999542236328,28.059999465942386,24.33625793457031,925000.0
2010-09-30,473800000.0,-188200000.0,285600000.0,-175400000.0,-134000000.0,,-41400000.0,110200000.0,-13300000.0,-14000000.0,96900000,,96900000,-33300000.0,63600000,15200000.0,76500000,76500000,115600000.0,266200000.0,,437100000.0,300200000.0,,2662700000.0,2962900000.0,3400000000,140900000.0,21000000.0,305300000.0,986400000.0,1366300000.0,1671600000,1299300000.0,-1961600000.0,2683500000.0,1728400000.0,3400000000,78800000.0,41400000.0,-8300000.0,-43400000.0,,,,,68500000.0,-15500000.0,,114400000.0,99400000.0,-5000000.0,-68000000.0,-50200000.0,-124400000.0,45500000,2010-09-30,31.32999992370605,31.690000534057614,31.03000068664551,31.20000076293945,27.09553146362305,754100.0
2010-12-31,482000000.0,-193300000.0,288700000.0,-179000000.0,-137000000.0,,-42000000.0,109700000.0,-13500000.0,-13800000.0,96200000,,96200000,-32200000.0,64000000,0.0,62200000,62200000,119400000.0,262600000.0,,433100000.0,298400000.0,,2706000000.0,3004400000.0,3437500000,158400000.0,20700000.0,319500000.0,978900000.0,1409600000.0,1729100000,1301200000.0,-1991000000.0,2725700000.0,1708400000.0,3437500000,64000000.0,42100000.0,1800000.0,37300000.0,,,,,145200000.0,-17400000.0,,-67300000.0,-84500000.0,-20300000.0,-1200000.0,-35600000.0,-56600000.0,3800000,2010-12-31,35.880001068115234,35.939998626708984,35.58000183105469,35.599998474121094,31.05946922302246,342800.0
2011-03-31,472600000.0,-192000000.0,280600000.0,-171500000.0,-128800000.0,,-42700000.0,109100000.0,-13500000.0,-13800000.0,95600000,,95600000,-36300000.0,59300000,,57300000,57300000,86900000.0,283500000.0,,427200000.0,306400000.0,,2735200000.0,3041600000.0,3468800000,112000000.0,40700000.0,303500000.0,974800000.0,1395500000.0,1699000000,1299600000.0,-1980800000.0,2763100000.0,1769800000.0,3468800000,59300000.0,42700000.0,4100000.0,-83000000.0,,,,,23100000.0,-26200000.0,,-30700000.0,-59600000.0,-19600000.0,18100000.0,5100000.0,1600000.0,-32500000,2011-03-31,38.290000915527344,38.88000106811523,38.27999877929688,38.849998474121094,34.04534149169922,761800.0
2011-06-30,487100000.0,-188700000.0,298400000.0,-183800000.0,-142700000.0,,-41100000.0,114600000.0,-23300000.0,-13700000.0,91300000,,91300000,-54200000.0,37100000,,34500000,34500000,108700000.0,273000000.0,,436500000.0,300900000.0,,2751900000.0,3052800000.0,3489300000,127100000.0,17600000.0,298700000.0,963900000.0,1388000000.0,1686700000,1306000000.0,-2003400000.0,2777600000.0,1802600000.0,3489300000,37100000.0,40800000.0,41000000.0,5000000.0,,,,,123900000.0,-17700000.0,,2500000.0,-15200000.0,-19600000.0,-38200000.0,-24100000.0,-85500000.0,21800000,2011-06-30,34.31999969482422,34.84999847412109,34.31999969482422,34.720001220703125,30.558507919311523,778100.0
2011-09-30,490400000.0,-186600000.0,303800000.0,-182200000.0,-141700000.0,,-40500000.0,121600000.0,-13100000.0,-13700000.0,108500000,,108500000,-39200000.0,69300000,,66700000,66700000,102000000.0,275800000.0,,430200000.0,296000000.0,,2786300000.0,3082300000.0,3512500000,141000000.0,67700000.0,344200000.0,967800000.0,1384200000.0,1728400000,1307500000.0,-2044600000.0,2824500000.0,1784100000.0,3512500000,69300000.0,40300000.0,6400000.0,-4000000.0,,,,,112000000.0,-15300000.0,,-81500000.0,-98300000.0,-19500000.0,49900000.0,-43300000.0,-15000000.0,-6700000,2011-09-30,30.940000534057614,31.420000076293945,30.729999542236328,30.739999771118164,27.204763412475586,812200.0
2011-12-31,443100000.0,-136600000.0,306500000.0,-183200000.0,-146900000.0,,-36300000.0,123300000.0,-12800000.0,-13900000.0,110500000,,110500000,-37400000.0,73100000,2900000.0,74400000,74400000,127700000.0,284400000.0,,456900000.0,292900000.0,,2768900000.0,3061800000.0,3518700000,163000000.0,47200000.0,364900000.0,966000000.0,1431700000.0,1796600000,1348700000.0,-2133700000.0,2879200000.0,1722100000.0,3518700000,76000000.0,41100000.0,1600000.0,31000000.0,,,,,149700000.0,-15800000.0,,-15200000.0,-31000000.0,-19400000.0,-22100000.0,-56300000.0,-97000000.0,25700000,2011-12-30,38.7400016784668,39.09000015258789,38.709999084472656,38.7400016784668,34.442813873291016,272700.0
2012-03-31,505900000.0,-187400000.0,318500000.0,-190200000.0,-149800000.0,,-40400000.0,128300000.0,-12500000.0,-13800000.0,115800000,,115800000,-42500000.0,73300000,400000.0,71500000,71500000,132700000.0,297800000.0,,475100000.0,291400000.0,,2751900000.0,3043300000.0,3518400000,120100000.0,17000000.0,272900000.0,965300000.0,1420900000.0,1693800000,1357700000.0,-2110800000.0,2929100000.0,1824600000.0,3518400000,73700000.0,41300000.0,9200000.0,-75900000.0,,,,,48300000.0,-20200000.0,,0.0,-20200000.0,-21200000.0,-30200000.0,20600000.0,-30700000.0,5000000,2012-03-30,43.86000061035156,44.36000061035156,43.83000183105469,44.2599983215332,39.51736068725586,854400.0
2012-06-30,513300000.0,-187200000.0,326100000.0,-197100000.0,-156800000.0,,-40300000.0,129000000.0,-11500000.0,-13700000.0,117500000,,117500000,-41000000.0,76500000,2300000.0,76400000,76400000,183100000.0,293900000.0,,517000000.0,288700000.0,,2715400000.0,3004100000.0,3521100000,155500000.0,17000000.0,293800000.0,951800000.0,1399400000.0,1693200000,1356400000.0,-2143800000.0,2983600000.0,1827900000.0,3521100000,78800000.0,41100000.0,1400000.0,27700000.0,,,,,149000000.0,-14300000.0,,2500000.0,-15400000.0,-21900000.0,-16500000.0,-38400000.0,-75100000.0,50400000,2012-06-29,46.31000137329102,46.61000061035156,45.9000015258789,46.599998474121094,41.77371215820313,1115600.0
2012-09-30,520000000.0,-188400000.0,331600000.0,-201100000.0,-161500000.0,,-39600000.0,130500000.0,-11700000.0,-13600000.0,118800000,,118800000,-39700000.0,79100000,1000000.0,77900000,77900000,267200000.0,296900000.0,,605700000.0,286200000.0,,2714000000.0,3000200000.0,3605900000,180600000.0,16900000.0,325500000.0,951400000.0,1397200000.0,1722700000,1362300000.0,-2170400000.0,3039900000.0,1883200000.0,3605900000,80100000.0,40400000.0,1700000.0,28800000.0,,,,,151000000.0,-14800000.0,,-7300000.0,-22200000.0,-21400000.0,3500000.0,-26400000.0,-44100000.0,84000000,2012-09-28,46.22999954223633,46.709999084472656,45.90999984741211,46.58000183105469,41.91777420043945,633100.0
2012-12-31,533800000.0,-196500000.0,337300000.0,-245100000.0,-205400000.0,,-39700000.0,92200000.0,-13000000.0,-14300000.0,79200000,,79200000,-32800000.0,46400000,1800000.0,46300000,46300000,146800000.0,317000000.0,,538700000.0,283700000.0,,3697700000.0,3981400000.0,4520100000,214700000.0,283300000.0,646500000.0,1447400000.0,1914400000.0,2560900000,1370300000.0,-2139700000.0,3064600000.0,1959200000.0,4520100000,48200000.0,40600000.0,26200000.0,33000000.0,,,,,148000000.0,-16700000.0,,-1009100000.0,-1025800000.0,-21500000.0,761300000.0,27400000.0,756200000.0,-120300000,2012-12-31,53.2599983215332,54.13000106811523,52.75,54.11999893188477,48.87817764282226,566600.0
2013-03-31,566500000.0,-195100000.0,371400000.0,-222400000.0,-174500000.0,,-47900000.0,149000000.0,-17600000.0,-17700000.0,131400000,,131400000,-47200000.0,84200000,19000000.0,101100000,101100000,107600000.0,310400000.0,,484800000.0,281100000.0,,3621300000.0,3902400000.0,4387200000,140700000.0,176700000.0,449700000.0,1445600000.0,1893000000.0,2342700000,1380300000.0,-2132300000.0,3139100000.0,2044500000.0,4387200000,103200000.0,48100000.0,-12200000.0,-72800000.0,,,,,66300000.0,-18700000.0,,43700000.0,25000000.0,-26500000.0,-106600000.0,5900000.0,-128400000.0,-39200000,2013-03-28,56.59000015258789,57.68000030517578,56.43999862670898,57.59000015258789,52.21796035766602,791900.0
2013-06-30,586900000.0,-198200000.0,388700000.0,-230600000.0,-186500000.0,,-44100000.0,158100000.0,-14100000.0,-17600000.0,144000000,,144000000,-51700000.0,92300000,,90500000,90500000,104900000.0,318500000.0,,512600000.0,279300000.0,,3581700000.0,3861000000.0,4373600000,163500000.0,76500000.0,375800000.0,1429100000.0,1877800000.0,2253600000,1387100000.0,-2113800000.0,3202800000.0,2120000000.0,4373600000,92300000.0,44200000.0,-5200000.0,5200000.0,,,,,136500000.0,-17500000.0,,3800000.0,-16100000.0,-26700000.0,-115000000.0,18400000.0,-119000000.0,-2700000,2013-06-28,59.02000045776367,59.29999923706055,58.88999938964844,58.93000030517578,53.6212158203125,773100.0
2013-09-30,572000000.0,-196800000.0,375200000.0,-225200000.0,-173400000.0,,-51800000.0,150000000.0,-16900000.0,-17500000.0,133100000,,133100000,-47000000.0,86100000,-600000.0,83500000,83500000,131900000.0,306200000.0,,526500000.0,285700000.0,,3578200000.0,3863900000.0,4390400000,175300000.0,16400000.0,332400000.0,1427800000.0,1864600000.0,2197000000,1397500000.0,-2112200000.0,3259400000.0,2193400000.0,4390400000,85500000.0,52300000.0,3500000.0,33000000.0,,,,,174300000.0,-25300000.0,,-27500000.0,-59500000.0,-26700000.0,-59900000.0,2700000.0,-86500000.0,27000000,2013-09-30,59.459999084472656,59.97000122070313,59.18000030517578,59.849998474121094,54.65032958984375,497300.0
2013-12-31,578500000.0,-197200000.0,381300000.0,-227200000.0,-181400000.0,,-45800000.0,154100000.0,-32200000.0,-17400000.0,121900000,,121900000,-43000000.0,78900000,0.0,76700000,76700000,235900000.0,309700000.0,,648400000.0,288900000.0,,3602600000.0,3891500000.0,4539900000,205500000.0,296500000.0,662500000.0,1145500000.0,1536400000.0,2198900000,1405300000.0,-2101200000.0,3309200000.0,2341000000.0,4539900000,78900000.0,45700000.0,19800000.0,47500000.0,,,,,191900000.0,-21800000.0,,-63900000.0,-85700000.0,-26800000.0,-800000.0,8900000.0,800000.0,104000000,2013-12-31,69.5,69.55999755859375,68.77999877929689,69.08999633789061,63.29559707641602,446300.0
2014-03-31,584500000.0,-206800000.0,377700000.0,-225800000.0,-175400000.0,,-50400000.0,151900000.0,-19400000.0,-17300000.0,132500000,,132500000,-46200000.0,86300000,,83900000,83900000,101400000.0,337200000.0,,524500000.0,291000000.0,,3934600000.0,4225600000.0,4750100000,161500000.0,488400000.0,794600000.0,1145600000.0,1560000000.0,2354600000,1420700000.0,-2111200000.0,3362300000.0,2395500000.0,4750100000,86300000.0,50900000.0,7200000.0,-72600000.0,,,,,71800000.0,-18500000.0,,-333700000.0,-354700000.0,-30700000.0,193400000.0,-10500000.0,154900000.0,-134500000,2014-03-31,68.73000335693361,68.83000183105469,67.91999816894531,68.02999877929689,62.54872512817383,1592300.0
2014-06-30,613900000.0,-212300000.0,401600000.0,-234200000.0,-183500000.0,,-50700000.0,167400000.0,-16900000.0,-17400000.0,150500000,,150500000,-56000000.0,94500000,,92800000,92800000,91700000.0,345300000.0,,554200000.0,292300000.0,,3919800000.0,4212100000.0,4766300000,193000000.0,409800000.0,759800000.0,1145600000.0,1565300000.0,2325100000,1428400000.0,-2150100000.0,3424400000.0,2441200000.0,4766300000,94500000.0,51000000.0,4800000.0,2500000.0,,,,,152800000.0,-19200000.0,,0.0,-19700000.0,-30500000.0,-77000000.0,-38400000.0,-144400000.0,-9700000,2014-06-30,72.6500015258789,73.05999755859375,72.30000305175781,72.54000091552734,66.93623352050781,360700.0
2014-09-30,613400000.0,-211000000.0,402400000.0,-248700000.0,-197800000.0,,-50900000.0,153700000.0,-13900000.0,-17100000.0,139800000,,139800000,-45400000.0,94400000,,92700000,92700000,115000000.0,324000000.0,,550400000.0,297900000.0,,3858800000.0,4156700000.0,4707100000,200300000.0,408900000.0,766100000.0,1145700000.0,1570000000.0,2336100000,1439700000.0,-2258700000.0,3486900000.0,2371000000.0,4707100000,94400000.0,51300000.0,5600000.0,37500000.0,,,,,188800000.0,-26200000.0,,600000.0,-25100000.0,-30100000.0,900000.0,-108000000.0,-137200000.0,23300000,2014-09-30,74.44000244140625,74.98999786376953,74.33000183105469,74.73999786376953,69.18741607666016,963800.0
2014-12-31,624600000.0,-214600000.0,410000000.0,-244800000.0,-195000000.0,,-49800000.0,165200000.0,-13800000.0,-16800000.0,151400000,,151400000,-52600000.0,98800000,,98000000,98000000,128300000.0,337200000.0,,590500000.0,300600000.0,,3769900000.0,4070500000.0,4661000000,207700000.0,380400000.0,823100000.0,1145700000.0,1603300000.0,2426400000,1432400000.0,-2351700000.0,3554800000.0,2234600000.0,4661000000,98800000.0,51000000.0,-6800000.0,59800000.0,,,,,202800000.0,-22500000.0,,-7300000.0,-29800000.0,-29900000.0,-27400000.0,-105000000.0,-156700000.0,13300000,2014-12-31,81.55999755859375,81.81999969482422,80.86000061035156,80.87000274658203,75.10179138183594,519000.0
2015-03-31,651800000.0,-215100000.0,436700000.0,-282500000.0,-232900000.0,,-49600000.0,154200000.0,-16600000.0,-16100000.0,137600000,,137600000,-48000000.0,89600000,,88300000,88300000,95000000.0,362700000.0,,585000000.0,304000000.0,,3706000000.0,4010000000.0,4595000000,204800000.0,377500000.0,790800000.0,1145800000.0,1614500000.0,2405300000,1461500000.0,-2444500000.0,3600100000.0,2189700000.0,4595000000,89600000.0,50300000.0,7800000.0,-44800000.0,,,,,102900000.0,-21600000.0,,-4400000.0,-26100000.0,-34700000.0,-2800000.0,-78500000.0,-103600000.0,-33300000,2015-03-31,92.83000183105469,93.61000061035156,92.83000183105469,93.0,86.63568115234375,556900.0
2015-06-30,678100000.0,-220800000.0,457300000.0,-268800000.0,-218700000.0,,-50100000.0,188500000.0,-30100000.0,-16200000.0,158400000,,158400000,-45900000.0,112500000,,111000000,111000000,84200000.0,368200000.0,,591200000.0,315600000.0,,3678700000.0,3994300000.0,4585500000,233600000.0,335100000.0,784500000.0,1145800000.0,1594400000.0,2378900000,1470800000.0,-2531100000.0,3676100000.0,2206600000.0,4585500000,112500000.0,50500000.0,-4200000.0,27900000.0,,,,,186700000.0,-33600000.0,,0.0,-33600000.0,-34300000.0,-42400000.0,-86500000.0,-164500000.0,-10800000,2015-06-30,98.12000274658205,98.12000274658205,97.02999877929688,97.08999633789062,90.70824432373048,635000.0
2015-09-30,667400000.0,-226500000.0,440900000.0,-266600000.0,-217200000.0,,-49400000.0,174300000.0,-1400000.0,-15800000.0,172900000,,172900000,-53200000.0,119700000,,117900000,117900000,108500000.0,357700000.0,,582100000.0,339000000.0,,3620300000.0,3959300000.0,4541400000,281600000.0,186800000.0,690700000.0,1145900000.0,1583200000.0,2273900000,1483300000.0,-2536800000.0,3758500000.0,2267500000.0,4541400000,119700000.0,49600000.0,-3000000.0,80900000.0,,,,,247200000.0,-38400000.0,,2900000.0,-35500000.0,-34400000.0,-148200000.0,-5300000.0,-182900000.0,24300000,2015-09-30,97.05999755859376,97.66999816894531,96.0,97.18000030517578,91.0433120727539,880900.0
2015-12-31,666300000.0,-225000000.0,441300000.0,-264400000.0,-215500000.0,,-48900000.0,176900000.0,-9200000.0,-15700000.0,167700000,,167700000,-54700000.0,113000000,,111900000,111900000,93300000.0,349800000.0,,561600000.0,366800000.0,,3573100000.0,3939900000.0,4501500000,292500000.0,49300000.0,603800000.0,1138400000.0,1547300000.0,2151100000,1491200000.0,-2529900000.0,3834400000.0,2350400000.0,4501500000,113000000.0,49600000.0,-6100000.0,75800000.0,,,,,232300000.0,-52600000.0,,0.0,-52600000.0,-34400000.0,-137600000.0,8400000.0,-188000000.0,-15200000,2015-12-31,112.5,112.72000122070312,111.3499984741211,111.37000274658205,104.61161041259766,708200.0
2016-03-31,728300000.0,-253300000.0,475000000.0,-298800000.0,-243100000.0,,-55700000.0,176200000.0,-22200000.0,-20100000.0,154000000,,154000000,-51600000.0,102400000,,102100000,102100000,96800000.0,424700000.0,,630100000.0,397400000.0,,5705400000.0,6102800000.0,6732900000,279900000.0,1185400000.0,1729400000.0,1883800000.0,2470700000.0,4200100000,1504100000.0,-2529000000.0,3896200000.0,2532800000.0,6732900000,102400000.0,56800000.0,6500000.0,-57600000.0,,,,,108100000.0,-51000000.0,,-1727800000.0,-1778800000.0,-39200000.0,1690100000.0,4100000.0,1646400000.0,3500000,2016-03-31,114.01000213623048,114.66999816894531,113.4000015258789,114.29000091552734,107.69328308105469,532900.0
2016-06-30,811300000.0,-285800000.0,525500000.0,-299800000.0,-231600000.0,,-68200000.0,225700000.0,-24400000.0,-23600000.0,201300000,,201300000,-68300000.0,133000000,,130900000,130900000,96800000.0,418000000.0,,627200000.0,418200000.0,,5595400000.0,6013600000.0,6640800000,274500000.0,447500000.0,961900000.0,2498700000.0,3095500000.0,4057400000,1519100000.0,-2518100000.0,3988300000.0,2583400000.0,6640800000,133000000.0,67900000.0,-1700000.0,-8800000.0,,,,,190400000.0,-42600000.0,,0.0,-42600000.0,-39400000.0,-117900000.0,11600000.0,-147200000.0,0,2016-06-30,125.83000183105469,128.41000366210938,125.62999725341795,128.39999389648438,121.31466674804688,932300.0
2016-09-30,804100000.0,-288000000.0,516100000.0,-304000000.0,-233400000.0,,-70600000.0,212100000.0,-21900000.0,-24300000.0,190200000,,190200000,-55300000.0,134900000,,132800000,132800000,111500000.0,436400000.0,,661800000.0,443300000.0,,5701500000.0,6144800000.0,6806600000,305700000.0,706700000.0,1297700000.0,2136300000.0,2721500000.0,4019200000,1535100000.0,-2507600000.0,4081900000.0,2787400000.0,6806600000,134900000.0,70700000.0,-14600000.0,54700000.0,,,,,245700000.0,-48200000.0,,-64600000.0,-112800000.0,-39500000.0,-103300000.0,11100000.0,-126500000.0,14700000,2016-09-30,134.46000671386722,135.0,133.50999450683594,134.58000183105472,127.4764404296875,604700.0
2016-12-31,801200000.0,-286300000.0,514900000.0,-303800000.0,-232900000.0,,-70900000.0,211100000.0,-28400000.0,-24100000.0,182700000,,182700000,-57900000.0,124800000,,123000000,123000000,129300000.0,433300000.0,,672900000.0,466900000.0,,5524200000.0,5991100000.0,6664000000,389100000.0,585400000.0,1259600000.0,2086800000.0,2683100000.0,3942700000,1544000000.0,-2505600000.0,4153200000.0,2721300000.0,6664000000,124800000.0,73300000.0,-2000000.0,82700000.0,,,,,278800000.0,-42500000.0,,800000.0,-41700000.0,-39500000.0,-175600000.0,4700000.0,-212400000.0,17800000,2016-12-30,118.5999984741211,118.6500015258789,117.77999877929688,118.2300033569336,112.29430389404295,788500.0
2017-03-31,832200000.0,-300800000.0,531400000.0,-312800000.0,-241500000.0,,-71300000.0,218600000.0,-22900000.0,-24200000.0,195700000,,195700000,-40300000.0,155400000,,153300000,153300000,123200000.0,459700000.0,,705200000.0,479000000.0,,5604800000.0,6083800000.0,6789000000,272600000.0,631800000.0,1201300000.0,2037400000.0,2635500000.0,3836800000,1553400000.0,-2506800000.0,4255900000.0,2952200000.0,6789000000,155400000.0,72100000.0,16100000.0,-139900000.0,,,,,103700000.0,-41700000.0,,-7300000.0,-49000000.0,-46900000.0,-3600000.0,9400000.0,-63300000.0,-6100000,2017-03-31,136.22000122070312,137.3800048828125,135.75999450683594,136.74000549316406,130.26251220703122,620700.0
2017-06-30,856700000.0,-293700000.0,563000000.0,-297100000.0,-226600000.0,,-70500000.0,265900000.0,-23300000.0,-24600000.0,242600000,,242600000,-75000000.0,167600000,,165400000,165400000,403900000.0,462400000.0,,1000700000.0,498100000.0,,5559500000.0,6057600000.0,7058300000,287900000.0,794200000.0,1343400000.0,2038100000.0,2633500000.0,3976900000,1555800000.0,-2505600000.0,4376300000.0,3081400000.0,7058300000,167600000.0,71400000.0,2400000.0,-16000000.0,,,,,225400000.0,-49600000.0,,-2300000.0,-51900000.0,-47000000.0,162400000.0,3600000.0,107600000.0,280700000,2017-06-30,138.16000366210938,138.35000610351562,137.22999572753906,137.41999816894528,131.28317260742188,625900.0
2017-09-30,834800000.0,-297300000.0,537500000.0,-382800000.0,-310400000.0,,-72400000.0,154700000.0,-18700000.0,-21400000.0,136000000,,136000000,-35500000.0,100500000,,96300000,96300000,315400000.0,458300000.0,,899300000.0,528700000.0,,5687700000.0,6216400000.0,7115700000,311100000.0,667800000.0,1336300000.0,2038700000.0,2613700000.0,3950000000,1565700000.0,-2578200000.0,4424700000.0,3165700000.0,7115700000,100500000.0,73200000.0,-24500000.0,130400000.0,,,,,279600000.0,-57600000.0,,-67700000.0,-125300000.0,-46800000.0,-126400000.0,-71300000.0,-247100000.0,-88500000,2017-09-29,106.0,107.5999984741211,105.72000122070312,105.98999786376952,101.53520965576172,3735900.0
2017-12-31,838500000.0,-318900000.0,519600000.0,-327100000.0,-253500000.0,,-73600000.0,192500000.0,-20200000.0,-22600000.0,172300000,,172300000,2200000.0,174500000,,172300000,172300000,336400000.0,444800000.0,,998400000.0,567000000.0,,5668000000.0,6235000000.0,7233400000,390600000.0,965300000.0,1673500000.0,1739000000.0,2320900000.0,3994400000,1563400000.0,-2577600000.0,4600600000.0,3239000000.0,7233400000,174500000.0,74200000.0,200000.0,-41600000.0,,,,,207300000.0,-60700000.0,,-62600000.0,-123300000.0,-46700000.0,-6000000.0,400000.0,-60900000.0,21000000,2017-12-29,120.0500030517578,120.0500030517578,117.81999969482422,117.91999816894531,113.3631362915039,803800.0
2018-03-31,865700000.0,-342800000.0,522900000.0,-378700000.0,-300500000.0,,-78200000.0,144200000.0,-21000000.0,-23900000.0,123200000,,123200000,-29400000.0,93800000,,90900000,90900000,249300000.0,487500000.0,,917400000.0,590900000.0,,5687800000.0,6278700000.0,7196100000,349700000.0,888500000.0,1538900000.0,1739600000.0,2320300000.0,3859200000,1567300000.0,-2578900000.0,4653100000.0,3336900000.0,7196100000,93800000.0,79000000.0,10100000.0,-63300000.0,,,,,119600000.0,-56200000.0,,-13900000.0,-70100000.0,-46900000.0,-78300000.0,2200000.0,-138300000.0,-87100000,2018-03-29,119.3000030517578,119.3000030517578,116.9000015258789,117.80999755859376,113.62372589111328,986100.0
2018-06-30,876900000.0,-348600000.0,528300000.0,-334700000.0,-257500000.0,,-77200000.0,193600000.0,-24200000.0,-26400000.0,169400000,,169400000,-23300000.0,146100000,,144800000,144800000,327400000.0,473500000.0,,948800000.0,636500000.0,,5531600000.0,6168100000.0,7116900000,387400000.0,4000000.0,677600000.0,2628400000.0,3159600000.0,3837200000,1570500000.0,-2574200000.0,4748300000.0,3279700000.0,7116900000,146200000.0,78500000.0,600000.0,9900000.0,,,,,235200000.0,-62500000.0,,-16800000.0,-79300000.0,-47000000.0,11400000.0,3500000.0,-66700000.0,78100000,2018-06-29,126.08999633789062,127.33000183105469,125.0500030517578,125.11000061035156,121.07225036621094,1412500.0
2018-09-30,834200000.0,-376700000.0,457500000.0,-393400000.0,-317500000.0,,-75900000.0,64100000.0,-25400000.0,-26700000.0,38700000,,38700000,900000.0,39600000,,38400000,38400000,253400000.0,467900000.0,,887500000.0,695200000.0,,5551300000.0,6246500000.0,7134000000,415900000.0,3100000.0,744200000.0,2629400000.0,3148300000.0,3892500000,1578100000.0,-2572300000.0,4740100000.0,3241500000.0,7134000000,39600000.0,77800000.0,8700000.0,26500000.0,,,,,152600000.0,-83800000.0,,-85100000.0,-175800000.0,-46900000.0,-1000000.0,5600000.0,-51000000.0,-74000000,2018-09-28,130.05999755859378,130.97000122070312,129.44999694824222,130.57000732421878,126.72409057617188,757800.0
2018-12-31,835300000.0,-372300000.0,463000000.0,-416900000.0,-337800000.0,,-79100000.0,46100000.0,-7000000.0,-26500000.0,39100000,,39100000,-1600000.0,37500000,,36400000,36400000,223600000.0,469100000.0,,902300000.0,764800000.0,,5486100000.0,6250900000.0,7153200000,519900000.0,4900000.0,826800000.0,2630600000.0,3170700000.0,3997500000,1587300000.0,-2571000000.0,4717800000.0,3155700000.0,7153200000,37400000.0,80600000.0,24400000.0,22400000.0,,,,,164800000.0,-113800000.0,,-22500000.0,-136300000.0,-47100000.0,3200000.0,500000.0,-55000000.0,-29800000,2018-12-31,93.33000183105469,93.98999786376952,92.08000183105469,93.12999725341795,90.73762512207031,769400.0
2019-03-31,846100000.0,-387500000.0,458600000.0,-1076500000.0,-998900000.0,,-77600000.0,-617900000.0,-24600000.0,-26700000.0,-642500000,,-642500000,88100000.0,-554400000,,-555900000,-555900000,133200000.0,514000000.0,,864700000.0,818100000.0,,5652900000.0,6471000000.0,7335700000,452700000.0,69700000.0,1523000000.0,2656900000.0,3201800000.0,4724800000,1600100000.0,-2567900000.0,4115400000.0,2610900000.0,7335700000,-554400000.0,79200000.0,-71100000.0,577300000.0,,,,,31000000.0,-114800000.0,,-24800000.0,-164600000.0,-47100000.0,89700000.0,1900000.0,40100000.0,-90400000,2019-03-29,117.5500030517578,118.9499969482422,117.38999938964844,118.5,115.87228393554688,1657700.0
2019-06-30,880000000.0,-376900000.0,503100000.0,-389300000.0,-306800000.0,,-82500000.0,113800000.0,-24800000.0,-27600000.0,89000000,,89000000,-20700000.0,68300000,,66800000,66800000,135800000.0,502600000.0,,813800000.0,872500000.0,,5787200000.0,6659700000.0,7473500000,468900000.0,32300000.0,1497900000.0,2833300000.0,3387700000.0,4885600000,1612200000.0,-2564300000.0,4135500000.0,2587900000.0,7473500000,68300000.0,83900000.0,16300000.0,48500000.0,,,,,217000000.0,-93700000.0,,-210000000.0,-303700000.0,-47100000.0,137500000.0,4200000.0,89700000.0,2600000,2019-06-28,132.63999938964844,135.63999938964844,132.63999938964844,135.24000549316406,132.65885925292972,1839700.0
2019-09-30,875700000.0,-374500000.0,501200000.0,-379600000.0,-295500000.0,,-84100000.0,121600000.0,-25100000.0,-28000000.0,96500000,,96500000,-14000000.0,82500000,,81100000,81100000,167500000.0,516600000.0,,853000000.0,904500000.0,,5673200000.0,6577700000.0,7430700000,434400000.0,372000000.0,1491800000.0,2834700000.0,3379800000.0,4871600000,1623300000.0,-2560400000.0,4170400000.0,2559100000.0,7430700000,82500000.0,85700000.0,13700000.0,-346800000.0,,,,,-164900000.0,-97200000.0,,0.0,-97200000.0,-47200000.0,339800000.0,9200000.0,296600000.0,31700000,2019-09-30,140.8800048828125,141.8800048828125,140.39999389648438,140.66999816894528,138.359375,723200.0
2019-12-31,905800000.0,-382800000.0,523000000.0,-475900000.0,-389000000.0,,-86900000.0,47100000.0,-3900001.0,-29400000.0,43199999,,43199999,-17700000.0,25499999,,23899999,23899999,401300000.0,532100000.0,,1209400000.0,947600000.0,,5751999999.0,6699599999.0,7908999999,467900000.0,3100000.0,1359100000.0,3379500000.0,3927000000.0,5286100000,1635800000.0,-2557400000.0,3854600000.0,2622900000.0,7909000000,25500000.0,88500000.0,8100000.0,108600000.0,,,,,230700000.0,-93900000.0,,-38100000.0,-132000000.0,-47300000.0,179500000.0,7000000.0,131500000.0,233800000,2019-12-31,138.58999633789062,140.17999267578122,138.39999389648438,140.1199951171875,138.20365905761722,613500.0
2020-03-31,957900000.0,-414100000.0,543800000.0,-407900000.0,-316000000.0,,-91900000.0,135900000.0,20400000.0,-30700000.0,156300000,,156300000,-37500000.0,118800000,,116900000,116900000,369900000.0,605500000.0,,1149000000.0,962100000.0,,5511700000.0,6473800000.0,7622800000,438700000.0,3100000.0,1143800000.0,3505100000.0,4049200000.0,5193000000,1662400000.0,-2553900000.0,4196900000.0,2429800000.0,7622800000,118800000.0,94300000.0,4400000.0,-186700000.0,,,,,30800000.0,-88000000.0,,-48100000.0,-136100000.0,-47300000.0,125200000.0,16700000.0,92700000.0,-31400000,2020-03-31,121.23999786376952,122.91000366210938,119.04000091552734,119.4499969482422,118.1217041015625,1161800.0
2020-06-30,982800000.0,-409300000.0,573500000.0,-406700000.0,-309900000.0,,-96800000.0,166800000.0,-44100000.0,-36600000.0,122700000,,122700000,-26600000.0,96100000,,95900000,95900000,1347400000.0,592500000.0,,2104900000.0,1017200000.0,,5710700000.0,6727900000.0,8832800000,484300000.0,503700000.0,1656400000.0,3872100000.0,4442100000.0,6098500000,1678500000.0,-2550700000.0,4248000000.0,2734300000.0,8832800000,100400000.0,97800000.0,26699999.0,26300000.0,,,,,251199999.0,-104800000.0,,-10000000.0,-114800000.0,-47300000.0,873900000.0,6200000.0,823600000.0,977499999,2020-06-30,167.00999450683594,172.63999938964844,166.72000122070312,171.8800048828125,170.41322326660156,823900.0
