Report Date,Revenue,Cost of Revenue,Gross Profit,Operating Expenses,"Selling, General & Administrative",Research & Development,Depreciation & Amortization,Operating Income (Loss),Non-Operating Income (Loss),"Interest Expense, Net","Pretax Income (Loss), Adj.",Abnormal Gains (Losses),Pretax Income (Loss),"Income Tax (Expense) Benefit, Net",Income (Loss) from Continuing Operations,Net Extraordinary Gains (Losses),Net Income,Net Income (Common),"Cash, Cash Equivalents & Short Term Investments",Accounts & Notes Receivable,Inventories,Total Current Assets,"Property, Plant & Equipment, Net",Long Term Investments & Receivables,Other Long Term Assets,Total Noncurrent Assets,Total Assets,Payables & Accruals,Short Term Debt,Total Current Liabilities,Long Term Debt,Total Noncurrent Liabilities,Total Liabilities,Share Capital & Additional Paid-In Capital,Treasury Stock,Retained Earnings,Total Equity,Total Liabilities & Equity,Net Income/Starting Line,Depreciation & Amortization,Non-Cash Items,Change in Working Capital,Change in Accounts Receivable,Change in Inventories,Change in Accounts Payable,Change in Other,Net Cash from Operating Activities,Change in Fixed Assets & Intangibles,Net Change in Long Term Investment,Net Cash from Acquisitions & Divestitures,Net Cash from Investing Activities,Dividends Paid,Cash from (Repayment of) Debt,Cash from (Repurchase of) Equity,Net Cash from Financing Activities,Net Change in Cash,Price Date,Open,High,Low,Close,Adj Close,Volume
2010-06-30,1840100000.0,-414300000.0,1425800000.0,-1382200000.0,-1358300000.0,,,43600000.0,-43900000.0,-43900000.0,-300000,,-300000,25300000.0,25000000,,23900000,23900000,1120700000.0,746200000.0,826600000.0,3121000000.0,1023600000.0,,1191000000.0,2214600000.0,5335600000,1548800000.0,23400000.0,1572200000.0,1205000000.0,1798000000.0,3370200000,1431400000.0,-2850300000.0,3564000000.0,1965400000.0,5335600000,25000000.0,66900000.0,-8900000.0,75500000.0,,,,,158500000.0,-109200000.0,0.0,-1400000.0,-110600000.0,0.0,-200300000.0,-87000000.0,-290200000.0,-260500000,2010-06-30,27.70499992370605,28.30500030517578,27.665000915527344,27.864999771118164,24.567073822021484,3667200.0
2010-09-30,2091700000.0,-488100000.0,1603600000.0,-1305600000.0,-1301800000.0,,,298000000.0,-16100000.0,-16100000.0,281900000,,281900000,-92300000.0,189600000,,191100000,191100000,693500000.0,1155400000.0,905200000.0,3198400000.0,1043800000.0,13700000.0,1381600000.0,2439100000.0,5637500000,1656300000.0,30600000.0,1686900000.0,1204500000.0,1812600000.0,3499500000,1480500000.0,-2993500000.0,3755100000.0,2138000000.0,5637500000,189600000.0,68800000.0,45700000.0,-343200000.0,,,,,-39100000.0,-57700000.0,,-258500000.0,-316200000.0,-100000.0,-2400000.0,-129200000.0,-83400000.0,-427200000,2010-09-30,32.10499954223633,32.21500015258789,31.295000076293945,31.614999771118164,27.873247146606445,2523400.0
2010-12-31,2492000000.0,-541100000.0,1950900000.0,-1433200000.0,-1419200000.0,,,517700000.0,-16100000.0,-16100000.0,501600000,,501600000,-155700000.0,345900000,,343900000,343900000,1043100000.0,1172500000.0,866900000.0,3514100000.0,1066900000.0,13900000.0,1386900000.0,2467700000.0,5981800000,1725400000.0,26000000.0,1751400000.0,1205100000.0,1824700000.0,3576100000,1568600000.0,-3020400000.0,3950700000.0,2405700000.0,5981800000,345900000.0,66500000.0,26900000.0,107800000.0,,,,,547100000.0,-87100000.0,,2400000.0,-84700000.0,-147900000.0,-3000000.0,18500000.0,-116000000.0,349600000,2010-12-31,39.80500030517578,40.72000122070313,39.775001525878906,40.349998474121094,35.93116760253906,2070000.0
2011-03-31,2165700000.0,-482600000.0,1683100000.0,-1474000000.0,-1415900000.0,,,209100000.0,-15800000.0,-15800000.0,193300000,,193300000,-68200000.0,125100000,,124700000,124700000,1099000000.0,1249600000.0,889300000.0,3710500000.0,1087200000.0,,1398800000.0,2486000000.0,6196500000,1829800000.0,144700000.0,1974500000.0,1082800000.0,1693200000.0,3667700000,1675900000.0,-3193300000.0,4075400000.0,2528800000.0,6196500000,125100000.0,77300000.0,1600000.0,15600000.0,,,,,219600000.0,-79100000.0,200000.0,0.0,-78900000.0,0.0,-3000000.0,-107200000.0,-89400000.0,55900000,2011-03-31,47.90999984741211,48.24499893188477,47.81000137329102,48.18000030517578,42.90368270874024,2554000.0
2011-06-30,2060600000.0,-425100000.0,1635500000.0,-1570900000.0,-1559800000.0,,,64600000.0,-15900000.0,-15900000.0,48700000,,48700000,-5500000.0,43200000,,41100000,41100000,1253000000.0,945600000.0,995600000.0,3686500000.0,1143100000.0,,1444300000.0,2587400000.0,6273900000,1805300000.0,138000000.0,1943300000.0,1080100000.0,1683600000.0,3626900000,1741100000.0,-3243100000.0,4113700000.0,2647000000.0,6273900000,43200000.0,81800000.0,-11800000.0,186200000.0,,,,,299400000.0,-127100000.0,0.0,0.0,-127100000.0,0.0,-7700000.0,-22600000.0,-24300000.0,154000000,2011-06-30,52.73500061035156,52.88000106811523,52.224998474121094,52.59500122070313,46.835182189941406,1846400.0
2011-09-30,2476700000.0,-534300000.0,1942400000.0,-1512400000.0,-1507700000.0,,,430000000.0,-16000000.0,-16000000.0,414000000,,414000000,-135400000.0,278600000,,278600000,278600000,719500000.0,1378500000.0,982200000.0,3562100000.0,1125100000.0,,1448200000.0,2573300000.0,6135400000,1827800000.0,141800000.0,1969600000.0,1072800000.0,1673800000.0,3643400000,1791900000.0,-3645500000.0,4395100000.0,2492000000.0,6135400000,278600000.0,69600000.0,37700000.0,-422100000.0,,,,,-36200000.0,-80800000.0,,-7700000.0,-88500000.0,-300000.0,-1200000.0,-399300000.0,-390900000.0,-533500000,2011-09-30,44.11000061035156,44.685001373291016,43.5,43.91999816894531,39.110198974609375,4695800.0
2011-12-31,2737500000.0,-551000000.0,2186500000.0,-1589500000.0,-1576700000.0,,,597000000.0,-6100000.0,-16600000.0,590900000,,590900000,-192500000.0,398400000,,396700000,396700000,999100000.0,1383700000.0,898900000.0,3753300000.0,1151400000.0,,1437500000.0,2588900000.0,6342200000,1878300000.0,143800000.0,2022100000.0,1068700000.0,1676400000.0,3698500000,1887800000.0,-3762600000.0,4584900000.0,2643700000.0,6342200000,398400000.0,71400000.0,12200000.0,164400000.0,,,,,646400000.0,-100700000.0,,0.0,-100700000.0,-203700000.0,-600000.0,-85600000.0,-266800000.0,279600000,2011-12-30,57.11000061035156,57.2599983215332,55.95000076293945,56.15999984741211,50.48744583129883,939800.0
2012-03-31,2248200000.0,-469300000.0,1778900000.0,-1567400000.0,-1539000000.0,,,211500000.0,-14500000.0,-14500000.0,197000000,,197000000,-65700000.0,131300000,,130400000,130400000,1192800000.0,1304800000.0,898700000.0,3899900000.0,1181800000.0,,1519800000.0,2701600000.0,6601500000,1914200000.0,144000000.0,2058200000.0,1065900000.0,1687800000.0,3746000000,1958300000.0,-3788800000.0,4715300000.0,2855500000.0,6601500000,131300000.0,74400000.0,-15300000.0,69100000.0,,,,,259500000.0,-90400000.0,,100000.0,-90300000.0,0.0,-3900000.0,6800000.0,17000000.0,193700000,2012-03-30,62.72000122070313,62.72000122070313,61.88999938964844,61.93999862670898,55.683631896972656,1461100.0
2012-06-30,2251200000.0,-441200000.0,1810000000.0,-1736800000.0,-1701400000.0,,,73200000.0,-14000000.0,-14000000.0,59200000,,59200000,-7000000.0,52200000,,51200000,51200000,1347700000.0,1060300000.0,983600000.0,3855100000.0,1231800000.0,,1506100000.0,2737900000.0,6593000000,1906800000.0,219000000.0,2125800000.0,1069100000.0,1719700000.0,3845500000,2011600000.0,-3830400000.0,4764900000.0,2747500000.0,6593000000,52200000.0,80400000.0,-6600000.0,131000000.0,,,,,257000000.0,-148800000.0,,0.0,-148800000.0,0.0,74300000.0,-23800000.0,55600000.0,154900000,2012-06-29,53.40999984741211,54.31999969482422,52.91999816894531,54.11999893188477,48.65350341796875,2860200.0
2012-09-30,2549500000.0,-539200000.0,2010300000.0,-1528300000.0,-1527900000.0,,,482000000.0,-33100000.0,-34900000.0,448900000,,448900000,-149300000.0,299600000,,299500000,299500000,1053700000.0,1604700000.0,1067900000.0,4213100000.0,1268900000.0,,1525600000.0,2794500000.0,7007600000,1948400000.0,24000000.0,1972400000.0,1330700000.0,1994700000.0,3967100000,2100900000.0,-3995700000.0,5064400000.0,3040500000.0,7007600000,299600000.0,77500000.0,39500000.0,-541800000.0,,,,,-125200000.0,-95500000.0,,-8700000.0,-104200000.0,-500000.0,67400000.0,-149200000.0,-70800000.0,-294000000,2012-09-28,61.45000076293945,61.79999923706055,60.65999984741211,61.56999969482422,55.35100555419922,2333100.0
2012-12-31,2933000000.0,-568000000.0,2365000000.0,-1711900000.0,-1698600000.0,,,653100000.0,7900000.0,-13400000.0,661000000,,661000000,-211600000.0,449400000,,447500000,447500000,1323600000.0,1531700000.0,994100000.0,4341000000.0,1301600000.0,,1527500000.0,2829100000.0,7170100000,2026200000.0,26000000.0,2052200000.0,1330100000.0,1994800000.0,4047000000,2167100000.0,-4154900000.0,5231600000.0,3123100000.0,7170100000,449400000.0,79300000.0,8100000.0,243500000.0,,,,,780300000.0,-109900000.0,-2100000.0,0.0,-112000000.0,-279000000.0,-300000.0,-140200000.0,-401700000.0,269900000,2012-12-31,57.66999816894531,59.88999938964844,57.52999877929688,59.86000061035156,54.48209762573242,1483500.0
2013-03-31,2291800000.0,-443100000.0,1848700000.0,-1603600000.0,-1605300000.0,,,245100000.0,-12600000.0,-12600000.0,232500000,,232500000,-53600000.0,178900000,,178800000,178800000,1438600000.0,1361900000.0,989300000.0,4286200000.0,1296000000.0,,1512900000.0,2808900000.0,7095100000,1895900000.0,20000000.0,1915900000.0,1329200000.0,1972400000.0,3888300000,2242800000.0,-4191000000.0,5340300000.0,3206800000.0,7095100000,178900000.0,90400000.0,8700000.0,1100000.0,,,,,279100000.0,-100100000.0,5500000.0,0.0,-94600000.0,-69800000.0,-5300000.0,-2500000.0,-64000000.0,115000000,2013-03-28,63.790000915527344,64.11000061035156,63.13000106811523,64.02999877929689,58.44775772094727,1361600.0
2013-06-30,2407400000.0,-475600000.0,1931800000.0,-1786000000.0,-1765200000.0,,,145800000.0,-21300000.0,-21300000.0,124500000,8300000.0,132800000,-36900000.0,95900000,,94000000,94000000,1495700000.0,1171700000.0,1113900000.0,4297200000.0,1350700000.0,,1497300000.0,2848000000.0,7145200000,1916300000.0,18300000.0,1934600000.0,1326000000.0,1908700000.0,3843300000,2295500000.0,-4215200000.0,5364100000.0,3301900000.0,7145200000,95900000.0,89700000.0,17600000.0,88900000.0,,,,,292100000.0,-155500000.0,800000.0,0.0,-154700000.0,-69900000.0,-3100000.0,-4700000.0,-75000000.0,57100000,2013-06-28,66.15000152587889,66.54000091552734,65.45999908447266,65.76999664306639,60.18853378295898,1431200.0
2013-09-30,2675000000.0,-544100000.0,2130900000.0,-1681400000.0,-1680200000.0,,,449500000.0,-13500000.0,-13500000.0,436000000,,436000000,-134200000.0,301800000,,300700000,300700000,1322200000.0,1566700000.0,1196300000.0,4632400000.0,1364400000.0,,1523700000.0,2888100000.0,7520500000,1971700000.0,15900000.0,1987600000.0,1324700000.0,1920400000.0,3908000000,2371500000.0,-4274100000.0,5594700000.0,3612500000.0,7520500000,301800000.0,88900000.0,36000000.0,-396800000.0,,,,,29900000.0,-85700000.0,,-9200000.0,-94900000.0,-69800000.0,-3500000.0,-51400000.0,-114900000.0,-173500000,2013-09-30,70.16999816894531,70.88999938964844,69.77999877929689,69.90000152587889,64.14395141601561,1659700.0
2013-12-31,3018700000.0,-581600000.0,2437100000.0,-1780800000.0,-1784200000.0,,,656300000.0,-14600000.0,-14600000.0,641700000,2200000.0,643900000,-208700000.0,435200000,,432500000,432500000,1748000000.0,1501000000.0,1145900000.0,4925600000.0,1395400000.0,,1520200000.0,2915600000.0,7841200000,2023200000.0,15900000.0,2039100000.0,1322900000.0,1919000000.0,3958100000,2442900000.0,-4417100000.0,5949100000.0,3883100000.0,7841200000,435200000.0,95500000.0,43200000.0,178600000.0,,,,,752500000.0,-131200000.0,-600000.0,0.0,-131800000.0,-78600000.0,200000.0,-125300000.0,-188200000.0,425800000,2013-12-31,75.38999938964844,75.55000305175781,74.95999908447266,75.31999969482422,69.30413818359375,704300.0
2014-03-31,2549800000.0,-498700000.0,2051100000.0,-1709500000.0,-1709500000.0,,,341600000.0,-15000000.0,-15000000.0,326600000,2700000.0,329300000,-115600000.0,213700000,,213200000,213200000,1530200000.0,1399000000.0,1215400000.0,4691800000.0,1434900000.0,,1519300000.0,2954200000.0,7646000000,2020900000.0,18400000.0,2039300000.0,1327700000.0,1924300000.0,3963600000,2503800000.0,-4812100000.0,6085100000.0,3682400000.0,7646000000,213700000.0,95600000.0,55700000.0,22000000.0,,,,,387000000.0,-125900000.0,8400000.0,0.0,-117500000.0,-76800000.0,-500000.0,-368200000.0,-441600000.0,-217800000,2014-03-31,67.33999633789061,67.36000061035156,66.54000091552734,66.87999725341797,61.72116470336914,2689200.0
2014-06-30,2725300000.0,-533800000.0,2191500000.0,-1811300000.0,-1812000000.0,,,380200000.0,-16300000.0,-16300000.0,363900000,3700000.0,367600000,-109200000.0,258400000,,257700000,257700000,1629100000.0,1379300000.0,1294000000.0,4825200000.0,1502600000.0,13600000.0,1527400000.0,3043600000.0,7868800000,2038300000.0,18400000.0,2056700000.0,1324700000.0,1942700000.0,3999400000,2568300000.0,-4878900000.0,6265800000.0,3869400000.0,7868800000,258400000.0,104600000.0,1900000.0,900000.0,,,,,365800000.0,-167400000.0,0.0,0.0,-167400000.0,-76600000.0,-2900000.0,-37500000.0,-112200000.0,98900000,2014-06-30,74.94999694824219,75.44000244140625,74.16999816894531,74.26000213623047,68.7137451171875,1571200.0
2014-09-30,2631000000.0,-536600000.0,2094400000.0,-1746400000.0,-1746400000.0,,,348000000.0,-14800000.0,-14800000.0,333200000,1600000.0,334800000,-105600000.0,229200000,,228100000,228100000,1395400000.0,1502100000.0,1257000000.0,4727900000.0,1444300000.0,,1492100000.0,2936400000.0,7664300000,1927700000.0,14000000.0,1941700000.0,1319000000.0,1928400000.0,3870100000,2652600000.0,-5085700000.0,6417400000.0,3794200000.0,7664300000,229200000.0,100600000.0,50900000.0,-253000000.0,,,,,127700000.0,-78700000.0,8400000.0,-10000000.0,-80300000.0,-77500000.0,-6500000.0,-194400000.0,-272600000.0,-233700000,2014-09-30,74.43000030517578,75.01000213623047,74.31999969482422,74.72000122070312,69.31888580322266,1741400.0
2014-12-31,3044500000.0,-573100000.0,2471400000.0,-1838600000.0,-1838600000.0,,,632800000.0,-15000000.0,-15000000.0,617800000,3800000.0,621600000,-183900000.0,437700000,,435700000,435700000,1372000000.0,1399000000.0,1112300000.0,4426000000.0,1434200000.0,387900000.0,1608500000.0,3430600000.0,7856600000,1975700000.0,68500000.0,2044200000.0,1320700000.0,1983100000.0,4027300000,2706400000.0,-5354600000.0,6761500000.0,3829300000.0,7856600000,437700000.0,98000000.0,28600000.0,301700000.0,,,,,866000000.0,-108700000.0,-507700000.0,-94200000.0,-710600000.0,-91400000.0,52100000.0,-260400000.0,-295500000.0,-154200000,2014-12-31,77.33999633789062,77.66999816894531,76.18000030517578,76.19999694824219,70.92585754394531,915100.0
2015-03-31,2580500000.0,-502900000.0,2077600000.0,-1680400000.0,-1680400000.0,,,397200000.0,-15200000.0,-15200000.0,382000000,3100000.0,385100000,-112400000.0,272700000,,272100000,272100000,1425000000.0,1350200000.0,1073100000.0,4429200000.0,1398200000.0,393700000.0,1874000000.0,3665900000.0,8095100000,1962100000.0,135300000.0,2097400000.0,1317500000.0,2132800000.0,4230200000,2822400000.0,-5500500000.0,6942100000.0,3864900000.0,8095100000,272700000.0,100000000.0,400000.0,18200000.0,,,,,391300000.0,-92400000.0,-11100000.0,-137800000.0,-241300000.0,-90900000.0,67100000.0,-87800000.0,-86300000.0,47100000,2015-03-31,83.91999816894531,84.1500015258789,83.16000366210938,83.16000366210938,77.63197326660156,1297900.0
2015-06-30,2524400000.0,-488000000.0,2036400000.0,-1808100000.0,-1808100000.0,,,228300000.0,-15000000.0,-15000000.0,213300000,5800000.0,219100000,-65300000.0,153800000,,153000000,153000000,1525100000.0,1174500000.0,1215800000.0,4183600000.0,1490200000.0,420300000.0,2132800000.0,4043300000.0,8226900000,2100000000.0,29800000.0,2129800000.0,1595100000.0,2442800000.0,4572600000,2877300000.0,-5856700000.0,7004100000.0,3654300000.0,8226900000,153800000.0,110700000.0,12500000.0,281300000.0,,,,,558300000.0,-193200000.0,-391800000.0,1000000.0,-584000000.0,-90100000.0,186500000.0,-338800000.0,-240400000.0,-266900000,2015-06-30,86.62000274658203,86.9000015258789,85.98999786376953,86.66000366210938,81.1193618774414,1556300.0
2015-09-30,2834700000.0,-577200000.0,2257500000.0,-1804300000.0,-1804300000.0,,,453200000.0,-17100000.0,-17100000.0,436100000,3000000.0,439100000,-128300000.0,310800000,,309300000,309300000,1079300000.0,1539200000.0,1176700000.0,4383300000.0,1468500000.0,710100000.0,1863500000.0,4042100000.0,8425400000,2000600000.0,453700000.0,2454300000.0,1612500000.0,2469100000.0,4923400000,2959500000.0,-6243400000.0,7223700000.0,3502000000.0,8425400000,310800000.0,98100000.0,62300000.0,-463000000.0,,,,,8200000.0,-89900000.0,-455300000.0,-19300000.0,-564500000.0,-89700000.0,423800000.0,-380800000.0,-44000000.0,-612900000,2015-09-30,79.73999786376953,80.76000213623047,79.37000274658203,80.68000030517578,75.75357818603516,2865900.0
2015-12-31,3124800000.0,-589000000.0,2535800000.0,-1906400000.0,-1887900000.0,,,629400000.0,-17000000.0,-17000000.0,612400000,3200000.0,615600000,-167200000.0,448400000,,446200000,446200000,1414200000.0,1410600000.0,1077400000.0,4475800000.0,1496800000.0,772200000.0,1837300000.0,4106300000.0,8582100000,2105000000.0,374400000.0,2479400000.0,1607300000.0,2487200000.0,4966600000,3025100000.0,-6482000000.0,7557900000.0,3615500000.0,8582100000,448400000.0,103500000.0,54300000.0,347900000.0,,,,,954100000.0,-133500000.0,53800000.0,0.0,-79700000.0,-111500000.0,-80900000.0,-224600000.0,-409300000.0,459600000,2015-12-31,88.62000274658203,89.1500015258789,88.02999877929688,88.05999755859375,82.97383880615234,863100.0
2016-03-31,2656500000.0,-504200000.0,2152300000.0,-1768300000.0,-1753100000.0,,,384000000.0,-18000000.0,-18000000.0,366000000,4200000.0,370200000,-103600000.0,266600000,,265600000,265600000,1073800000.0,1416600000.0,1150500000.0,4252300000.0,1510500000.0,1075300000.0,1978200000.0,4564000000.0,8816300000,2120900000.0,312800000.0,2433700000.0,1612500000.0,2560200000.0,4993900000,3096100000.0,-6556600000.0,7711600000.0,3822400000.0,8816300000,266600000.0,103300000.0,34400000.0,-50400000.0,,,,,353900000.0,-111000000.0,-259800000.0,-81900000.0,-452700000.0,-110700000.0,-63000000.0,-42800000.0,-212000000.0,-311800000,2016-03-31,94.1500015258789,94.66999816894531,93.9499969482422,94.30999755859376,89.15351104736328,1225000.0
2016-06-30,2646300000.0,-510700000.0,2135600000.0,-1991900000.0,-1892500000.0,,,143700000.0,-18600000.0,-18600000.0,125100000,5200000.0,130300000,-35300000.0,95000000,,93500000,93500000,1383400000.0,1258300000.0,1263400000.0,4225100000.0,1583300000.0,1107700000.0,2307200000.0,4998200000.0,9223300000,2349000000.0,331500000.0,2680500000.0,1910000000.0,2955500000.0,5636000000,3166400000.0,-6743000000.0,7693300000.0,3587300000.0,9223300000,95000000.0,109800000.0,-42800000.0,310500000.0,,,,,472500000.0,-190900000.0,18600000.0,-100000.0,-172400000.0,-110600000.0,328300000.0,-157300000.0,60400000.0,357800000,2016-06-30,89.73999786376953,91.08999633789062,89.6500015258789,91.0199966430664,86.32476043701172,2718700.0
2016-09-30,2865000000.0,-596000000.0,2269000000.0,-1851000000.0,-1825000000.0,,,418000000.0,-21000000.0,-21000000.0,397000000,6000000.0,403000000,-107000000.0,296000000,,294000000,294000000,1189000000.0,1624000000.0,1296000000.0,4401000000.0,1569000000.0,1050000000.0,2328000000.0,4947000000.0,9348000000,2120000000.0,592000000.0,2712000000.0,1908000000.0,2961000000.0,5673000000,3292000000.0,-6963000000.0,7876000000.0,3675000000.0,9348000000,296000000.0,106000000.0,56000000.0,-608000000.0,,,,,-150000000.0,-73000000.0,17000000.0,-10000000.0,-66000000.0,-111000000.0,261000000.0,-196000000.0,-36000000.0,-250000000,2016-09-30,87.13999938964844,88.9000015258789,87.13999938964844,88.55999755859375,84.26976776123047,1952500.0
2016-12-31,3208000000.0,-637000000.0,2571000000.0,-1954000000.0,-1917000000.0,,,617000000.0,-22000000.0,-22000000.0,595000000,5000000.0,600000000,-170000000.0,430000000,,428000000,428000000,1675000000.0,1508000000.0,1278000000.0,4789000000.0,1563000000.0,996000000.0,3864000000.0,6423000000.0,11212000000,2315000000.0,2143000000.0,4458000000.0,1890000000.0,2946000000.0,7404000000,3355000000.0,-7101000000.0,8178000000.0,3808000000.0,11212000000,430000000.0,112000000.0,30000000.0,402000000.0,,,,,974000000.0,-123000000.0,142000000.0,-1680000000.0,-1661000000.0,-125000000.0,1553000000.0,-126000000.0,1306000000.0,598000000,2016-12-30,77.30999755859375,77.47000122070312,76.27999877929688,76.48999786376953,73.10050201416016,1237400.0
2017-03-31,2857000000.0,-591000000.0,2266000000.0,-1839000000.0,-1780000000.0,,,427000000.0,-28000000.0,-28000000.0,399000000,8000000.0,407000000,-107000000.0,300000000,,298000000,298000000,1840000000.0,1528000000.0,1310000000.0,4972000000.0,1576000000.0,993000000.0,3904000000.0,6473000000.0,11445000000,2341000000.0,519000000.0,2860000000.0,3377000000.0,4450000000.0,7310000000,3468000000.0,-7100000000.0,8350000000.0,4135000000.0,11445000000,300000000.0,119000000.0,-9000000.0,18000000.0,,,,,428000000.0,-108000000.0,-271000000.0,0.0,-379000000.0,-125000000.0,-126000000.0,53000000.0,-187000000.0,-123000000,2017-03-31,85.26000213623047,85.80999755859375,84.70999908447266,84.79000091552734,81.36195373535156,2078600.0
2017-06-30,2894000000.0,-613000000.0,2281000000.0,-2051000000.0,-1947000000.0,,,230000000.0,-32000000.0,-32000000.0,198000000,9000000.0,207000000,23000000.0,230000000,,229000000,229000000,1741000000.0,1395000000.0,1479000000.0,4964000000.0,1671000000.0,1026000000.0,3907000000.0,6604000000.0,11568000000,2634000000.0,189000000.0,2823000000.0,3383000000.0,4343000000.0,7166000000,3565000000.0,-7149000000.0,8452000000.0,4402000000.0,11568000000,230000000.0,127000000.0,-18000000.0,209000000.0,,,,,548000000.0,-188000000.0,71000000.0,9000000.0,-108000000.0,-125000000.0,-331000000.0,-3000000.0,-453000000.0,-3000000,2017-06-30,95.95999908447266,96.43000030517578,95.75,95.9800033569336,92.43533325195312,1290300.0
2017-09-30,3274000000.0,-711000000.0,2563000000.0,-1995000000.0,-1961000000.0,,,568000000.0,-31000000.0,-31000000.0,537000000,12000000.0,549000000,-119000000.0,430000000,,427000000,427000000,1825000000.0,1799000000.0,1518000000.0,5507000000.0,1695000000.0,1087000000.0,3913000000.0,6695000000.0,12202000000,2590000000.0,552000000.0,3142000000.0,3383000000.0,4307000000.0,7449000000,3671000000.0,-7257000000.0,8752000000.0,4753000000.0,12202000000,430000000.0,127000000.0,65000000.0,-529000000.0,,,,,93000000.0,-116000000.0,163000000.0,-11000000.0,36000000.0,-126000000.0,362000000.0,-63000000.0,173000000.0,308000000,2017-09-29,106.76000213623048,108.16000366210938,106.3000030517578,107.83999633789062,104.19164276123048,2531100.0
2017-12-31,3744000000.0,-753000000.0,2991000000.0,-2281000000.0,-2214000000.0,,,710000000.0,-32000000.0,-32000000.0,678000000,12000000.0,690000000,-565000000.0,125000000,,123000000,123000000,2499000000.0,1699000000.0,1445000000.0,5975000000.0,1728000000.0,1112000000.0,3789000000.0,6629000000.0,12604000000,2990000000.0,413000000.0,3403000000.0,3374000000.0,4612000000.0,8015000000,3779000000.0,-7540000000.0,8733000000.0,4589000000.0,12604000000,125000000.0,129000000.0,196000000.0,907000000.0,,,,,1357000000.0,-147000000.0,-33000000.0,0.0,-180000000.0,-141000000.0,-141000000.0,-252000000.0,-535000000.0,661000000,2017-12-29,127.8000030517578,128.1300048828125,127.1999969482422,127.23999786376952,123.30924987792969,805100.0
2018-03-31,3370000000.0,-683000000.0,2687000000.0,-2190000000.0,-2093000000.0,,,497000000.0,-33000000.0,-33000000.0,464000000,16000000.0,480000000,-106000000.0,374000000,,372000000,372000000,2524000000.0,1761000000.0,1533000000.0,6169000000.0,1726000000.0,1027000000.0,3850000000.0,6603000000.0,12772000000,3092000000.0,296000000.0,3388000000.0,3363000000.0,4647000000.0,8035000000,3917000000.0,-7816000000.0,8996000000.0,4737000000.0,12772000000,374000000.0,133000000.0,2000000.0,-28000000.0,,,,,481000000.0,-105000000.0,94000000.0,0.0,-11000000.0,-140000000.0,-116000000.0,-204000000.0,-460000000.0,35000000,2018-03-29,146.8000030517578,150.39999389648438,146.75999450683594,149.72000122070312,145.48062133789062,1666400.0
2018-06-30,3295000000.0,-697000000.0,2598000000.0,-2321000000.0,-2288000000.0,,,277000000.0,-32000000.0,-32000000.0,245000000,16000000.0,261000000,-73000000.0,188000000,,186000000,186000000,2715000000.0,1487000000.0,1618000000.0,6168000000.0,1823000000.0,843000000.0,3733000000.0,6399000000.0,12567000000,3127000000.0,183000000.0,3310000000.0,3361000000.0,4547000000.0,7857000000,3978000000.0,-7896000000.0,9040000000.0,4710000000.0,12567000000,188000000.0,142000000.0,87000000.0,225000000.0,,,,,642000000.0,-261000000.0,47000000.0,0.0,-214000000.0,-139000000.0,-115000000.0,-58000000.0,-350000000.0,41000000,2018-06-29,144.0,144.57000732421875,142.66000366210938,142.69000244140625,139.00149536132812,2230400.0
2018-09-30,3524000000.0,-823000000.0,2701000000.0,-2049000000.0,-2008000000.0,,,652000000.0,-34000000.0,-34000000.0,618000000,15000000.0,633000000,-131000000.0,502000000,,500000000,500000000,1993000000.0,2214000000.0,1681000000.0,6249000000.0,1838000000.0,661000000.0,3795000000.0,6294000000.0,12543000000,3380000000.0,183000000.0,3563000000.0,3361000000.0,4550000000.0,8113000000,4071000000.0,-8426000000.0,9170000000.0,4430000000.0,12543000000,502000000.0,132000000.0,49000000.0,-802000000.0,,,,,-119000000.0,-128000000.0,159000000.0,,31000000.0,-141000000.0,-3000000.0,-497000000.0,-642000000.0,-738000000,2018-09-28,143.72999572753906,145.66000366210938,143.72999572753906,145.32000732421875,141.9477996826172,1631700.0
2018-12-31,4005000000.0,-910000000.0,3095000000.0,-2324000000.0,-2257000000.0,,,771000000.0,-35000000.0,-35000000.0,736000000,12000000.0,748000000,-171000000.0,577000000,,573000000,573000000,2401000000.0,2000000000.0,1651000000.0,6440000000.0,1859000000.0,600000000.0,3777000000.0,6236000000.0,12676000000,3758000000.0,18000000.0,3776000000.0,3373000000.0,4567000000.0,8343000000,4168000000.0,-9018000000.0,9586000000.0,4333000000.0,12676000000,577000000.0,137000000.0,80000000.0,598000000.0,,,,,1392000000.0,-164000000.0,98000000.0,,-66000000.0,-156000000.0,-166000000.0,-570000000.0,-894000000.0,433000000,2018-12-31,129.72999572753906,130.94999694824222,129.08999633789062,130.10000610351562,127.47193908691406,1233400.0
2019-03-31,3744000000.0,-819000000.0,2925000000.0,-2251000000.0,-2170000000.0,,,674000000.0,39000000.0,-32000000.0,713000000,14000000.0,727000000,-170000000.0,557000000,,555000000,555000000,2902000000.0,2036000000.0,1814000000.0,7160000000.0,1891000000.0,173000000.0,3707000000.0,5771000000.0,12931000000,3715000000.0,516000000.0,4231000000.0,2883000000.0,4083000000.0,8314000000,4337000000.0,-9235000000.0,9984000000.0,4617000000.0,12931000000,557000000.0,135000000.0,46000000.0,-255000000.0,,,,,483000000.0,-149000000.0,958000000.0,,809000000.0,-156000000.0,1000000.0,-123000000.0,-278000000.0,1026000000,2019-03-29,164.74000549316406,165.75999450683594,164.22000122070312,165.5500030517578,162.65292358398438,1062100.0
2019-06-30,3590000000.0,-835000000.0,2755000000.0,-2539000000.0,-2422000000.0,,,216000000.0,-32000000.0,-32000000.0,184000000,15000000.0,199000000,-41000000.0,158000000,,157000000,157000000,2987000000.0,1831000000.0,2006000000.0,7212000000.0,2068000000.0,,3876000000.0,5944000000.0,13156000000,4089000000.0,516000000.0,4605000000.0,2896000000.0,4140000000.0,8745000000,4409000000.0,-9444000000.0,9984000000.0,4411000000.0,13156000000,158000000.0,153000000.0,-7000000.0,457000000.0,,,,,761000000.0,-301000000.0,0.0,,-301000000.0,-156000000.0,-4000000.0,-173000000.0,-359000000.0,85000000,2019-06-28,182.6000061035156,183.44000244140625,182.25,183.1100006103516,180.37841796875,1235800.0
2019-09-30,3895000000.0,-908000000.0,2987000000.0,-2208000000.0,-2185000000.0,,,779000000.0,-32000000.0,-32000000.0,747000000,13000000.0,760000000,-162000000.0,598000000,,595000000,595000000,2259000000.0,2294000000.0,2055000000.0,7022000000.0,2018000000.0,,6391000000.0,8409000000.0,15431000000,3724000000.0,520000000.0,4590000000.0,2895000000.0,6283000000.0,10873000000,4520000000.0,-9756000000.0,10393000000.0,4558000000.0,15431000000,598000000.0,143000000.0,79000000.0,-990000000.0,,,,,-170000000.0,-125000000.0,-5000000.0,,-128000000.0,-156000000.0,0.0,-258000000.0,-416000000.0,-728000000,2019-09-30,195.55999755859372,199.50999450683597,195.55999755859372,198.9499969482422,196.3990631103516,1321500.0
2019-12-31,4624000000.0,-1041000000.0,3583000000.0,-2538000000.0,-2538000000.0,,,1045000000.0,538000000.0,-38000000.0,1583000000,-772000000.0,811000000,-250000000.0,561000000,,557000000,557000000,3596000000.0,2225000000.0,2058000000.0,8348000000.0,2086000000.0,,7503000000.0,9589000000.0,17937000000,4062000000.0,522000000.0,4953000000.0,4662000000.0,8383000000.0,13336000000,4621000000.0,-10253000000.0,10775000000.0,4601000000.0,17937000000,561000000.0,144000000.0,287000000.0,433000000.0,,,,,1425000000.0,-166000000.0,0.0,-1040000000.0,-1222000000.0,-174000000.0,1783000000.0,-555000000.0,1103000000.0,1337000000,2019-12-31,205.6999969482422,207.1100006103516,205.58999633789062,206.5399932861328,204.39378356933597,541500.0
2020-03-31,3345000000.0,-836000000.0,2509000000.0,-2030000000.0,-2030000000.0,,,479000000.0,-28000000.0,-28000000.0,451000000,-371000000.0,80000000,-84000000.0,-4000000,,-6000000,-6000000,4876000000.0,1846000000.0,2087000000.0,9233000000.0,2092000000.0,,7038000000.0,9130000000.0,18363000000,3783000000.0,1527000000.0,5681000000.0,4674000000.0,8324000000.0,14005000000,4766000000.0,-10320000000.0,10595000000.0,4358000000.0,18363000000,-4000000.0,160000000.0,362000000.0,172000000.0,,,,,690000000.0,-177000000.0,0.0,-7000000.0,-207000000.0,-172000000.0,1003000000.0,-70000000.0,838000000.0,1280000000,2020-03-31,163.5500030517578,163.6199951171875,158.49000549316406,159.33999633789062,158.0851287841797,2209200.0
2020-06-30,2430000000.0,-767000000.0,1663000000.0,-3360000000.0,-1884000000.0,,,-1697000000.0,-82000000.0,-63000000.0,-1779000000,1174000000.0,-605000000,146000000.0,-459000000,,-462000000,-462000000,5022000000.0,1194000000.0,2062000000.0,8892000000.0,2055000000.0,,6834000000.0,8889000000.0,17781000000,3582000000.0,1222000000.0,5179000000.0,4914000000.0,8640000000.0,13819000000,4796000000.0,-10330000000.0,10134000000.0,3962000000.0,17781000000,-459000000.0,164000000.0,256000000.0,374000000.0,,,,,335000000.0,-155000000.0,0.0,0.0,-141000000.0,-1000000.0,-63000000.0,170000000.0,-64000000.0,146000000,2020-06-30,185.5800018310547,189.22999572753903,185.1000061035156,188.67999267578125,187.19406127929688,1339500.0
