Report Date,Revenue,Cost of Revenue,Gross Profit,Operating Expenses,"Selling, General & Administrative",Research & Development,Depreciation & Amortization,Operating Income (Loss),Non-Operating Income (Loss),"Interest Expense, Net","Pretax Income (Loss), Adj.",Abnormal Gains (Losses),Pretax Income (Loss),"Income Tax (Expense) Benefit, Net",Income (Loss) from Continuing Operations,Net Extraordinary Gains (Losses),Net Income,Net Income (Common),"Cash, Cash Equivalents & Short Term Investments",Accounts & Notes Receivable,Inventories,Total Current Assets,"Property, Plant & Equipment, Net",Long Term Investments & Receivables,Other Long Term Assets,Total Noncurrent Assets,Total Assets,Payables & Accruals,Short Term Debt,Total Current Liabilities,Long Term Debt,Total Noncurrent Liabilities,Total Liabilities,Share Capital & Additional Paid-In Capital,Treasury Stock,Retained Earnings,Total Equity,Total Liabilities & Equity,Net Income/Starting Line,Depreciation & Amortization,Non-Cash Items,Change in Working Capital,Change in Accounts Receivable,Change in Inventories,Change in Accounts Payable,Change in Other,Net Cash from Operating Activities,Change in Fixed Assets & Intangibles,Net Change in Long Term Investment,Net Cash from Acquisitions & Divestitures,Net Cash from Investing Activities,Dividends Paid,Cash from (Repayment of) Debt,Cash from (Repurchase of) Equity,Net Cash from Financing Activities,Net Change in Cash,Price Date,Open,High,Low,Close,Adj Close,Volume
2009-06-30,1253000000.0,-993000000.0,260000000.0,-132000000.0,-98000000.0,-34000000.0,,128000000.0,-25000000.0,-20000000.0,103000000,3000000.0,106000000,-41000000.0,65000000,,65000000,65000000,450000000.0,328000000.0,443000000.0,1405000000.0,3272000000.0,,679000000.0,3951000000.0,5356000000,706000000.0,11000000.0,717000000.0,1440000000.0,3064000000.0,3781000000,644000000.0,-1314000000.0,2566000000.0,1575000000.0,5356000000,65000000.0,67000000.0,64000000.0,59000000.0,,,,,255000000.0,-93000000.0,,-16000000.0,-118000000.0,-32000000.0,1000000.0,4000000.0,-27000000.0,110000000,2009-06-30,19.3799991607666,19.424999237060547,18.76499938964844,18.950000762939453,13.957958221435547,1653600.0
2009-09-30,1337000000.0,-1009000000.0,328000000.0,-137000000.0,-104000000.0,-33000000.0,,191000000.0,-21000000.0,-19000000.0,170000000,0.0,170000000,-69000000.0,101000000,,101000000,101000000,668000000.0,316000000.0,495000000.0,1580000000.0,3273000000.0,,701000000.0,3974000000.0,5554000000,827000000.0,1000000.0,828000000.0,1440000000.0,3081000000.0,3909000000,650000000.0,-1314000000.0,2635000000.0,1645000000.0,5554000000,101000000.0,69000000.0,139000000.0,22000000.0,,,,,331000000.0,-64000000.0,,-16000000.0,-87000000.0,-32000000.0,0.0,6000000.0,-26000000.0,218000000,2009-09-30,27.53499984741211,27.57500076293945,26.56999969482422,26.770000457763672,19.8857364654541,2422200.0
2009-12-31,677000000.0,-412000000.0,265000000.0,-94000000.0,-71000000.0,-23000000.0,,171000000.0,-22000000.0,-20000000.0,149000000,-173000000.0,-24000000,10000000.0,-14000000,-18000000.0,-32000000,-32000000,793000000.0,277000000.0,531000000.0,1735000000.0,3110000000.0,,670000000.0,3780000000.0,5515000000,800000000.0,0.0,800000000.0,1604000000.0,3202000000.0,4002000000,662000000.0,-1335000000.0,2571000000.0,1513000000.0,5515000000,-32000000.0,71000000.0,166000000.0,-115000000.0,,,,,90000000.0,-37000000.0,,-16000000.0,-56000000.0,-32000000.0,143000000.0,-19000000.0,92000000.0,125000000,2009-12-31,30.67499923706055,30.70000076293945,30.084999084472656,30.1200008392334,22.541690826416016,793200.0
2010-03-31,1370000000.0,-1053000000.0,317000000.0,-128000000.0,-95000000.0,-33000000.0,,189000000.0,-32000000.0,-25000000.0,157000000,,157000000,-52000000.0,105000000,-4000000.0,101000000,101000000,483000000.0,687000000.0,588000000.0,1877000000.0,3167000000.0,,604000000.0,3771000000.0,5648000000,866000000.0,4000000.0,870000000.0,1603000000.0,3209000000.0,4079000000,672000000.0,-1355000000.0,2640000000.0,1569000000.0,5648000000,101000000.0,69000000.0,28000000.0,-423000000.0,,,,,-225000000.0,-27000000.0,,-18000000.0,-47000000.0,-32000000.0,2000000.0,-8000000.0,-38000000.0,-310000000,2010-03-31,32.060001373291016,32.334999084472656,31.78499984741211,31.84000015258789,24.000417709350586,1810400.0
2010-06-30,1502000000.0,-1118000000.0,384000000.0,-135000000.0,-102000000.0,-33000000.0,,249000000.0,-32000000.0,-25000000.0,217000000,-3000000.0,214000000,-73000000.0,141000000,7000000.0,148000000,148000000,435000000.0,721000000.0,635000000.0,1909000000.0,3155000000.0,,735000000.0,3890000000.0,5799000000,880000000.0,6000000.0,886000000.0,1605000000.0,3236000000.0,4122000000,698000000.0,-1388000000.0,2756000000.0,1677000000.0,5799000000,148000000.0,70000000.0,8000000.0,-20000000.0,,,,,206000000.0,-38000000.0,,-171000000.0,-210000000.0,-32000000.0,-1000000.0,-12000000.0,-45000000.0,-48000000,2010-06-30,27.35000038146973,27.795000076293945,26.625,26.68000030517578,20.264278411865234,3518200.0
2010-09-30,1507000000.0,-1085000000.0,422000000.0,-156000000.0,-114000000.0,-42000000.0,,266000000.0,-22000000.0,-25000000.0,244000000,0.0,244000000,-82000000.0,162000000,8000000.0,170000000,170000000,642000000.0,701000000.0,652000000.0,2101000000.0,3166000000.0,,722000000.0,3888000000.0,5989000000,936000000.0,4000000.0,940000000.0,1602000000.0,3239000000.0,4179000000,711000000.0,-1403000000.0,2894000000.0,1810000000.0,5989000000,170000000.0,73000000.0,62000000.0,11000000.0,,,,,316000000.0,-57000000.0,,0.0,-66000000.0,-32000000.0,-4000000.0,-7000000.0,-43000000.0,207000000,2010-09-30,37.01499938964844,37.42499923706055,36.59500122070313,37.0,28.293989181518555,2505600.0
2010-12-31,1463000000.0,-1127000000.0,336000000.0,-167000000.0,-123000000.0,-44000000.0,,169000000.0,-23000000.0,-24000000.0,146000000,-141000000.0,5000000,5000000.0,10000000,-2000000.0,6000000,6000000,516000000.0,545000000.0,608000000.0,2047000000.0,3219000000.0,,720000000.0,3939000000.0,5986000000,1012000000.0,6000000.0,1070000000.0,1598000000.0,3289000000.0,4359000000,795000000.0,-1615000000.0,2879000000.0,1627000000.0,5986000000,8000000.0,68000000.0,136000000.0,66000000.0,,,,,278000000.0,-108000000.0,,-1000000.0,-119000000.0,-31000000.0,-119000000.0,-135000000.0,-285000000.0,-126000000,2010-12-31,41.93000030517578,42.28499984741211,41.81499862670898,42.040000915527344,32.333187103271484,836200.0
2011-03-31,1758000000.0,-1300000000.0,458000000.0,-144000000.0,-108000000.0,-36000000.0,,314000000.0,-13000000.0,-19000000.0,301000000,,301000000,-100000000.0,201000000,39000000.0,240000000,240000000,840000000.0,777000000.0,675000000.0,2434000000.0,2886000000.0,,689000000.0,3575000000.0,6009000000,1048000000.0,7000000.0,1055000000.0,1596000000.0,3137000000.0,4192000000,856000000.0,-1688000000.0,3066000000.0,1817000000.0,6009000000,240000000.0,68000000.0,-184000000.0,-270000000.0,,,,,-146000000.0,520000000.0,,0.0,307000000.0,-34000000.0,1000000.0,-4000000.0,-37000000.0,124000000,2011-03-31,49.43999862670898,49.90499877929688,49.4000015258789,49.65999984741211,38.38725662231445,816800.0
2011-06-30,1885000000.0,-1411000000.0,474000000.0,-156000000.0,-118000000.0,-38000000.0,,318000000.0,-13000000.0,-18000000.0,305000000,15000000.0,320000000,-101000000.0,219000000,1000000.0,220000000,220000000,834000000.0,769000000.0,748000000.0,2508000000.0,2919000000.0,,687000000.0,3606000000.0,6114000000,1037000000.0,155000000.0,1192000000.0,1446000000.0,3015000000.0,4207000000,877000000.0,-1791000000.0,3244000000.0,1907000000.0,6114000000,220000000.0,67000000.0,-87000000.0,7000000.0,,,,,207000000.0,-82000000.0,,0.0,-80000000.0,-33000000.0,-2000000.0,-98000000.0,-133000000.0,-6000000,2011-06-30,50.7400016784668,51.31000137329102,50.22000122070313,51.03499984741211,39.63695526123047,1481400.0
2011-09-30,1812000000.0,-1379000000.0,433000000.0,-155000000.0,-114000000.0,-41000000.0,,278000000.0,-17000000.0,-20000000.0,261000000,-7000000.0,254000000,-80000000.0,174000000,0.0,174000000,174000000,649000000.0,711000000.0,850000000.0,2354000000.0,3058000000.0,,771000000.0,3829000000.0,6183000000,1047000000.0,154000000.0,1201000000.0,1445000000.0,3073000000.0,4274000000,890000000.0,-1906000000.0,3372000000.0,1909000000.0,6183000000,174000000.0,69000000.0,44000000.0,-75000000.0,,,,,212000000.0,-120000000.0,,-154000000.0,-243000000.0,-33000000.0,0.0,-123000000.0,-156000000.0,-186000000,2011-09-30,34.825000762939446,35.14500045776367,34.110000610351555,34.264999389648445,26.80583953857422,2852400.0
2011-12-31,1723000000.0,-1519000000.0,204000000.0,-185000000.0,-141000000.0,-44000000.0,,19000000.0,-13000000.0,-19000000.0,6000000,0.0,6000000,7000000.0,13000000,0.0,12000000,12000000,777000000.0,632000000.0,779000000.0,2302000000.0,3107000000.0,,775000000.0,3882000000.0,6184000000,961000000.0,153000000.0,1114000000.0,1445000000.0,3169000000.0,4283000000,902000000.0,-1930000000.0,2760000000.0,1901000000.0,6184000000,13000000.0,69000000.0,212000000.0,58000000.0,,,,,352000000.0,-124000000.0,,-2000000.0,-126000000.0,-36000000.0,-36000000.0,-22000000.0,-97000000.0,129000000,2011-12-30,39.27000045776367,39.52999877929688,39.060001373291016,39.060001373291016,30.77273178100586,1090700.0
2012-03-31,1821000000.0,-1390000000.0,431000000.0,-167000000.0,-126000000.0,-41000000.0,,264000000.0,-19000000.0,-19000000.0,245000000,0.0,245000000,-85000000.0,160000000,-1000000.0,158000000,158000000,649000000.0,740000000.0,768000000.0,2264000000.0,3136000000.0,,791000000.0,3927000000.0,6191000000,846000000.0,151000000.0,997000000.0,1444000000.0,3169000000.0,4166000000,920000000.0,-1930000000.0,2882000000.0,2025000000.0,6191000000,159000000.0,69000000.0,-100000000.0,-109000000.0,,,,,19000000.0,-84000000.0,,-10000000.0,-10000000.0,-36000000.0,4000000.0,15000000.0,-17000000.0,-8000000,2012-03-30,51.63999938964844,51.84000015258789,51.06999969482422,51.68999862670898,40.92892837524414,2303600.0
2012-06-30,1853000000.0,-1372000000.0,481000000.0,-164000000.0,-121000000.0,-43000000.0,,317000000.0,-48000000.0,-28000000.0,269000000,0.0,269000000,-91000000.0,178000000,2000000.0,179000000,179000000,3000000000.0,732000000.0,775000000.0,4630000000.0,3135000000.0,,801000000.0,3936000000.0,8566000000,894000000.0,5000000.0,899000000.0,3830000000.0,5544000000.0,6443000000,938000000.0,-1929000000.0,3024000000.0,2123000000.0,8566000000,180000000.0,71000000.0,92000000.0,-27000000.0,,,,,316000000.0,-87000000.0,,0.0,-9000000.0,-35000000.0,2160000000.0,0.0,2124000000.0,2431000000,2012-06-29,49.56999969482422,50.6500015258789,49.2400016784668,50.36999893188477,40.10389709472656,2532800.0
2012-09-30,2259000000.0,-1734000000.0,525000000.0,-225000000.0,-173000000.0,-52000000.0,,300000000.0,-42000000.0,-48000000.0,258000000,-37000000.0,221000000,-64000000.0,157000000,0.0,154000000,154000000,237000000.0,954000000.0,1269000000.0,2673000000.0,4113000000.0,,4859000000.0,8972000000.0,11645000000,1344000000.0,120000000.0,1464000000.0,4865000000.0,7171000000.0,8635000000,1691000000.0,-1929000000.0,3139000000.0,3010000000.0,11645000000,157000000.0,112000000.0,-32000000.0,116000000.0,,,,,353000000.0,-119000000.0,,-2658000000.0,-2776000000.0,-36000000.0,-320000000.0,17000000.0,-342000000.0,-2763000000,2012-09-28,56.06000137329102,57.25,55.66999816894531,57.0099983215332,45.60027313232422,1554200.0
2012-12-31,2169000000.0,-1844000000.0,325000000.0,-286000000.0,-224000000.0,-62000000.0,,39000000.0,-42000000.0,-48000000.0,-3000000,-83000000.0,-86000000,34000000.0,-52000000,0.0,-54000000,-54000000,249000000.0,846000000.0,1260000000.0,2699000000.0,4181000000.0,,4830000000.0,9011000000.0,11710000000,1360000000.0,4000000.0,1364000000.0,4779000000.0,7318000000.0,8682000000,1711000000.0,-1929000000.0,3038000000.0,3028000000.0,11710000000,-52000000.0,108000000.0,268000000.0,116000000.0,,,,,440000000.0,-168000000.0,,-1000000.0,-167000000.0,-85000000.0,-200000000.0,24000000.0,-261000000.0,12000000,2012-12-31,66.05999755859375,68.22000122070311,66.04000091552734,68.05000305175781,54.68854522705078,1511100.0
2013-03-31,2307000000.0,-1691000000.0,616000000.0,-220000000.0,-171000000.0,-49000000.0,,396000000.0,-48000000.0,-47000000.0,348000000,-3000000.0,345000000,-97000000.0,248000000,,247000000,247000000,178000000.0,990000000.0,1301000000.0,2737000000.0,4154000000.0,,4796000000.0,8950000000.0,11687000000,1289000000.0,4000000.0,1293000000.0,4779000000.0,7206000000.0,8499000000,1742000000.0,-1961000000.0,3239000000.0,3188000000.0,11687000000,248000000.0,110000000.0,-118000000.0,-235000000.0,,,,,5000000.0,-82000000.0,,,-83000000.0,-1000000.0,0.0,14000000.0,10000000.0,-71000000,2013-03-28,69.23000335693361,70.4800033569336,69.12000274658203,69.87000274658203,56.38239288330078,1325100.0
2013-06-30,2440000000.0,-1763000000.0,677000000.0,-231000000.0,-180000000.0,-51000000.0,,446000000.0,-46000000.0,-46000000.0,400000000,-18000000.0,382000000,-116000000.0,266000000,0.0,264000000,264000000,234000000.0,1053000000.0,1286000000.0,2838000000.0,4177000000.0,,4747000000.0,8924000000.0,11762000000,1309000000.0,0.0,1309000000.0,4679000000.0,7080000000.0,8389000000,1751000000.0,-2007000000.0,3456000000.0,3373000000.0,11762000000,266000000.0,108000000.0,34000000.0,-46000000.0,,,,,362000000.0,-100000000.0,,0.0,-108000000.0,-46000000.0,-105000000.0,-45000000.0,-200000000.0,56000000,2013-06-28,71.80999755859375,72.33000183105469,69.95999908447266,70.01000213623047,56.74064254760742,2440200.0
2013-09-30,2338000000.0,-1649000000.0,689000000.0,-207000000.0,-159000000.0,-48000000.0,,482000000.0,-45000000.0,-44000000.0,437000000,-3000000.0,434000000,-125000000.0,309000000,0.0,308000000,308000000,222000000.0,967000000.0,1274000000.0,2767000000.0,4217000000.0,,4743000000.0,8960000000.0,11727000000,1323000000.0,0.0,1323000000.0,4429000000.0,6735000000.0,8058000000,1765000000.0,-2042000000.0,3718000000.0,3669000000.0,11727000000,309000000.0,108000000.0,-71000000.0,81000000.0,,,,,427000000.0,-124000000.0,,0.0,-117000000.0,-47000000.0,-250000000.0,-27000000.0,-327000000.0,-12000000,2013-09-30,76.79000091552734,78.27999877929688,76.62000274658203,77.9000015258789,63.3797721862793,984300.0
2013-12-31,2265000000.0,-1471000000.0,794000000.0,-180000000.0,-135000000.0,-45000000.0,,614000000.0,-44000000.0,-43000000.0,570000000,-52000000.0,518000000,-169000000.0,349000000,0.0,346000000,346000000,237000000.0,880000000.0,1264000000.0,2840000000.0,4290000000.0,,4715000000.0,9005000000.0,11845000000,1470000000.0,0.0,1470000000.0,4254000000.0,6500000000.0,7970000000,1780000000.0,-2167000000.0,4012000000.0,3875000000.0,11845000000,349000000.0,107000000.0,-107000000.0,154000000.0,,,,,503000000.0,-146000000.0,,0.0,-149000000.0,-46000000.0,-175000000.0,-121000000.0,-342000000.0,15000000,2013-12-31,79.87999725341797,80.83999633789062,79.83999633789062,80.69999694824219,65.96754455566406,2192500.0
2014-03-31,2305000000.0,-1710000000.0,595000000.0,-221000000.0,-168000000.0,-53000000.0,,374000000.0,-39000000.0,-42000000.0,335000000,-13000000.0,322000000,-88000000.0,234000000,,233000000,233000000,185000000.0,998000000.0,1377000000.0,2949000000.0,4301000000.0,,4697000000.0,8998000000.0,11947000000,1259000000.0,0.0,1259000000.0,4635000000.0,6880000000.0,8139000000,1797000000.0,-2427000000.0,4191000000.0,3808000000.0,11947000000,234000000.0,107000000.0,-116000000.0,-255000000.0,,,,,-30000000.0,-118000000.0,,,-119000000.0,-53000000.0,382000000.0,-228000000.0,98000000.0,-52000000,2014-03-31,86.0,86.45999908447266,85.6500015258789,86.20999908447266,70.75801086425781,865300.0
2014-06-30,2460000000.0,-1803000000.0,657000000.0,-228000000.0,-172000000.0,-56000000.0,,429000000.0,-37000000.0,-45000000.0,392000000,7000000.0,399000000,-107000000.0,292000000,2000000.0,292000000,292000000,175000000.0,1071000000.0,1354000000.0,2986000000.0,4343000000.0,,4909000000.0,9252000000.0,12238000000,1274000000.0,0.0,1274000000.0,4773000000.0,7005000000.0,8279000000,1805000000.0,-2527000000.0,4431000000.0,3959000000.0,12238000000,294000000.0,110000000.0,49000000.0,-34000000.0,,,,,419000000.0,-124000000.0,,-283000000.0,-405000000.0,-53000000.0,134000000.0,-102000000.0,-27000000.0,-10000000,2014-06-30,87.41000366210938,87.58999633789062,86.44999694824219,87.3499984741211,71.97366333007812,884900.0
2014-09-30,2413000000.0,-1777000000.0,636000000.0,-227000000.0,-171000000.0,-56000000.0,,409000000.0,-40000000.0,-45000000.0,369000000,-71000000.0,298000000,-86000000.0,212000000,0.0,210000000,210000000,212000000.0,985000000.0,1358000000.0,2890000000.0,4352000000.0,,4893000000.0,9245000000.0,12135000000,1398000000.0,0.0,1398000000.0,4563000000.0,6758000000.0,8156000000,1812000000.0,-2577000000.0,4588000000.0,3979000000.0,12135000000,212000000.0,111000000.0,154000000.0,83000000.0,,,,,560000000.0,-151000000.0,,-42000000.0,-194000000.0,-53000000.0,-211000000.0,-58000000.0,-322000000.0,37000000,2014-09-30,82.33000183105469,82.52999877929688,80.7300033569336,80.88999938964844,66.93114471435547,1047400.0
2014-12-31,2349000000.0,-2016000000.0,333000000.0,-306000000.0,-244000000.0,-62000000.0,,27000000.0,-56000000.0,-55000000.0,-29000000,0.0,-29000000,46000000.0,17000000,0.0,16000000,16000000,214000000.0,936000000.0,1509000000.0,3173000000.0,5087000000.0,,7812000000.0,12899000000.0,16072000000,1721000000.0,301000000.0,2022000000.0,7248000000.0,10460000000.0,12482000000,1819000000.0,-2577000000.0,4545000000.0,3590000000.0,16072000000,17000000.0,122000000.0,211000000.0,134000000.0,,,,,484000000.0,-187000000.0,,-3184000000.0,-3373000000.0,-51000000.0,2945000000.0,-4000000.0,2890000000.0,2000000,2014-12-31,76.5999984741211,76.9000015258789,75.80000305175781,75.86000061035156,63.10188293457031,1022000.0
2015-03-31,2443000000.0,-1787000000.0,656000000.0,-236000000.0,-180000000.0,-56000000.0,,420000000.0,-55000000.0,-66000000.0,365000000,-109000000.0,256000000,-84000000.0,172000000,,171000000,171000000,196000000.0,998000000.0,1447000000.0,3166000000.0,4957000000.0,,7711000000.0,12668000000.0,15834000000,1413000000.0,351000000.0,1764000000.0,7293000000.0,10548000000.0,12312000000,1831000000.0,-2603000000.0,4656000000.0,3522000000.0,15834000000,172000000.0,145000000.0,-48000000.0,-178000000.0,,,,,91000000.0,-121000000.0,,0.0,-122000000.0,-59000000.0,93000000.0,-15000000.0,17000000.0,-18000000,2015-03-31,69.62000274658203,70.12000274658203,69.01000213623047,69.26000213623047,57.94120788574219,1652400.0
2015-06-30,2533000000.0,-1813000000.0,720000000.0,-251000000.0,-194000000.0,-57000000.0,,469000000.0,-66000000.0,-66000000.0,403000000,0.0,403000000,-104000000.0,299000000,,297000000,297000000,268000000.0,1021000000.0,1439000000.0,3167000000.0,5011000000.0,,7708000000.0,12719000000.0,15886000000,1570000000.0,251000000.0,1821000000.0,7072000000.0,10220000000.0,12041000000,1842000000.0,-2608000000.0,4893000000.0,3845000000.0,15886000000,299000000.0,142000000.0,141000000.0,9000000.0,,,,,591000000.0,-141000000.0,,0.0,-143000000.0,-60000000.0,-311000000.0,-4000000.0,-376000000.0,72000000,2015-06-30,83.08999633789062,83.68000030517578,81.2699966430664,81.81999969482422,68.79884338378906,2121100.0
2015-09-30,2447000000.0,-1752000000.0,695000000.0,-242000000.0,-183000000.0,-59000000.0,,453000000.0,-79000000.0,-66000000.0,374000000,-21000000.0,353000000,-95000000.0,258000000,,256000000,256000000,309000000.0,968000000.0,1484000000.0,3182000000.0,5045000000.0,,7653000000.0,12698000000.0,15880000000,1549000000.0,251000000.0,1800000000.0,7029000000.0,10124000000.0,11924000000,1858000000.0,-2625000000.0,5090000000.0,3956000000.0,15880000000,258000000.0,142000000.0,15000000.0,-47000000.0,,,,,368000000.0,-160000000.0,,-45000000.0,-202000000.0,-60000000.0,-50000000.0,-9000000.0,-122000000.0,41000000,2015-09-30,64.12000274658203,65.62000274658203,63.90999984741211,64.72000122070311,54.73105239868164,1558800.0
2015-12-31,2225000000.0,-1716000000.0,509000000.0,-284000000.0,-214000000.0,-70000000.0,,225000000.0,-55000000.0,-65000000.0,170000000,-53000000.0,117000000,8000000.0,125000000,,124000000,124000000,293000000.0,792000000.0,1479000000.0,2878000000.0,5130000000.0,,7572000000.0,12702000000.0,15580000000,1625000000.0,431000000.0,2056000000.0,6577000000.0,9503000000.0,11559000000,1865000000.0,-2680000000.0,5146000000.0,4021000000.0,15580000000,125000000.0,142000000.0,105000000.0,202000000.0,,,,,574000000.0,-226000000.0,,0.0,-226000000.0,-59000000.0,-237000000.0,-67000000.0,-363000000.0,-16000000,2015-12-31,67.44999694824219,68.25,67.27999877929689,67.51000213623047,57.46332931518555,565000.0
2016-03-31,2236000000.0,-1602000000.0,634000000.0,-237000000.0,-183000000.0,-54000000.0,,397000000.0,-76000000.0,-64000000.0,321000000,2000000.0,323000000,-72000000.0,251000000,,251000000,251000000,202000000.0,951000000.0,1493000000.0,2863000000.0,5185000000.0,,7568000000.0,12753000000.0,15616000000,1334000000.0,513000000.0,1847000000.0,6565000000.0,9484000000.0,11331000000,1879000000.0,-2700000000.0,5330000000.0,4285000000.0,15616000000,251000000.0,147000000.0,-139000000.0,-208000000.0,,,,,51000000.0,-104000000.0,,-21000000.0,-126000000.0,-68000000.0,72000000.0,-20000000.0,-16000000.0,-91000000,2016-03-31,73.08999633789062,73.0999984741211,71.98999786376953,72.2300033569336,61.89118957519531,1685900.0
2016-06-30,2297000000.0,-1692000000.0,605000000.0,-229000000.0,-174000000.0,-55000000.0,,376000000.0,-43000000.0,-63000000.0,333000000,-9000000.0,324000000,-67000000.0,257000000,,255000000,255000000,240000000.0,951000000.0,1445000000.0,2930000000.0,5162000000.0,,7490000000.0,12652000000.0,15582000000,1467000000.0,722000000.0,2189000000.0,6082000000.0,8940000000.0,11129000000,1894000000.0,-2725000000.0,5517000000.0,4453000000.0,15582000000,257000000.0,144000000.0,71000000.0,22000000.0,,,,,494000000.0,-89000000.0,,-1000000.0,-86000000.0,-68000000.0,-280000000.0,-17000000.0,-369000000.0,38000000,2016-06-30,67.59999847412111,67.91000366210939,66.62000274658203,67.90000152587889,58.55042266845703,2829100.0
2016-09-30,2287000000.0,-1666000000.0,621000000.0,-235000000.0,-181000000.0,-54000000.0,,386000000.0,-67000000.0,-64000000.0,319000000,-30000000.0,289000000,-56000000.0,233000000,,232000000,232000000,207000000.0,905000000.0,1471000000.0,2900000000.0,5197000000.0,,7392000000.0,12589000000.0,15489000000,1531000000.0,675000000.0,2206000000.0,5933000000.0,8767000000.0,10973000000,1909000000.0,-2800000000.0,5680000000.0,4516000000.0,15489000000,233000000.0,145000000.0,45000000.0,27000000.0,,,,,450000000.0,-141000000.0,,-4000000.0,-147000000.0,-68000000.0,-197000000.0,-67000000.0,-336000000.0,-33000000,2016-09-30,66.86000061035156,68.09999847412111,66.76000213623047,67.68000030517578,58.77558517456055,1686000.0
2016-12-31,2188000000.0,-1698000000.0,490000000.0,-221000000.0,-165000000.0,-56000000.0,,269000000.0,-63000000.0,-64000000.0,206000000,-93000000.0,113000000,5000000.0,118000000,0.0,116000000,116000000,181000000.0,812000000.0,1404000000.0,2866000000.0,5276000000.0,,7315000000.0,12591000000.0,15457000000,1512000000.0,283000000.0,1795000000.0,6311000000.0,9054000000.0,10849000000,1917000000.0,-2825000000.0,5721000000.0,4608000000.0,15457000000,118000000.0,144000000.0,-63000000.0,191000000.0,,,,,390000000.0,-251000000.0,,0.0,-296000000.0,-68000000.0,-23000000.0,-26000000.0,-117000000.0,-26000000,2016-12-30,75.76000213623047,75.86000061035156,74.91999816894531,75.20999908447266,65.75088500976561,569900.0
2017-03-31,2303000000.0,-1698000000.0,605000000.0,-208000000.0,-179000000.0,-57000000.0,,397000000.0,-56000000.0,-60000000.0,341000000,0.0,341000000,-62000000.0,279000000,,278000000,278000000,197000000.0,982000000.0,1495000000.0,3165000000.0,5321000000.0,,7269000000.0,12590000000.0,15755000000,1332000000.0,305000000.0,1637000000.0,6578000000.0,9391000000.0,11028000000,1932000000.0,-2900000000.0,5925000000.0,4727000000.0,15755000000,279000000.0,145000000.0,-115000000.0,-257000000.0,,,,,52000000.0,-132000000.0,,-4000000.0,-136000000.0,-75000000.0,250000000.0,-73000000.0,102000000.0,16000000,2017-03-31,80.83000183105469,81.30000305175781,80.44000244140625,80.80000305175781,71.10498046875,1583300.0
2017-06-30,2419000000.0,-1789000000.0,630000000.0,-209000000.0,-181000000.0,-58000000.0,,421000000.0,-62000000.0,-61000000.0,359000000,0.0,359000000,-65000000.0,294000000,,292000000,292000000,222000000.0,1018000000.0,1540000000.0,3262000000.0,5403000000.0,,7299000000.0,12702000000.0,15964000000,1384000000.0,212000000.0,1596000000.0,6669000000.0,9478000000.0,11074000000,1956000000.0,-3000000000.0,6142000000.0,4890000000.0,15964000000,294000000.0,147000000.0,35000000.0,-45000000.0,,,,,431000000.0,-146000000.0,,0.0,-147000000.0,-74000000.0,-95000000.0,-90000000.0,-260000000.0,25000000,2017-06-30,83.88999938964844,84.44999694824219,83.4800033569336,83.98999786376953,74.36874389648438,708700.0
2017-09-30,2465000000.0,-1794000000.0,671000000.0,-211000000.0,-180000000.0,-59000000.0,,460000000.0,-57000000.0,-61000000.0,403000000,0.0,403000000,-79000000.0,324000000,,323000000,323000000,195000000.0,1047000000.0,1576000000.0,3245000000.0,5485000000.0,,7294000000.0,12779000000.0,16024000000,1402000000.0,369000000.0,1771000000.0,6325000000.0,9154000000.0,10925000000,1970000000.0,-3100000000.0,6391000000.0,5099000000.0,16024000000,324000000.0,148000000.0,105000000.0,-49000000.0,,,,,528000000.0,-146000000.0,,0.0,-147000000.0,-74000000.0,-234000000.0,-98000000.0,-410000000.0,-27000000,2017-09-29,89.98999786376953,90.97000122070312,89.54000091552734,90.48999786376952,80.60435485839844,2036800.0
2017-12-31,2362000000.0,-1905000000.0,457000000.0,-193000000.0,-189000000.0,-53000000.0,,264000000.0,-70000000.0,-59000000.0,194000000,-8000000.0,186000000,305000000.0,491000000,,491000000,491000000,191000000.0,1026000000.0,1509000000.0,3143000000.0,5607000000.0,,7249000000.0,12856000000.0,15999000000,1589000000.0,393000000.0,1982000000.0,6147000000.0,8537000000.0,10519000000,1985000000.0,-3175000000.0,6802000000.0,5480000000.0,15999000000,491000000.0,147000000.0,-342000000.0,350000000.0,,,,,646000000.0,-211000000.0,,0.0,-213000000.0,-73000000.0,-290000000.0,-73000000.0,-438000000.0,-4000000,2017-12-29,93.70999908447266,93.76000213623048,92.5500030517578,92.63999938964844,83.03040313720703,632400.0
2018-03-31,2607000000.0,-2026000000.0,581000000.0,-216000000.0,-190000000.0,-56000000.0,,365000000.0,-13000000.0,-59000000.0,352000000,-2000000.0,350000000,-60000000.0,290000000,,290000000,290000000,194000000.0,1430000000.0,1476000000.0,3483000000.0,5632000000.0,,7251000000.0,12883000000.0,16366000000,1440000000.0,589000000.0,2029000000.0,6311000000.0,8717000000.0,10746000000,2006000000.0,-3275000000.0,7026000000.0,5620000000.0,16366000000,290000000.0,152000000.0,-182000000.0,-295000000.0,,,,,-35000000.0,-128000000.0,,0.0,-78000000.0,-80000000.0,299000000.0,-103000000.0,116000000.0,3000000,2018-03-29,104.69000244140624,106.2300033569336,104.1999969482422,105.58000183105469,95.11522674560548,1194200.0
2018-06-30,2621000000.0,-1917000000.0,704000000.0,-219000000.0,-189000000.0,-60000000.0,,485000000.0,-51000000.0,-61000000.0,434000000,-4000000.0,430000000,-84000000.0,346000000,,344000000,344000000,193000000.0,1393000000.0,1532000000.0,3498000000.0,5570000000.0,,7192000000.0,12762000000.0,16260000000,1406000000.0,662000000.0,2068000000.0,6033000000.0,8418000000.0,10486000000,2023000000.0,-3425000000.0,7292000000.0,5774000000.0,16260000000,346000000.0,148000000.0,35000000.0,-86000000.0,,,,,443000000.0,-116000000.0,,0.0,-101000000.0,-80000000.0,-109000000.0,-148000000.0,-339000000.0,-1000000,2018-06-29,100.05999755859376,101.6500015258789,99.8499984741211,99.95999908447266,90.5196304321289,1179000.0
2018-09-30,2547000000.0,-1819000000.0,728000000.0,-205000000.0,-175000000.0,-60000000.0,,523000000.0,-64000000.0,-58000000.0,459000000,0.0,459000000,-46000000.0,413000000,,412000000,412000000,193000000.0,1404000000.0,1625000000.0,3647000000.0,5570000000.0,,7145000000.0,12715000000.0,16362000000,1425000000.0,728000000.0,2153000000.0,5898000000.0,8214000000.0,10367000000,2038000000.0,-3550000000.0,7626000000.0,5995000000.0,16362000000,413000000.0,151000000.0,-67000000.0,-102000000.0,,,,,395000000.0,-137000000.0,,0.0,-136000000.0,-80000000.0,-54000000.0,-124000000.0,-259000000.0,0,2018-09-28,96.4000015258789,96.41999816894531,95.61000061035156,95.72000122070312,87.18865203857422,899000.0
2018-12-31,2376000000.0,-1910000000.0,466000000.0,-295000000.0,-167000000.0,-59000000.0,,171000000.0,-54000000.0,-57000000.0,117000000,-46000000.0,71000000,-36000000.0,35000000,,34000000,34000000,226000000.0,1154000000.0,1583000000.0,3365000000.0,5600000000.0,,7030000000.0,12630000000.0,15995000000,1608000000.0,243000000.0,1851000000.0,5925000000.0,8266000000.0,10117000000,2050000000.0,-3575000000.0,7573000000.0,5878000000.0,15995000000,35000000.0,153000000.0,142000000.0,410000000.0,,,,,740000000.0,-142000000.0,,-3000000.0,-148000000.0,-78000000.0,-452000000.0,-25000000.0,-558000000.0,33000000,2018-12-31,72.58000183105469,73.48999786376953,72.05999755859375,73.11000061035156,67.17268371582031,725800.0
2019-03-31,2380000000.0,-1806000000.0,574000000.0,-224000000.0,-187000000.0,-58000000.0,,350000000.0,-54000000.0,-56000000.0,296000000,-32000000.0,264000000,-55000000.0,209000000,,209000000,209000000,195000000.0,1297000000.0,1704000000.0,3551000000.0,5576000000.0,,7234000000.0,12810000000.0,16361000000,1490000000.0,862000000.0,2352000000.0,5602000000.0,8090000000.0,10442000000,2062000000.0,-3700000000.0,7675000000.0,5919000000.0,16361000000,209000000.0,155000000.0,-56000000.0,-313000000.0,,,,,-5000000.0,-106000000.0,,-19000000.0,-125000000.0,-87000000.0,320000000.0,-131000000.0,102000000.0,-31000000,2019-03-29,76.12999725341797,76.55999755859375,75.36000061035156,75.87999725341797,70.24978637695311,1760600.0
2019-06-30,2363000000.0,-1774000000.0,589000000.0,-201000000.0,-165000000.0,-57000000.0,,388000000.0,-54000000.0,-55000000.0,334000000,-18000000.0,316000000,-57000000.0,259000000,,258000000,258000000,186000000.0,1232000000.0,1730000000.0,3516000000.0,5550000000.0,,7190000000.0,12740000000.0,16256000000,1495000000.0,731000000.0,2226000000.0,5624000000.0,8084000000.0,10310000000,2081000000.0,-3825000000.0,7848000000.0,5946000000.0,16256000000,259000000.0,156000000.0,10000000.0,-3000000.0,,,,,422000000.0,-92000000.0,,0.0,-94000000.0,-86000000.0,-131000000.0,-121000000.0,-339000000.0,-9000000,2019-06-28,77.29000091552734,78.0999984741211,76.9800033569336,77.83000183105469,72.6622543334961,1508800.0
2019-09-30,2325000000.0,-1751000000.0,574000000.0,-202000000.0,-163000000.0,-59000000.0,,372000000.0,-57000000.0,-54000000.0,315000000,-2000000.0,313000000,-46000000.0,267000000,,266000000,266000000,207000000.0,1191000000.0,1695000000.0,3440000000.0,5534000000.0,,7163000000.0,12697000000.0,16137000000,1438000000.0,642000000.0,2080000000.0,5567000000.0,7960000000.0,10040000000,2094000000.0,-3900000000.0,8029000000.0,6097000000.0,16137000000,267000000.0,151000000.0,37000000.0,-39000000.0,,,,,416000000.0,-110000000.0,,-29000000.0,-141000000.0,-85000000.0,-90000000.0,-76000000.0,-250000000.0,21000000,2019-09-30,73.2699966430664,73.94000244140625,72.80999755859375,73.83000183105469,69.50496673583984,772900.0
2019-12-31,2205000000.0,-1708000000.0,497000000.0,-358000000.0,-176000000.0,-60000000.0,,139000000.0,-56000000.0,-53000000.0,83000000,-74000000.0,9000000,18000000.0,27000000,,26000000,26000000,204000000.0,980000000.0,1662000000.0,3321000000.0,5571000000.0,,7116000000.0,12687000000.0,16008000000,1618000000.0,171000000.0,1789000000.0,5611000000.0,8187000000.0,9976000000,2107000000.0,-3900000000.0,7965000000.0,6032000000.0,16008000000,27000000.0,149000000.0,166000000.0,329000000.0,,,,,671000000.0,-117000000.0,,0.0,-120000000.0,-85000000.0,-469000000.0,3000000.0,-556000000.0,-3000000,2019-12-31,78.30000305175781,79.41000366210938,78.05000305175781,79.26000213623047,75.23797607421875,895800.0
2020-03-31,2241000000.0,-1664000000.0,577000000.0,-191000000.0,-160000000.0,-61000000.0,,386000000.0,-56000000.0,-52000000.0,330000000,-14000000.0,316000000,-56000000.0,260000000,,258000000,258000000,680000000.0,1045000000.0,1659000000.0,3851000000.0,5498000000.0,,7116000000.0,12614000000.0,16465000000,1420000000.0,895000000.0,2315000000.0,5399000000.0,7958000000.0,10273000000,2111000000.0,-3930000000.0,8133000000.0,6192000000.0,16465000000,260000000.0,139000000.0,-34000000.0,-194000000.0,,,,,171000000.0,-99000000.0,,,-101000000.0,-90000000.0,539000000.0,-30000000.0,408000000.0,476000000,2020-03-31,47.43999862670898,48.22999954223633,46.09000015258789,46.58000183105469,44.91530227661133,2126600.0
2020-06-30,1924000000.0,-1553000000.0,371000000.0,-177000000.0,-155000000.0,-52000000.0,,194000000.0,-54000000.0,-55000000.0,140000000,-141000000.0,-1000000,31000000.0,30000000,,27000000,27000000,704000000.0,904000000.0,1419000000.0,3526000000.0,5478000000.0,,6969000000.0,12447000000.0,15973000000,1176000000.0,702000000.0,1878000000.0,5431000000.0,7997000000.0,9875000000,2119000000.0,-3960000000.0,8071000000.0,6098000000.0,15973000000,30000000.0,141000000.0,46000000.0,219000000.0,,,,,436000000.0,-97000000.0,,,-100000000.0,-89000000.0,-193000000.0,-43000000.0,-314000000.0,24000000,2020-06-30,68.83999633789061,70.36000061035156,67.83000183105469,69.63999938964844,67.82400512695311,1290100.0
