Report Date,Revenue,Cost of Revenue,Gross Profit,Operating Expenses,"Selling, General & Administrative",Research & Development,Depreciation & Amortization,Operating Income (Loss),Non-Operating Income (Loss),"Interest Expense, Net","Pretax Income (Loss), Adj.",Abnormal Gains (Losses),Pretax Income (Loss),"Income Tax (Expense) Benefit, Net",Income (Loss) from Continuing Operations,Net Extraordinary Gains (Losses),Net Income,Net Income (Common),"Cash, Cash Equivalents & Short Term Investments",Accounts & Notes Receivable,Inventories,Total Current Assets,"Property, Plant & Equipment, Net",Long Term Investments & Receivables,Other Long Term Assets,Total Noncurrent Assets,Total Assets,Payables & Accruals,Short Term Debt,Total Current Liabilities,Long Term Debt,Total Noncurrent Liabilities,Total Liabilities,Share Capital & Additional Paid-In Capital,Treasury Stock,Retained Earnings,Total Equity,Total Liabilities & Equity,Net Income/Starting Line,Depreciation & Amortization,Non-Cash Items,Change in Working Capital,Change in Accounts Receivable,Change in Inventories,Change in Accounts Payable,Change in Other,Net Cash from Operating Activities,Change in Fixed Assets & Intangibles,Net Change in Long Term Investment,Net Cash from Acquisitions & Divestitures,Net Cash from Investing Activities,Dividends Paid,Cash from (Repayment of) Debt,Cash from (Repurchase of) Equity,Net Cash from Financing Activities,Net Change in Cash,Price Date,Open,High,Low,Close,Adj Close,Volume
2014-03-31,633442000.0,-147684000.0,485758000.0,-286499000.0,-17576000.0,,-185167000.0,199259000.0,-117309000.0,-113049000.0,81950000,-30000.0,81920000,-240000.0,81680000,1052000.0,79135000,78099000,37209000.0,,,128290000.0,22072253000.0,,689088000.0,22761341000.0,22889631000,427737000.0,5465626000.0,6214406000.0,5477656000.0,5550391000.0,11764797000,8544657000.0,,1944798000.0,11124834000.0,22889631000,82732000.0,185167000.0,20370000.0,48613000.0,,,,,336882000.0,-167482000.0,21000.0,-154789000.0,-301757000.0,-235318000.0,179966000.0,15749000.0,-51450000.0,-16325000,2014-03-31,57.65999984741211,58.349998474121094,57.22999954223633,57.9900016784668,39.0903434753418,2426100.0
2014-06-30,652568000.0,-135937000.0,516631000.0,-288321000.0,-13752000.0,,-190136000.0,228310000.0,-126181000.0,-115924000.0,102129000,15727000.0,117856000,-646000.0,117210000,510000.0,112690000,111654000,76132000.0,,,160540000.0,22170651000.0,,660211000.0,22830862000.0,22991402000,434520000.0,5158091000.0,5924273000.0,5923952000.0,5998460000.0,11922733000,8530996000.0,,1875732000.0,11068669000.0,22991402000,117720000.0,190136000.0,8022000.0,-33281000.0,,,,,282597000.0,-181942000.0,36000.0,-71872000.0,-187863000.0,-181597000.0,893311000.0,10377000.0,-55811000.0,38923000,2014-06-30,63.33000183105469,63.52000045776367,62.63000106811523,63.0,42.81385040283203,2018200.0
2014-09-30,664078000.0,-138546000.0,525532000.0,-282258000.0,-9968000.0,,-190469000.0,243274000.0,-126455000.0,-118251000.0,116819000,114693000.0,231512000,-260000.0,231252000,-62000.0,221744000,220707000,31478000.0,,,116423000.0,22260605000.0,,631066000.0,22891671000.0,23008094000,477808000.0,5536960000.0,6364139000.0,5420646000.0,5496384000.0,11860523000,8577798000.0,,1915344000.0,11147571000.0,23008094000,231190000.0,190469000.0,-103271000.0,76404000.0,,,,,394792000.0,-205034000.0,0.0,31973000.0,-161022000.0,-181758000.0,443082000.0,31379000.0,-278424000.0,-44654000,2014-09-30,61.56000137329102,61.83000183105469,60.91999816894531,61.58000183105469,42.18747329711914,2426200.0
2014-12-31,664660000.0,-135996000.0,528664000.0,-277863000.0,-9383000.0,,-193089000.0,250801000.0,-111166000.0,-110236000.0,139635000,87572000.0,227207000,-248000.0,226959000,82000.0,217739000,216703000,40080000.0,,,112383000.0,22242578000.0,,595653000.0,22838231000.0,22950614000,431696000.0,5419515000.0,6241126000.0,5425346000.0,5500979000.0,11742105000,8539969000.0,,1950639000.0,11208509000.0,22950614000,227041000.0,193089000.0,-81583000.0,-28745000.0,,,,,309802000.0,-219954000.0,0.0,231578000.0,5976000.0,-182131000.0,-115951000.0,26683000.0,-307176000.0,8602000,2014-12-31,73.05000305175781,73.44999694824219,71.77999877929688,71.83999633789062,49.54874801635742,1472400.0
2015-03-31,666371000.0,-147325000.0,519046000.0,-300715000.0,-19762000.0,,-194521000.0,218331000.0,-108169000.0,-108782000.0,110162000,79950000.0,190112000,-43000.0,190069000,155000.0,182522000,178842000,49418000.0,,,253218000.0,22195373000.0,,580457000.0,22775830000.0,23029048000,495734000.0,5428702000.0,6307493000.0,5430806000.0,5506100000.0,11813593000,8542755000.0,,1928449000.0,11215455000.0,23029048000,190224000.0,194521000.0,-64381000.0,27531000.0,,,,,347895000.0,-200146000.0,,133801000.0,-179222000.0,-182299000.0,134882000.0,24320000.0,-159335000.0,9338000,2015-03-31,78.86000061035156,79.0199966430664,77.8499984741211,77.86000061035156,54.07200622558594,3194300.0
2015-06-30,679112000.0,-139797000.0,539315000.0,-293060000.0,-15659000.0,,-194282000.0,246255000.0,-96227000.0,-110866000.0,150028000,148802000.0,298830000,-326000.0,298504000,114000.0,286420000,285587000,92109000.0,,,195617000.0,22295993000.0,,590220000.0,22886213000.0,23081830000,489268000.0,4952579000.0,5797479000.0,5875328000.0,5951440000.0,11748919000,8611530000.0,,2012909000.0,11332911000.0,23081830000,298618000.0,194282000.0,-142317000.0,-23431000.0,,,,,327152000.0,-238546000.0,387000.0,104281000.0,-26327000.0,-201866000.0,272905000.0,2454000.0,-258134000.0,42691000,2015-06-30,71.12000274658203,71.12000274658203,69.94000244140625,70.16999816894531,49.10966110229492,1812400.0
2015-09-30,696289000.0,-142477000.0,553812000.0,-296218000.0,-15197000.0,,-196059000.0,257594000.0,-118829000.0,-114298000.0,138765000,66939000.0,205704000,-329000.0,205375000,81000.0,196692000,195859000,37366000.0,,,173040000.0,22244786000.0,,590978000.0,22835764000.0,23008804000,548196000.0,4921525000.0,5822827000.0,5881794000.0,5958728000.0,11781555000,8587784000.0,,2007590000.0,11227249000.0,23008804000,205456000.0,196059000.0,-49525000.0,36309000.0,,,,,388299000.0,-229738000.0,0.0,36844000.0,-205163000.0,-201960000.0,27791000.0,3829000.0,-237879000.0,-54743000,2015-09-30,74.01000213623047,75.33999633789062,73.7699966430664,75.12000274658203,52.97886276245117,2850100.0
2015-12-31,703193000.0,-135767000.0,567426000.0,-280368000.0,-14046000.0,,-181033000.0,287058000.0,-112608000.0,-110541000.0,174450000,39442000.0,213892000,-219000.0,213673000,47000.0,204486000,202989000,42276000.0,,,2279304000.0,20276946000.0,,553946000.0,20830892000.0,23110196000,481723000.0,5072410000.0,5920520000.0,5848956000.0,5926538000.0,11847058000,8576013000.0,,2009091000.0,11263138000.0,23110196000,213720000.0,181033000.0,-27491000.0,-73980000.0,,,,,293282000.0,-231456000.0,2148000.0,-124533000.0,-285102000.0,-201980000.0,355814000.0,20589000.0,-10819000.0,-2639000,2015-12-31,81.76000213623047,82.38999938964844,81.55000305175781,81.58999633789062,57.9422607421875,1577200.0
2016-03-31,619083000.0,-132660000.0,486423000.0,-269798000.0,-16717000.0,,-172885000.0,216625000.0,-219488000.0,-213492000.0,-2863000,3735201000.0,3732338000,-350000.0,3731988000,-157000.0,3587758000,3586985000,368049000.0,,,609790000.0,20143592000.0,,547910000.0,20691502000.0,21301292000,476534000.0,4223681000.0,5047768000.0,4360137000.0,4423729000.0,9471497000,8661824000.0,,2490861000.0,11829795000.0,21301292000,3731831000.0,172885000.0,-3707331000.0,3997000.0,,,,,201382000.0,-199517000.0,1430000.0,6142324000.0,5751236000.0,-3123425000.0,-389896000.0,21669000.0,-5626845000.0,325773000,2016-03-31,74.95999908447266,75.2699966430664,74.48999786376953,75.02999877929688,60.1094970703125,2229400.0
2016-06-30,595154000.0,-117298000.0,477856000.0,-271838000.0,-18296000.0,,-176127000.0,206018000.0,-34596000.0,-86472000.0,171422000,57356000.0,228778000,-413000.0,228365000,35000.0,218839000,218067000,497843000.0,,,575430000.0,20128412000.0,,526080000.0,20654492000.0,21229922000,436207000.0,4147999000.0,4917757000.0,4362995000.0,4427237000.0,9344994000,8722021000.0,,2524788000.0,11884928000.0,21229922000,228400000.0,176127000.0,-90432000.0,-40401000.0,,,,,273694000.0,-219431000.0,67098000.0,110348000.0,120771000.0,-184824000.0,-2532000.0,6495000.0,-264671000.0,129794000,2016-06-30,68.05000305175781,68.88999938964844,67.61000061035156,68.87999725341797,55.6047477722168,1993900.0
2016-09-30,606074000.0,-123733000.0,482341000.0,-272968000.0,-12395000.0,,-179230000.0,209373000.0,-85774000.0,-86352000.0,123599000,94073000.0,217672000,-426000.0,217246000,246000.0,208316000,207543000,517586000.0,,,647155000.0,20105278000.0,,545311000.0,20650589000.0,21297744000,1600599000.0,4138301000.0,6092505000.0,4360486000.0,4424546000.0,10517051000,8745503000.0,,1451452000.0,10780693000.0,21297744000,217492000.0,179230000.0,-90663000.0,38186000.0,,,,,344245000.0,-206230000.0,4287000.0,121747000.0,-119842000.0,-184907000.0,-1904000.0,1553000.0,-204660000.0,19743000,2016-09-30,64.93000030517578,65.33000183105469,64.18000030517578,64.33000183105469,54.8428955078125,3235300.0
2016-12-31,605489000.0,-115147000.0,490342000.0,-266272000.0,-10432000.0,,-177407000.0,224070000.0,-94815000.0,-95930000.0,129255000,173156000.0,302411000,-424000.0,301987000,394000.0,277250000,276477000,77207000.0,,,219088000.0,20026036000.0,,459024000.0,20485060000.0,20704148000,400724000.0,4139179000.0,4890369000.0,4848079000.0,4910703000.0,9801072000,8762081000.0,,1543626000.0,10903076000.0,20704148000,302381000.0,177407000.0,-42635000.0,-42351000.0,,,,,394802000.0,-171006000.0,0.0,239094000.0,151777000.0,-1280887000.0,515215000.0,9802000.0,-957916000.0,-411337000,2016-12-30,63.59000015258789,64.44000244140625,63.18999862670898,64.36000061035156,55.3077163696289,1542200.0
2017-03-31,604100000.0,-124860000.0,479240000.0,-274869000.0,-14173000.0,,-178968000.0,204371000.0,-110068000.0,-106210000.0,94303000,55900000.0,150203000,-262000.0,149941000,,143742000,142969000,42139000.0,,,118192000.0,19949518000.0,,540628000.0,20490146000.0,20608338000,431664000.0,4081448000.0,4821578000.0,4848477000.0,4911601000.0,9733179000,8850668000.0,,1501654000.0,10875159000.0,20608338000,149941000.0,178968000.0,-25031000.0,26000.0,,,,,303904000.0,-151115000.0,,78360000.0,-72642000.0,-185847000.0,292724000.0,4716000.0,-264127000.0,-32865000,2017-03-31,62.11000061035156,62.52999877929688,61.9000015258789,62.22000122070313,53.89736938476562,1768100.0
2017-06-30,612480000.0,-120905000.0,491575000.0,-281025000.0,-13626000.0,,-179896000.0,210550000.0,-93873000.0,-91224000.0,116677000,87703000.0,204380000,-220000.0,204160000,,196041000,195268000,37719000.0,,,292097000.0,19818307000.0,,526171000.0,20344478000.0,20636575000,378460000.0,4507724000.0,5210186000.0,4456365000.0,4520013000.0,9730199000,8842477000.0,,1511899000.0,10906376000.0,20636575000,204160000.0,179896000.0,-69904000.0,-58943000.0,,,,,255209000.0,-131349000.0,,159384000.0,28035000.0,-185715000.0,444668000.0,5538000.0,-156354000.0,126890000,2017-06-30,66.27999877929689,66.79000091552734,65.83000183105469,65.83000183105469,57.450233459472656,2061900.0
2017-09-30,624122000.0,-125582000.0,498540000.0,-280754000.0,-12567000.0,,-184100000.0,217786000.0,-90690000.0,-91145000.0,127096000,17328000.0,144424000,-228000.0,144196000,,138229000,137457000,46565000.0,,,83204000.0,20099433000.0,,515196000.0,20614629000.0,20697833000,433364000.0,3849024000.0,4615038000.0,5143248000.0,5208478000.0,9823516000,8852414000.0,,1464249000.0,10874317000.0,20697833000,144196000.0,184100000.0,-2022000.0,84749000.0,,,,,411023000.0,-111921000.0,,-359463000.0,-471168000.0,-185023000.0,156149000.0,5676000.0,-158792000.0,-218937000,2017-09-29,65.75,66.09999847412111,65.48999786376953,65.93000030517578,57.97710037231445,1729200.0
2017-12-31,630704000.0,-119427000.0,511277000.0,-294820000.0,-11858000.0,,-200785000.0,216457000.0,-100205000.0,-95311000.0,116252000,13600000.0,129852000,232000.0,130084000,0.0,125442000,124669000,50647000.0,,,100762000.0,19986518000.0,,483319000.0,20469837000.0,20570599000,365629000.0,3918479000.0,4625960000.0,5038812000.0,5103821000.0,9729781000,8890266000.0,,1403530000.0,10840818000.0,20570599000,130084000.0,200785000.0,3526000.0,-38743000.0,,,,,295652000.0,-112400000.0,,33874000.0,-78521000.0,-185881000.0,67980000.0,19410000.0,-210545000.0,6586000,2017-12-29,63.86000061035156,64.16999816894531,63.65999984741211,63.77000045776367,56.52103042602539,1752300.0
2018-03-31,633016000.0,-131646000.0,501370000.0,-304501000.0,-16278000.0,,-196309000.0,196869000.0,-118321000.0,-116104000.0,78548000,142213000.0,220761000,-213000.0,220548000,,211809000,211036000,44453000.0,,,94711000.0,19785570000.0,,503589000.0,20289159000.0,20383870000,444028000.0,3128662000.0,3908647000.0,5530815000.0,5595563000.0,9504210000,8913988000.0,,1415638000.0,10879660000.0,20383870000,220548000.0,196309000.0,-96205000.0,40366000.0,,,,,361018000.0,-80439000.0,,227737000.0,147298000.0,-186257000.0,429851000.0,3281000.0,-514367000.0,-6051000,2018-03-29,61.790000915527344,62.22000122070313,61.22999954223633,61.61999893188477,55.11352920532226,5297500.0
2018-06-30,639808000.0,-127228000.0,512580000.0,-294926000.0,-12502000.0,,-192942000.0,217654000.0,-99914000.0,-94131000.0,117740000,944000.0,118684000,-274000.0,118410000,,113602000,112830000,34507000.0,,,88877000.0,19826554000.0,,491151000.0,20317705000.0,20406582000,416585000.0,3240132000.0,4000876000.0,5532637000.0,5599437000.0,9600313000,8908867000.0,,1329600000.0,10806269000.0,20406582000,118410000.0,192942000.0,17991000.0,-4907000.0,,,,,324436000.0,-87265000.0,,-144209000.0,-231474000.0,-199603000.0,109936000.0,1517000.0,-98796000.0,-5834000,2018-06-29,62.97000122070313,63.93999862670898,62.61000061035156,63.68999862670898,57.45855712890625,3031500.0
2018-09-30,652867000.0,-132788000.0,520079000.0,-294646000.0,-12640000.0,,-194618000.0,225433000.0,-115277000.0,-111219000.0,110156000,113970000.0,224126000,-280000.0,223846000,,214937000,214164000,32995000.0,,,88750000.0,19930730000.0,,522670000.0,20453400000.0,20542150000,458477000.0,3288803000.0,4091653000.0,5534990000.0,5602167000.0,9693820000,8904008000.0,,1344825000.0,10848330000.0,20542150000,223846000.0,194618000.0,-78929000.0,19202000.0,,,,,358737000.0,-79690000.0,,-104954000.0,-184644000.0,-199642000.0,151895000.0,4276000.0,-174220000.0,-127000,2018-09-28,65.06999969482422,66.27999877929689,65.02999877929689,66.26000213623047,60.25617599487305,2580900.0
2018-12-31,651990000.0,-130158000.0,521832000.0,-303279000.0,-12393000.0,,-201856000.0,218553000.0,-96022000.0,-91906000.0,122531000,-32000.0,122499000,-111000.0,122388000,,117187000,116415000,47442000.0,,,116313000.0,19814741000.0,,463155000.0,20277896000.0,20394209000,371694000.0,2884653000.0,3614910000.0,5933286000.0,6000544000.0,9615454000,8939147000.0,,1261763000.0,10778755000.0,20394209000,122388000.0,201856000.0,16872000.0,-29012000.0,,,,,312104000.0,-106303000.0,,-1711000.0,-108014000.0,-200483000.0,494344000.0,25460000.0,-176527000.0,27563000,2018-12-31,65.77999877929689,66.01999664306639,64.73999786376953,66.01000213623047,60.52221298217773,1266000.0
2019-03-31,662494000.0,-141466000.0,521028000.0,-311038000.0,-15381000.0,,-204215000.0,209990000.0,-100475000.0,-94938000.0,109515000,-20000.0,109495000,-238000.0,109257000,,104539000,103766000,29391000.0,,,93506000.0,19936640000.0,,738665000.0,20675305000.0,20768811000,445330000.0,3016335000.0,4065074000.0,5936335000.0,6004670000.0,10069744000,8929587000.0,,1155032000.0,10699067000.0,20768811000,109257000.0,204215000.0,24622000.0,35451000.0,,,,,373545000.0,-81565000.0,-251000.0,-265219000.0,-347035000.0,-199749000.0,132162000.0,30986000.0,-49317000.0,-22807000,2019-03-29,75.48999786376953,75.69000244140625,75.04000091552734,75.31999969482422,69.58670043945311,1995900.0
2019-06-30,669517000.0,-132830000.0,536687000.0,-306283000.0,-14329000.0,,-200508000.0,230404000.0,-47892000.0,-108902000.0,182512000,139033000.0,321545000,-246000.0,321299000,,308968000,308196000,251273000.0,,,309468000.0,19969153000.0,,712090000.0,20681243000.0,20990711000,391429000.0,2599013000.0,3574690000.0,6531408000.0,6600435000.0,10175125000,8953289000.0,,1252809000.0,10815586000.0,20990711000,321299000.0,200508000.0,-170146000.0,-34433000.0,,,,,317228000.0,-97318000.0,-18000.0,-3046000.0,-22120000.0,-210967000.0,258645000.0,19153000.0,-79146000.0,215962000,2019-06-28,75.68000030517578,76.66000366210938,75.62999725341797,75.91999816894531,70.67164611816406,1934500.0
2019-09-30,685120000.0,-136906000.0,548214000.0,-310441000.0,-11417000.0,,-211478000.0,237773000.0,-92126000.0,-85936000.0,145647000,132464000.0,278111000,-265000.0,277846000,,267106000,266333000,28777000.0,,,84596000.0,20185951000.0,,783509000.0,20969460000.0,21054056000,443563000.0,2316852000.0,3406576000.0,6675084000.0,6745482000.0,10152058000,8921025000.0,,1308423000.0,10901998000.0,21054056000,277846000.0,211478000.0,-118753000.0,32836000.0,,,,,403407000.0,-93630000.0,0.0,-195395000.0,-289025000.0,-211993000.0,949689000.0,19250000.0,-339254000.0,-224872000,2019-09-30,86.12999725341797,86.72000122070312,86.12999725341797,86.26000213623047,80.82598876953125,1469200.0
2019-12-31,683560000.0,-130987000.0,552573000.0,-322217000.0,-11630000.0,,-214882000.0,230356000.0,-110284000.0,-100300000.0,120072000,178204000.0,298276000,3030000.0,301306000,,289764000,288992000,45753000.0,,,116999000.0,20256821000.0,,798949000.0,21055770000.0,21172769000,379528000.0,2959443000.0,4017268000.0,6077513000.0,6147575000.0,10164843000,8969294000.0,,1386495000.0,11007926000.0,21172769000,301306000.0,214882000.0,-149071000.0,-4313000.0,,,,,362804000.0,-113441000.0,0.0,-203000.0,-113644000.0,-211492000.0,661585000.0,11512000.0,-216757000.0,32403000,2019-12-31,80.29000091552734,80.91999816894531,80.05000305175781,80.91999816894531,76.35971069335938,1265600.0
2020-03-31,682305000.0,-143525000.0,538780000.0,-324672000.0,-14518000.0,,-212422000.0,214108000.0,-89361000.0,-85590000.0,124747000,207977000.0,332724000,-53000.0,332671000,,308606000,307833000,82335000.0,,,140770000.0,19988674000.0,,789874000.0,20778548000.0,20919318000,463807000.0,2553396000.0,3646908000.0,6079308000.0,6148382000.0,9795290000,9096162000.0,,1469821000.0,11124028000.0,20919318000,332671000.0,212422000.0,-183482000.0,20840000.0,,,,,382451000.0,-96896000.0,,-5458000.0,266009000.0,-773000.0,-407045000.0,-199219000.0,-624689000.0,23771000,2020-03-31,61.709999084472656,62.52000045776367,59.040000915527344,61.709999084472656,58.81747055053711,5240400.0
2020-06-30,653532000.0,-128060000.0,525472000.0,-312849000.0,-11835000.0,,-205976000.0,212623000.0,-85221000.0,-81885000.0,127402000,144266000.0,271668000,-187000.0,271481000,,260888000,260116000,187416000.0,,,245533000.0,19626683000.0,,842735000.0,20469418000.0,20714951000,409573000.0,2340757000.0,3395673000.0,6081102000.0,6145107000.0,9540780000,9122054000.0,,1505694000.0,11174171000.0,20714951000,271481000.0,205976000.0,-123925000.0,-100897000.0,,,,,252635000.0,-79222000.0,-509000.0,-168000.0,299338000.0,-772000.0,-119516000.0,-222527000.0,-447210000.0,104763000,2020-06-30,57.79999923706055,58.97999954223633,57.349998474121094,58.81999969482422,56.61408233642578,3317000.0
