Report Date,Revenue,Cost of Revenue,Gross Profit,Operating Expenses,"Selling, General & Administrative",Research & Development,Depreciation & Amortization,Operating Income (Loss),Non-Operating Income (Loss),"Interest Expense, Net","Pretax Income (Loss), Adj.",Abnormal Gains (Losses),Pretax Income (Loss),"Income Tax (Expense) Benefit, Net",Income (Loss) from Continuing Operations,Net Extraordinary Gains (Losses),Net Income,Net Income (Common),"Cash, Cash Equivalents & Short Term Investments",Accounts & Notes Receivable,Inventories,Total Current Assets,"Property, Plant & Equipment, Net",Long Term Investments & Receivables,Other Long Term Assets,Total Noncurrent Assets,Total Assets,Payables & Accruals,Short Term Debt,Total Current Liabilities,Long Term Debt,Total Noncurrent Liabilities,Total Liabilities,Share Capital & Additional Paid-In Capital,Treasury Stock,Retained Earnings,Total Equity,Total Liabilities & Equity,Net Income/Starting Line,Depreciation & Amortization,Non-Cash Items,Change in Working Capital,Change in Accounts Receivable,Change in Inventories,Change in Accounts Payable,Change in Other,Net Cash from Operating Activities,Change in Fixed Assets & Intangibles,Net Change in Long Term Investment,Net Cash from Acquisitions & Divestitures,Net Cash from Investing Activities,Dividends Paid,Cash from (Repayment of) Debt,Cash from (Repurchase of) Equity,Net Cash from Financing Activities,Net Change in Cash,Price Date,Open,High,Low,Close,Adj Close,Volume
2010-03-31,4461000000.0,-1259000000.0,3202000000.0,-1800000000.0,,,-514000000.0,1402000000.0,-90000000.0,-183000000.0,1312000000,,1312000000,-563000000.0,749000000,,749000000,749000000,2524000000.0,1628000000.0,562000000.0,6384000000.0,27737000000.0,724000000.0,15896000000.0,44357000000.0,50741000000,2334000000.0,1712000000.0,4890000000.0,11198000000.0,32400000000.0,37290000000,8940000000.0,-2328000000.0,8534000000.0,13451000000.0,50741000000,749000000.0,718000000.0,244000000.0,150000000.0,,,,,1861000000.0,-878000000.0,-966000000.0,,-709000000.0,-347000000.0,-302000000.0,11000000.0,-638000000.0,514000000,2010-03-31,43.79999923706055,44.0,43.560001373291016,43.810001373291016,27.39872741699219,2714500.0
2010-06-30,4398000000.0,-1527000000.0,2871000000.0,-1853000000.0,,,-519000000.0,1018000000.0,-397000000.0,-275000000.0,621000000,,621000000,-176000000.0,445000000,,445000000,445000000,1168000000.0,1886000000.0,759000000.0,5600000000.0,28030000000.0,723000000.0,14820000000.0,43573000000.0,49173000000,2279000000.0,1133000000.0,4030000000.0,11201000000.0,31957000000.0,35987000000,8960000000.0,-2327000000.0,8631000000.0,13186000000.0,49173000000,445000000.0,737000000.0,-709000000.0,35000000.0,,,,,508000000.0,-706000000.0,-931000000.0,,-949000000.0,-347000000.0,-581000000.0,11000000.0,-915000000.0,-1356000000,2010-06-30,37.97000122070313,38.400001525878906,37.84000015258789,37.97000122070313,24.04213523864746,5438500.0
2010-09-30,5291000000.0,-1956000000.0,3335000000.0,-1969000000.0,,,-578000000.0,1366000000.0,31000000.0,-175000000.0,1397000000,,1397000000,-552000000.0,845000000,,845000000,845000000,2735000000.0,1816000000.0,809000000.0,6760000000.0,28554000000.0,728000000.0,14906000000.0,44188000000.0,50948000000,2259000000.0,843000000.0,3967000000.0,12052000000.0,33026000000.0,36993000000,8982000000.0,-2327000000.0,9128000000.0,13955000000.0,50948000000,845000000.0,800000000.0,291000000.0,-193000000.0,,,,,1743000000.0,-798000000.0,-967000000.0,,-379000000.0,-348000000.0,558000000.0,12000000.0,203000000.0,1567000000,2010-09-30,43.0,43.09000015258789,42.38000106811523,42.58000183105469,27.3024959564209,3384600.0
2010-12-31,4494000000.0,-1693000000.0,2801000000.0,-1861000000.0,,,-464000000.0,940000000.0,-49000000.0,-184000000.0,891000000,,891000000,-367000000.0,524000000,,524000000,524000000,1612000000.0,1932000000.0,806000000.0,6398000000.0,29941000000.0,732000000.0,15169000000.0,45842000000.0,52240000000,2414000000.0,824000000.0,4240000000.0,12004000000.0,34437000000.0,38677000000,9006000000.0,-2327000000.0,9304000000.0,13563000000.0,52240000000,524000000.0,688000000.0,333000000.0,-413000000.0,,,,,1132000000.0,-944000000.0,-1065000000.0,-893000000.0,-1885000000.0,-347000000.0,-38000000.0,14000000.0,-370000000.0,-1123000000,2010-12-31,41.4900016784668,41.790000915527344,41.29999923706055,41.63999938964844,27.041433334350586,2095500.0
2011-03-31,4956000000.0,-2001000000.0,2955000000.0,-1753000000.0,,,-327000000.0,1202000000.0,-87000000.0,-181000000.0,1115000000,,1115000000,-446000000.0,669000000,,668000000,668000000,487000000.0,1800000000.0,728000000.0,4659000000.0,30549000000.0,740000000.0,15428000000.0,46717000000.0,51376000000,2183000000.0,1324000000.0,4171000000.0,12152000000.0,33271000000.0,37442000000,9032000000.0,-2327000000.0,9623000000.0,13934000000.0,51376000000,669000000.0,552000000.0,-1548000000.0,120000000.0,,,,,-207000000.0,-1150000000.0,-1248000000.0,,-1180000000.0,-348000000.0,649000000.0,8000000.0,262000000.0,-1125000000,2011-03-31,41.38000106811523,41.43999862670898,41.04999923706055,41.2400016784668,27.11062431335449,4479300.0
2011-06-30,4587000000.0,-1807000000.0,2780000000.0,-1746000000.0,,,-329000000.0,1034000000.0,-82000000.0,-182000000.0,952000000,,952000000,-332000000.0,620000000,,620000000,620000000,562000000.0,1766000000.0,786000000.0,4987000000.0,30856000000.0,751000000.0,15392000000.0,46999000000.0,51986000000,2175000000.0,1413000000.0,4268000000.0,12154000000.0,33603000000.0,37871000000,9054000000.0,-2327000000.0,9894000000.0,14115000000.0,51986000000,621000000.0,562000000.0,184000000.0,-147000000.0,,,,,1220000000.0,-835000000.0,-524000000.0,,-894000000.0,-347000000.0,88000000.0,7000000.0,-251000000.0,75000000,2011-06-30,42.88999938964844,42.88999938964844,42.52000045776367,42.84000015258789,28.51814842224121,3245700.0
2011-09-30,5254000000.0,-2121000000.0,3133000000.0,-1952000000.0,,,-332000000.0,1181000000.0,-324000000.0,-182000000.0,857000000,,857000000,-255000000.0,602000000,,603000000,603000000,1071000000.0,1685000000.0,851000000.0,6287000000.0,31882000000.0,754000000.0,15233000000.0,47869000000.0,54156000000,2441000000.0,1926000000.0,4977000000.0,12565000000.0,34820000000.0,39797000000,9077000000.0,-2327000000.0,10146000000.0,14359000000.0,54156000000,602000000.0,588000000.0,688000000.0,26000000.0,,,,,1904000000.0,-987000000.0,-1521000000.0,-380000000.0,-1957000000.0,-349000000.0,921000000.0,11000000.0,562000000.0,509000000,2011-09-30,43.18000030517578,43.36999893188477,42.61000061035156,42.61000061035156,28.739145278930664,6461100.0
2011-12-31,4266000000.0,-1201000000.0,3065000000.0,-1865000000.0,,,-359000000.0,1200000000.0,-30000000.0,-181000000.0,1170000000,-137000000.0,1033000000,-424000000.0,608000000,,604000000,604000000,1016000000.0,1613000000.0,864000000.0,5713000000.0,32570000000.0,766000000.0,15946000000.0,49282000000.0,54995000000,3048000000.0,1216000000.0,5134000000.0,12189000000.0,35473000000.0,40607000000,9107000000.0,-2327000000.0,10055000000.0,14388000000.0,54995000000,607000000.0,614000000.0,501000000.0,214000000.0,,,,,1936000000.0,-1070000000.0,-3043000000.0,-7000000.0,-578000000.0,-349000000.0,-1081000000.0,12000000.0,-1413000000.0,-55000000,2011-12-30,43.90999984741211,43.90999984741211,43.36999893188477,43.36999893188477,29.59720802307129,2206600.0
2012-03-31,4690000000.0,-1765000000.0,2925000000.0,-2544000000.0,,,-382000000.0,381000000.0,-1000000.0,-195000000.0,380000000,,380000000,-158000000.0,200000000,,200000000,200000000,721000000.0,3109000000.0,942000000.0,11815000000.0,42105000000.0,3235000000.0,20473000000.0,65813000000.0,77628000000,4227000000.0,1299000000.0,8618000000.0,17458000000.0,46908000000.0,55526000000,16512000000.0,-2327000000.0,9830000000.0,22102000000.0,77628000000,200000000.0,776000000.0,640000000.0,-622000000.0,,,,,994000000.0,-1496000000.0,-3726000000.0,0.0,-640000000.0,-350000000.0,-310000000.0,12000000.0,-649000000.0,-295000000,2012-03-30,39.209999084472656,39.22999954223633,39.040000915527344,39.209999084472656,27.21540451049805,5117000.0
2012-06-30,5966000000.0,-2606000000.0,3360000000.0,-2589000000.0,,,-494000000.0,771000000.0,-299000000.0,-256000000.0,472000000,,472000000,-126000000.0,289000000,,286000000,286000000,1349000000.0,3069000000.0,999000000.0,11754000000.0,42613000000.0,3134000000.0,19933000000.0,65680000000.0,77434000000,3758000000.0,1192000000.0,7832000000.0,18173000000.0,47280000000.0,55112000000,16559000000.0,-2327000000.0,10114000000.0,22322000000.0,77434000000,290000000.0,1119000000.0,406000000.0,-96000000.0,,,,,1719000000.0,-1304000000.0,-1762000000.0,0.0,-1340000000.0,-423000000.0,702000000.0,30000000.0,249000000.0,628000000,2012-06-29,37.77999877929688,37.84000015258789,37.36999893188477,37.61999893188477,26.36843681335449,5231900.0
2012-09-30,6579000000.0,-3026000000.0,3553000000.0,-2960000000.0,,,-500000000.0,593000000.0,-145000000.0,-246000000.0,448000000,,448000000,-161000000.0,297000000,,298000000,298000000,1700000000.0,3060000000.0,1031000000.0,11328000000.0,43914000000.0,3117000000.0,19994000000.0,67025000000.0,78353000000,3997000000.0,1404000000.0,7656000000.0,18245000000.0,48594000000.0,56250000000,16594000000.0,-2327000000.0,9959000000.0,22103000000.0,78353000000,297000000.0,1014000000.0,366000000.0,184000000.0,,,,,1861000000.0,-1362000000.0,-947000000.0,0.0,-1388000000.0,-453000000.0,322000000.0,19000000.0,-122000000.0,351000000,2012-09-28,35.560001373291016,35.689998626708984,35.400001525878906,35.58000183105469,25.27957344055176,4624500.0
2012-12-31,6254000000.0,-2760000000.0,3494000000.0,-2768000000.0,,,-505000000.0,726000000.0,-130000000.0,-231000000.0,596000000,-7000000.0,589000000,-182000000.0,385000000,,376000000,376000000,1486000000.0,3087000000.0,1014000000.0,10140000000.0,45186000000.0,3055000000.0,20180000000.0,68421000000.0,78561000000,4488000000.0,1257000000.0,7864000000.0,18346000000.0,48967000000.0,56831000000,16632000000.0,-2327000000.0,9893000000.0,21730000000.0,78561000000,384000000.0,1170000000.0,-344000000.0,347000000.0,,,,,1557000000.0,-1256000000.0,-1061000000.0,-21000000.0,-1236000000.0,-490000000.0,-16000000.0,11000000.0,-535000000.0,-214000000,2012-12-31,29.0,29.790000915527344,28.88999938964844,29.739999771118164,21.49703598022461,8085200.0
2013-03-31,6082000000.0,-2981000000.0,3101000000.0,-2584000000.0,,,-543000000.0,517000000.0,-451000000.0,-623000000.0,66000000,,66000000,-56000000.0,1000000,,-4000000,-4000000,772000000.0,3120000000.0,913000000.0,9274000000.0,45784000000.0,3086000000.0,20099000000.0,68969000000.0,78243000000,3817000000.0,2607000000.0,8321000000.0,17355000000.0,48596000000.0,56917000000,16652000000.0,-2327000000.0,9437000000.0,21326000000.0,78243000000,1000000.0,1017000000.0,-513000000.0,354000000.0,,,,,859000000.0,-1447000000.0,-729000000.0,,-1471000000.0,-450000000.0,381000000.0,12000000.0,-102000000.0,-714000000,2013-03-28,34.0,34.560001373291016,33.950000762939446,34.47999954223633,25.344465255737305,5909600.0
2013-06-30,6141000000.0,-2419000000.0,3722000000.0,-2696000000.0,,,-533000000.0,1026000000.0,-269000000.0,-252000000.0,757000000,,757000000,-239000000.0,497000000,,490000000,490000000,991000000.0,2861000000.0,1019000000.0,9409000000.0,45994000000.0,3069000000.0,19948000000.0,69011000000.0,78420000000,3739000000.0,2903000000.0,8374000000.0,17218000000.0,48458000000.0,56832000000,16693000000.0,-2327000000.0,9660000000.0,21588000000.0,78420000000,497000000.0,955000000.0,13000000.0,14000000.0,,,,,1479000000.0,-1067000000.0,-836000000.0,-3000000.0,-1078000000.0,-266000000.0,174000000.0,20000000.0,-182000000.0,219000000,2013-06-28,31.09000015258789,31.25,30.84000015258789,30.8799991607666,22.89683532714844,8028700.0
2013-09-30,6502000000.0,-2743000000.0,3759000000.0,-2542000000.0,,,-530000000.0,1217000000.0,-79000000.0,-234000000.0,1138000000,0.0,1138000000,-439000000.0,736000000,,738000000,738000000,1644000000.0,2761000000.0,1109000000.0,9951000000.0,46495000000.0,3116000000.0,20099000000.0,69710000000.0,79661000000,4017000000.0,1857000000.0,7507000000.0,18570000000.0,50087000000.0,57594000000,16716000000.0,-2327000000.0,10131000000.0,22067000000.0,79661000000,737000000.0,872000000.0,279000000.0,168000000.0,,,,,2056000000.0,-1341000000.0,-1956000000.0,3000000.0,-1441000000.0,-265000000.0,335000000.0,8000000.0,38000000.0,653000000,2013-09-30,29.670000076293945,29.8700008392334,29.420000076293945,29.63999938964844,22.198972702026367,5293000.0
2013-12-31,6163000000.0,-2581000000.0,3582000000.0,-2696000000.0,,,-547000000.0,886000000.0,-97000000.0,-247000000.0,789000000,13000000.0,802000000,-310000000.0,495000000,,495000000,495000000,1609000000.0,2981000000.0,1105000000.0,10137000000.0,47330000000.0,3112000000.0,19345000000.0,69787000000.0,79924000000,4233000000.0,1850000000.0,7728000000.0,18271000000.0,49256000000.0,56984000000,16741000000.0,-2327000000.0,10358000000.0,22940000000.0,79924000000,494000000.0,935000000.0,358000000.0,162000000.0,,,,,1949000000.0,-1508000000.0,-933000000.0,0.0,-1426000000.0,-268000000.0,-280000000.0,7000000.0,-558000000.0,-35000000,2013-12-31,27.540000915527344,27.68000030517578,27.28000068664551,27.38999938964844,20.74208641052246,5990800.0
2014-03-31,7237000000.0,-4340000000.0,2897000000.0,-2715000000.0,,,-564000000.0,182000000.0,-129000000.0,-227000000.0,53000000,5000000.0,58000000,54000000.0,93000000,,90000000,90000000,914000000.0,3455000000.0,1023000000.0,9675000000.0,47742000000.0,2757000000.0,19294000000.0,69793000000.0,79468000000,4219000000.0,1353000000.0,7351000000.0,19195000000.0,49339000000.0,56690000000,16751000000.0,-2327000000.0,10180000000.0,22778000000.0,79468000000,93000000.0,908000000.0,-206000000.0,-630000000.0,,,,,165000000.0,-1199000000.0,-1878000000.0,0.0,-1011000000.0,-266000000.0,438000000.0,7000000.0,151000000.0,-695000000,2014-03-31,33.400001525878906,33.939998626708984,33.31999969482422,33.560001373291016,25.68472671508789,7783300.0
2014-06-30,6024000000.0,-2412000000.0,3612000000.0,-3044000000.0,,,-590000000.0,568000000.0,-8000000.0,-238000000.0,560000000,274000000.0,834000000,-277000000.0,557000000,,522000000,522000000,1362000000.0,2973000000.0,1450000000.0,9823000000.0,51747000000.0,861000000.0,21225000000.0,73833000000.0,83656000000,4053000000.0,2668000000.0,8567000000.0,18781000000.0,50860000000.0,59427000000,16651000000.0,-2327000000.0,10435000000.0,24229000000.0,83656000000,558000000.0,1017000000.0,137000000.0,-126000000.0,,,,,1586000000.0,-1270000000.0,-2360000000.0,-66000000.0,-1176000000.0,-267000000.0,764000000.0,11000000.0,38000000.0,448000000,2014-06-30,36.45000076293945,36.709999084472656,36.25,36.47999954223633,28.164554595947266,6268600.0
2014-09-30,6912000000.0,-2648000000.0,4264000000.0,-2865000000.0,,,-577000000.0,1399000000.0,-242000000.0,-258000000.0,1157000000,339000000.0,1496000000,-422000000.0,1074000000,,993000000,993000000,2763000000.0,2815000000.0,1591000000.0,11837000000.0,51630000000.0,588000000.0,21209000000.0,73427000000.0,85264000000,3986000000.0,2626000000.0,8431000000.0,19848000000.0,51783000000.0,60214000000,16679000000.0,-2327000000.0,11160000000.0,25050000000.0,85264000000,1074000000.0,931000000.0,35000000.0,-148000000.0,,,,,1892000000.0,-985000000.0,-1312000000.0,-1000000.0,-1196000000.0,-266000000.0,1039000000.0,7000000.0,705000000.0,1401000000,2014-09-30,34.279998779296875,34.580001831054695,34.009998321533196,34.09000015258789,26.57786750793457,6897700.0
2014-12-31,7256000000.0,-3072000000.0,4184000000.0,-3412000000.0,,,-583000000.0,772000000.0,-231000000.0,-342000000.0,541000000,-423000000.0,118000000,-21000000.0,96000000,,18000000,18000000,1878000000.0,3482000000.0,1603000000.0,11853000000.0,52170000000.0,544000000.0,21849000000.0,74563000000.0,86416000000,4595000000.0,2262000000.0,8762000000.0,19853000000.0,53521000000.0,62283000000,16709000000.0,-2327000000.0,10910000000.0,24133000000.0,86416000000,95000000.0,1012000000.0,-248000000.0,-45000000.0,,,,,814000000.0,-904000000.0,-1998000000.0,-319000000.0,-1217000000.0,-266000000.0,-622000000.0,10000000.0,-483000000.0,-886000000,2014-12-31,38.13000106811523,38.25,37.0099983215332,37.08000183105469,29.149641036987305,5585600.0
2015-03-31,8830000000.0,-4470000000.0,4360000000.0,-2995000000.0,,,-610000000.0,1365000000.0,-265000000.0,-345000000.0,1100000000,1000000.0,1101000000,-363000000.0,738000000,,693000000,693000000,1825000000.0,3702000000.0,1035000000.0,11357000000.0,53001000000.0,568000000.0,22465000000.0,76034000000.0,87391000000,4077000000.0,1569000000.0,7374000000.0,21167000000.0,55379000000.0,62753000000,16731000000.0,-2327000000.0,11334000000.0,24638000000.0,87391000000,738000000.0,948000000.0,322000000.0,-517000000.0,,,,,1491000000.0,-1642000000.0,-1747000000.0,-15000000.0,-1751000000.0,-269000000.0,485000000.0,-8000000.0,208000000.0,-52000000,2015-03-31,33.31999969482422,33.720001220703125,33.09000015258789,33.610000610351555,26.65788459777832,15554300.0
2015-06-30,6514000000.0,-2449000000.0,4065000000.0,-2938000000.0,,,-602000000.0,1127000000.0,-172000000.0,-155000000.0,955000000,7000000.0,962000000,-327000000.0,633000000,,638000000,638000000,6014000000.0,3227000000.0,1068000000.0,15425000000.0,53935000000.0,607000000.0,22246000000.0,76788000000.0,92213000000,4101000000.0,769000000.0,6526000000.0,25868000000.0,60618000000.0,67144000000,16755000000.0,-2327000000.0,11704000000.0,25069000000.0,92213000000,634000000.0,1009000000.0,355000000.0,480000000.0,,,,,2478000000.0,-1673000000.0,-1690000000.0,-13000000.0,-1795000000.0,-268000000.0,3808000000.0,24000000.0,3505000000.0,4188000000,2015-06-30,31.95000076293945,32.11999893188477,31.28000068664551,31.420000076293945,25.1525993347168,7108100.0
2015-09-30,7401000000.0,-3291000000.0,4110000000.0,-2912000000.0,,,-606000000.0,1198000000.0,-497000000.0,-253000000.0,701000000,2000000.0,703000000,-115000000.0,587000000,,629000000,629000000,7265000000.0,3215000000.0,1074000000.0,16867000000.0,55814000000.0,620000000.0,21827000000.0,78261000000.0,95128000000,4571000000.0,1572000000.0,7847000000.0,25189000000.0,59992000000.0,67839000000,18647000000.0,-2327000000.0,12046000000.0,27289000000.0,95128000000,587000000.0,973000000.0,5000000.0,140000000.0,,,,,1705000000.0,-1983000000.0,-1300000000.0,0.0,-2143000000.0,-282000000.0,101000000.0,1876000000.0,1689000000.0,1251000000,2015-09-30,29.35000038146973,29.76000022888184,29.1299991607666,29.70000076293945,24.00761604309082,6715900.0
2015-12-31,6702000000.0,-2874000000.0,3828000000.0,-3127000000.0,,,-632000000.0,701000000.0,-145000000.0,-280000000.0,556000000,8000000.0,564000000,-268000000.0,292000000,,309000000,309000000,6502000000.0,3187000000.0,1566000000.0,15334000000.0,57439000000.0,639000000.0,21972000000.0,80050000000.0,95384000000,5267000000.0,2033000000.0,9118000000.0,24286000000.0,58944000000.0,68062000000,18676000000.0,-2327000000.0,12068000000.0,27322000000.0,95384000000,291000000.0,1057000000.0,864000000.0,-270000000.0,,,,,1942000000.0,-2179000000.0,-2410000000.0,-12000000.0,-2133000000.0,-286000000.0,-292000000.0,8000000.0,-572000000.0,-763000000,2015-12-31,27.63999938964844,27.85000038146973,27.31999969482422,27.770000457763672,22.691688537597656,5603900.0
2016-03-31,7573000000.0,-3254000000.0,4319000000.0,-3845000000.0,,,-685000000.0,474000000.0,-173000000.0,-287000000.0,301000000,9000000.0,310000000,-184000000.0,123000000,,173000000,173000000,960000000.0,3594000000.0,1229000000.0,11364000000.0,69406000000.0,455000000.0,30517000000.0,100378000000.0,111742000000,5142000000.0,5698000000.0,13770000000.0,29955000000.0,70767000000.0,84537000000,18686000000.0,-2327000000.0,11954000000.0,27205000000.0,111742000000,123000000.0,1063000000.0,863000000.0,-576000000.0,,,,,1473000000.0,-2202000000.0,-2297000000.0,-6645000000.0,-8548000000.0,-287000000.0,1805000000.0,9000000.0,1533000000.0,-5542000000,2016-03-31,35.540000915527344,35.95000076293945,35.540000915527344,35.86000061035156,29.58944892883301,7228500.0
2016-06-30,6910000000.0,-2454000000.0,4456000000.0,-3840000000.0,,,-941000000.0,616000000.0,-232000000.0,-376000000.0,384000000,31000000.0,415000000,-102000000.0,306000000,,267000000,267000000,1647000000.0,3671000000.0,1183000000.0,11495000000.0,70693000000.0,502000000.0,30088000000.0,101283000000.0,112778000000,5591000000.0,3644000000.0,11894000000.0,32182000000.0,73562000000.0,85456000000,18722000000.0,-2327000000.0,11926000000.0,27322000000.0,112778000000,307000000.0,1333000000.0,1175000000.0,265000000.0,,,,,3080000000.0,-2242000000.0,-2797000000.0,3000000.0,-2329000000.0,-295000000.0,233000000.0,8000000.0,-64000000.0,687000000,2016-06-30,35.209999084472656,36.36999893188477,34.919998168945305,36.36000061035156,30.27553367614746,8834900.0
2016-09-30,9002000000.0,-3754000000.0,5248000000.0,-3982000000.0,,,-1195000000.0,1266000000.0,-396000000.0,-516000000.0,870000000,1000000.0,871000000,-340000000.0,526000000,,490000000,490000000,1897000000.0,4061000000.0,1188000000.0,12208000000.0,71214000000.0,592000000.0,30521000000.0,102327000000.0,114535000000,6288000000.0,3079000000.0,12158000000.0,32972000000.0,74891000000.0,87049000000,18756000000.0,-2327000000.0,12121000000.0,27486000000.0,114535000000,526000000.0,1613000000.0,349000000.0,322000000.0,,,,,2810000000.0,-1875000000.0,-2999000000.0,-254000000.0,-2342000000.0,-291000000.0,205000000.0,19000000.0,-218000000.0,250000000,2016-09-30,33.490001678466804,33.650001525878906,33.009998321533196,33.290000915527344,27.969594955444336,5529900.0
2016-12-31,7881000000.0,-3178000000.0,4703000000.0,-3799000000.0,,,-1115000000.0,904000000.0,-438000000.0,-357000000.0,466000000,-89000000.0,377000000,-127000000.0,241000000,,191000000,191000000,635000000.0,5408000000.0,1274000000.0,12412000000.0,71555000000.0,629000000.0,30308000000.0,102492000000.0,114904000000,6909000000.0,3697000000.0,13457000000.0,32216000000.0,73835000000.0,87292000000,18794000000.0,-2327000000.0,12030000000.0,27612000000.0,114904000000,240000000.0,1567000000.0,219000000.0,-928000000.0,,,,,1098000000.0,-2173000000.0,-1645000000.0,-27000000.0,-2231000000.0,-293000000.0,-38000000.0,19000000.0,-60000000.0,-1193000000,2016-12-30,35.75,35.810001373291016,35.36999893188477,35.4900016784668,30.116626739501953,3486700.0
2017-03-31,8747000000.0,-3899000000.0,4848000000.0,-3770000000.0,,,-896000000.0,1078000000.0,-116000000.0,-373000000.0,962000000,230000000.0,1192000000,-211000000.0,971000000,,990000000,990000000,609000000.0,5136000000.0,1312000000.0,12194000000.0,72630000000.0,648000000.0,31596000000.0,104874000000.0,117068000000,6026000000.0,5693000000.0,14437000000.0,31685000000.0,74340000000.0,88777000000,18807000000.0,-2327000000.0,12720000000.0,28291000000.0,117068000000,971000000.0,1274000000.0,-468000000.0,-703000000.0,,,,,1074000000.0,-1987000000.0,-1833000000.0,-212000000.0,-2283000000.0,-303000000.0,1479000000.0,12000000.0,1184000000.0,-25000000,2017-03-31,35.75,36.43000030517578,35.650001525878906,35.97999954223633,30.82111358642578,7149300.0
2017-06-30,7665000000.0,-3086000000.0,4579000000.0,-4280000000.0,,,-915000000.0,299000000.0,-259000000.0,-436000000.0,40000000,1000000.0,41000000,62000000.0,94000000,,95000000,95000000,536000000.0,5075000000.0,1267000000.0,12232000000.0,72748000000.0,638000000.0,31486000000.0,104872000000.0,117104000000,6020000000.0,5376000000.0,13965000000.0,30956000000.0,73849000000.0,87814000000,18860000000.0,-123000000.0,11442000000.0,29290000000.0,117104000000,95000000.0,1317000000.0,650000000.0,-241000000.0,,,,,1821000000.0,-1647000000.0,-3506000000.0,0.0,-1698000000.0,-304000000.0,-1059000000.0,1181000000.0,-201000000.0,-78000000,2017-06-30,35.91999816894531,36.27999877929688,35.83000183105469,36.06999969482422,31.201343536376953,4505800.0
2017-09-30,8768000000.0,-3542000000.0,5226000000.0,-3733000000.0,,,-1002000000.0,1493000000.0,-176000000.0,-386000000.0,1317000000,6000000.0,1323000000,-451000000.0,865000000,,823000000,823000000,1203000000.0,5104000000.0,1281000000.0,12724000000.0,73067000000.0,634000000.0,32048000000.0,105749000000.0,118473000000,6217000000.0,3874000000.0,12395000000.0,32090000000.0,75761000000.0,88156000000,18862000000.0,-123000000.0,11950000000.0,30317000000.0,118473000000,862000000.0,1408000000.0,426000000.0,82000000.0,,,,,2778000000.0,-1703000000.0,-1705000000.0,4000000.0,-1762000000.0,-314000000.0,-341000000.0,18000000.0,-282000000.0,734000000,2017-09-29,37.47999954223633,37.959999084472656,37.43999862670898,37.66999816894531,32.871063232421875,6891900.0
2017-12-31,8385000000.0,-3508000000.0,4877000000.0,-3801000000.0,,,-1015000000.0,1076000000.0,-62000000.0,-365000000.0,1014000000,212000000.0,1226000000,726000000.0,1946000000,,1878000000,1878000000,898000000.0,4445000000.0,1311000000.0,11896000000.0,74202000000.0,640000000.0,30032000000.0,104874000000.0,116770000000,5374000000.0,3017000000.0,10798000000.0,32565000000.0,73785000000.0,84583000000,18964000000.0,-123000000.0,14081000000.0,32187000000.0,116770000000,1948000000.0,1428000000.0,-1125000000.0,-444000000.0,,,,,1807000000.0,-2028000000.0,-1069000000.0,0.0,-2228000000.0,-315000000.0,311000000.0,89000000.0,66000000.0,-355000000,2017-12-29,39.43999862670898,39.5,39.25,39.40999984741211,34.65949249267578,3118300.0
2018-03-31,9693000000.0,-4727000000.0,4966000000.0,-3921000000.0,,,-1091000000.0,1045000000.0,-399000000.0,-371000000.0,646000000,56000000.0,702000000,-59000000.0,636000000,,585000000,585000000,787000000.0,4190000000.0,1291000000.0,11533000000.0,74711000000.0,640000000.0,30134000000.0,105485000000.0,117018000000,4781000000.0,2857000000.0,10153000000.0,33294000000.0,74300000000.0,84453000000,18973000000.0,-123000000.0,14346000000.0,32565000000.0,117018000000,636000000.0,1501000000.0,-75000000.0,-560000000.0,,,,,1502000000.0,-1801000000.0,-1248000000.0,0.0,-1857000000.0,-333000000.0,615000000.0,12000000.0,264000000.0,-91000000,2018-03-29,38.810001373291016,39.31999969482422,38.7599983215332,39.0099983215332,34.63052749633789,6223800.0
2018-06-30,8076000000.0,-3315000000.0,4761000000.0,-3823000000.0,,,-1088000000.0,938000000.0,-329000000.0,-373000000.0,609000000,4000000.0,613000000,-66000000.0,542000000,,539000000,539000000,694000000.0,4094000000.0,1320000000.0,11489000000.0,75284000000.0,636000000.0,29840000000.0,105760000000.0,117249000000,4783000000.0,2410000000.0,9626000000.0,33568000000.0,74784000000.0,84410000000,19008000000.0,-123000000.0,14551000000.0,32839000000.0,117249000000,543000000.0,1499000000.0,464000000.0,-139000000.0,,,,,2367000000.0,-1917000000.0,-2676000000.0,-57000000.0,-1989000000.0,-333000000.0,-111000000.0,15000000.0,-449000000.0,-71000000,2018-06-29,42.34000015258789,42.72000122070313,42.02999877929688,42.599998474121094,38.14128112792969,8975000.0
2018-09-30,9403000000.0,-4332000000.0,5071000000.0,-3920000000.0,,,-1105000000.0,1151000000.0,-199000000.0,-393000000.0,952000000,-5000000.0,947000000,-137000000.0,800000000,,733000000,733000000,1918000000.0,4239000000.0,1316000000.0,13473000000.0,75840000000.0,649000000.0,29523000000.0,106012000000.0,119485000000,5317000000.0,1605000000.0,10479000000.0,34909000000.0,75618000000.0,86097000000,19063000000.0,-123000000.0,14949000000.0,33388000000.0,119485000000,800000000.0,1511000000.0,376000000.0,119000000.0,,,,,2806000000.0,-1689000000.0,-2629000000.0,0.0,-1763000000.0,-333000000.0,587000000.0,40000000.0,250000000.0,1293000000,2018-09-28,42.93000030517578,43.72000122070313,42.84000015258789,43.65999984741211,39.40423202514648,7179400.0
2018-12-31,8806000000.0,7383000000.0,16189000000.0,-3809000000.0,,,-1069000000.0,12380000000.0,-767000000.0,-417000000.0,11613000000,-11678000000.0,-65000000,144000000.0,101000000,,148000000,148000000,1349000000.0,5863000000.0,1351000000.0,13328000000.0,76707000000.0,625000000.0,28974000000.0,106306000000.0,119634000000,5917000000.0,2063000000.0,11404000000.0,34465000000.0,75183000000.0,86587000000,19116000000.0,-123000000.0,14743000000.0,33047000000.0,119634000000,100000000.0,1460000000.0,466000000.0,-57000000.0,,,,,1969000000.0,6666000000.0,6553000000.0,-97000000.0,-2225000000.0,-333000000.0,25000000.0,38000000.0,-284000000.0,-540000000,2018-12-31,44.77999877929688,45.099998474121094,44.45000076293945,45.099998474121094,41.012062072753906,4283900.0
2019-03-31,9477000000.0,-4553000000.0,4924000000.0,-3709000000.0,,,-1075000000.0,1215000000.0,64000000.0,-403000000.0,1279000000,3000000.0,1282000000,-310000000.0,966000000,,907000000,907000000,880000000.0,4564000000.0,1380000000.0,12476000000.0,77460000000.0,620000000.0,31037000000.0,109117000000.0,121593000000,5057000000.0,3762000000.0,12229000000.0,33350000000.0,75660000000.0,87889000000,19171000000.0,-123000000.0,15321000000.0,33704000000.0,121593000000,966000000.0,1460000000.0,-379000000.0,-1003000000.0,,,,,1044000000.0,1848000000.0,-3666000000.0,,-1786000000.0,-352000000.0,590000000.0,51000000.0,275000000.0,-467000000,2019-03-29,49.709999084472656,50.1500015258789,49.59000015258789,50.13000106811523,45.93162155151367,5692200.0
2019-06-30,7689000000.0,-3225000000.0,4464000000.0,-3656000000.0,,,-1079000000.0,808000000.0,-197000000.0,-409000000.0,611000000,33000000.0,644000000,-144000000.0,494000000,,484000000,484000000,735000000.0,5133000000.0,1412000000.0,11655000000.0,78030000000.0,618000000.0,31293000000.0,109941000000.0,121596000000,4959000000.0,4835000000.0,12934000000.0,32299000000.0,74755000000.0,87689000000,19209000000.0,-123000000.0,15452000000.0,33907000000.0,121596000000,494000000.0,1462000000.0,1000000.0,-103000000.0,,,,,1854000000.0,1514000000.0,-3181000000.0,0.0,-1673000000.0,-352000000.0,31000000.0,24000000.0,-317000000.0,-136000000,2019-06-28,47.59000015258789,48.06000137329102,47.5,47.93999862670898,44.24742889404297,6728400.0
2019-09-30,8929000000.0,-3952000000.0,4977000000.0,-3607000000.0,,,-1083000000.0,1370000000.0,-421000000.0,-409000000.0,949000000,-17000000.0,932000000,-172000000.0,760000000,,772000000,772000000,1683000000.0,5273000000.0,1458000000.0,12206000000.0,78593000000.0,471000000.0,31468000000.0,110532000000.0,122738000000,5230000000.0,5267000000.0,13085000000.0,32446000000.0,75301000000.0,88386000000,19238000000.0,-123000000.0,15871000000.0,34352000000.0,122738000000,760000000.0,1471000000.0,420000000.0,-150000000.0,,,,,2501000000.0,-161000000.0,6847000000.0,0.0,-1756000000.0,-351000000.0,616000000.0,19000000.0,255000000.0,1000000000,2019-09-30,48.59000015258789,48.79999923706055,48.22000122070313,48.31000137329102,44.947357177734375,3896000.0
2019-12-31,8343000000.0,7082000000.0,15425000000.0,-3627000000.0,,,-1015000000.0,11798000000.0,-18000000.0,-395000000.0,11780000000,-10836000000.0,944000000,-148000000.0,808000000,,773000000,773000000,587000000.0,6175000000.0,1456000000.0,12037000000.0,80233000000.0,464000000.0,32243000000.0,112940000000.0,124977000000,5546000000.0,6080000000.0,14185000000.0,31719000000.0,76219000000.0,90404000000,19274000000.0,-123000000.0,16267000000.0,34573000000.0,124977000000,808000000.0,1387000000.0,577000000.0,-1512000000.0,,,,,1260000000.0,-345000000.0,,-41000000.0,-2045000000.0,-353000000.0,83000000.0,18000000.0,-271000000.0,-1056000000,2019-12-31,45.38999938964844,45.63999938964844,45.18000030517578,45.59000015258789,42.76553726196289,3691100.0
2020-03-31,8747000000.0,-3867000000.0,4880000000.0,-3662000000.0,,,-1021000000.0,1218000000.0,-1138000000.0,-410000000.0,80000000,2000000.0,82000000,294000000.0,376000000,,582000000,582000000,1457000000.0,5381000000.0,1463000000.0,12476000000.0,81017000000.0,418000000.0,30766000000.0,112201000000.0,124677000000,4423000000.0,4827000000.0,11774000000.0,35198000000.0,78287000000.0,90061000000,19303000000.0,-123000000.0,16475000000.0,34616000000.0,124677000000,376000000.0,1378000000.0,517000000.0,-1191000000.0,,,,,1080000000.0,-2016000000.0,1183000000.0,,-2075000000.0,-373000000.0,2229000000.0,30000000.0,1865000000.0,870000000,2020-03-31,36.79999923706055,37.959999084472656,36.22999954223633,36.810001373291016,34.79399871826172,10587800.0
2020-06-30,7322000000.0,-2924000000.0,4398000000.0,-3845000000.0,,,-1001000000.0,553000000.0,228000000.0,-427000000.0,781000000,12000000.0,793000000,-219000000.0,574000000,,521000000,521000000,2129000000.0,4302000000.0,1508000000.0,12533000000.0,81748000000.0,424000000.0,31608000000.0,113780000000.0,126313000000,4668000000.0,3633000000.0,11065000000.0,36502000000.0,80377000000.0,91442000000,19336000000.0,-123000000.0,16622000000.0,34871000000.0,126313000000,574000000.0,1363000000.0,209000000.0,-546000000.0,,,,,1600000000.0,-1757000000.0,1305000000.0,,-644000000.0,-373000000.0,152000000.0,16000000.0,-268000000.0,688000000,2020-06-30,35.70000076293945,36.560001373291016,35.59000015258789,36.290000915527344,34.67469024658203,5137700.0
