Report Date,Revenue,Cost of Revenue,Gross Profit,Operating Expenses,"Selling, General & Administrative",Research & Development,Depreciation & Amortization,Operating Income (Loss),Non-Operating Income (Loss),"Interest Expense, Net","Pretax Income (Loss), Adj.",Abnormal Gains (Losses),Pretax Income (Loss),"Income Tax (Expense) Benefit, Net",Income (Loss) from Continuing Operations,Net Extraordinary Gains (Losses),Net Income,Net Income (Common),"Cash, Cash Equivalents & Short Term Investments",Accounts & Notes Receivable,Inventories,Total Current Assets,"Property, Plant & Equipment, Net",Long Term Investments & Receivables,Other Long Term Assets,Total Noncurrent Assets,Total Assets,Payables & Accruals,Short Term Debt,Total Current Liabilities,Long Term Debt,Total Noncurrent Liabilities,Total Liabilities,Share Capital & Additional Paid-In Capital,Treasury Stock,Retained Earnings,Total Equity,Total Liabilities & Equity,Net Income/Starting Line,Depreciation & Amortization,Non-Cash Items,Change in Working Capital,Change in Accounts Receivable,Change in Inventories,Change in Accounts Payable,Change in Other,Net Cash from Operating Activities,Change in Fixed Assets & Intangibles,Net Change in Long Term Investment,Net Cash from Acquisitions & Divestitures,Net Cash from Investing Activities,Dividends Paid,Cash from (Repayment of) Debt,Cash from (Repurchase of) Equity,Net Cash from Financing Activities,Net Change in Cash,Price Date,Open,High,Low,Close,Adj Close,Volume
2009-12-31,34811000000.0,-29290000000.0,5521000000.0,-3306000000.0,-3222000000.0,,,2215000000.0,-1307000000.0,-1577000000.0,908000000,,908000000,-30000000.0,878000000,0.0,886000000,886000000,42281000000.0,83086000000.0,5041000000.0,130408000000.0,39907000000.0,,21725000000.0,61632000000.0,192040000000,14301000000.0,,65766000000.0,131635000000.0,134056000000.0,199822000000,16820000000.0,-177000000.0,-13599000000.0,-7782000000.0,192040000000,,,,,,,,,-153000000.0,-668000000.0,678000000.0,-5176000000.0,3823000000.0,,-15963000000.0,180000000.0,-8259000000.0,-4659000000,2009-12-31,10.039999961853027,10.0600004196167,9.920000076293944,10.0,6.7787437438964835,31253700.0
2010-03-31,31566000000.0,-25139000000.0,6427000000.0,-3048000000.0,-3089000000.0,,,3379000000.0,-1244000000.0,-1701000000.0,2135000000,,2135000000,-50000000.0,2085000000,0.0,2085000000,2085000000,46239000000.0,80762000000.0,6292000000.0,133293000000.0,38644000000.0,,20031000000.0,58675000000.0,191968000000,15611000000.0,,65700000000.0,130105000000.0,131705000000.0,197405000000,17416000000.0,-178000000.0,-11514000000.0,-5437000000.0,191968000000,,,,,,,,,2683000000.0,-1068000000.0,-354000000.0,-6979000000.0,1167000000.0,,-9548000000.0,530000000.0,-112000000.0,3462000000,2010-03-31,12.81999969482422,12.949999809265135,12.420000076293945,12.56999969482422,8.520877838134767,433659100.0
2010-06-30,35067000000.0,-27828000000.0,7239000000.0,-3006000000.0,-3137000000.0,,,4233000000.0,-1386000000.0,-1636000000.0,2847000000,,2847000000,-251000000.0,2596000000,0.0,2599000000,2599000000,39726000000.0,78960000000.0,6076000000.0,124762000000.0,36933000000.0,,18055000000.0,54988000000.0,179750000000,15976000000.0,,65005000000.0,117385000000.0,118286000000.0,183291000000,17794000000.0,-176000000.0,-8915000000.0,-3541000000.0,179750000000,,,,,,,,,3774000000.0,-959000000.0,333000000.0,-7728000000.0,1677000000.0,,-17788000000.0,312000000.0,-11061000000.0,-6034000000,2010-06-30,10.100000381469727,10.520000457763672,10.039999961853027,10.079999923706056,6.8329710960388175,182831300.0
2010-09-30,29893000000.0,-24233000000.0,5660000000.0,-2618000000.0,-2654000000.0,,,3042000000.0,-1155000000.0,-1469000000.0,1887000000,,1887000000,-199000000.0,1688000000,0.0,1687000000,1687000000,44148000000.0,78854000000.0,6855000000.0,129857000000.0,35966000000.0,,11255000000.0,47221000000.0,177078000000,17374000000.0,,61100000000.0,116691000000.0,117718000000.0,178818000000,18225000000.0,-161000000.0,-7228000000.0,-1740000000.0,177078000000,,,,,,,,,3781000000.0,-919000000.0,-4448000000.0,-5569000000.0,-2224000000.0,,-13273000000.0,388000000.0,-2397000000.0,-330000000,2010-09-30,12.4399995803833,12.460000038146973,12.199999809265135,12.239999771118164,8.29718017578125,42679600.0
2010-12-31,32428000000.0,-27251000000.0,5177000000.0,-3021000000.0,-3029000000.0,,,2156000000.0,-1876000000.0,-1346000000.0,280000000,,280000000,-92000000.0,188000000,0.0,190000000,190000000,35570000000.0,78451000000.0,5917000000.0,119938000000.0,34854000000.0,,9895000000.0,44749000000.0,164687000000,16362000000.0,,60206000000.0,103988000000.0,105123000000.0,165329000000,20841000000.0,-163000000.0,-7038000000.0,-642000000.0,164687000000,,,,,,,,,1239000000.0,-1146000000.0,5396000000.0,-7279000000.0,6288000000.0,0.0,-8770000000.0,109000000.0,-10851000000.0,-3187000000,2010-12-31,16.649999618530273,16.829999923706055,16.610000610351562,16.790000915527347,11.381507873535154,22417600.0
2011-03-31,33114000000.0,-26776000000.0,6338000000.0,-2680000000.0,-2734000000.0,,,3658000000.0,-882000000.0,-1174000000.0,2776000000,,2776000000,-220000000.0,2556000000,,2551000000,2551000000,34866000000.0,79703000000.0,7414000000.0,121983000000.0,34646000000.0,,10762000000.0,45408000000.0,167391000000,19984000000.0,,62076000000.0,101638000000.0,102850000000.0,164926000000,20761000000.0,-164000000.0,-4487000000.0,2465000000.0,167391000000,,,,,,,,,2497000000.0,-929000000.0,7285000000.0,-8068000000.0,6894000000.0,0.0,-12638000000.0,0.0,-3282000000.0,6513000000,2011-03-31,14.81999969482422,14.949999809265135,14.710000038146973,14.90999984741211,10.10710334777832,41909100.0
2011-06-30,35527000000.0,-29253000000.0,6274000000.0,-2928000000.0,-2907000000.0,,,3346000000.0,-740000000.0,-1127000000.0,2606000000,,2606000000,-206000000.0,2400000000,,2398000000,2398000000,33521000000.0,80496000000.0,7036000000.0,121053000000.0,35418000000.0,,11615000000.0,47033000000.0,168086000000,19424000000.0,,62815000000.0,98550000000.0,99921000000.0,162736000000,20800000000.0,-166000000.0,-2089000000.0,5350000000.0,168086000000,,,,,,,,,3729000000.0,-1093000000.0,-2366000000.0,-9143000000.0,-4071000000.0,0.0,-12992000000.0,0.0,-3723000000.0,-3837000000,2011-06-30,13.460000038146973,13.970000267028807,13.359999656677244,13.789999961853027,9.347885131835938,74076900.0
2011-09-30,33047000000.0,-27617000000.0,5430000000.0,-2866000000.0,-2861000000.0,,,2564000000.0,-718000000.0,-1096000000.0,1846000000,,1846000000,-194000000.0,1652000000,,1649000000,1649000000,33192000000.0,76825000000.0,7212000000.0,117229000000.0,34630000000.0,,10881000000.0,45511000000.0,162740000000,18924000000.0,,60474000000.0,95131000000.0,96240000000.0,156714000000,20857000000.0,-166000000.0,-440000000.0,6026000000.0,162740000000,,,,,,,,,3793000000.0,-1113000000.0,-844000000.0,-8789000000.0,-1832000000.0,0.0,-8733000000.0,0.0,-2209000000.0,-952000000,2011-09-30,9.890000343322754,10.010000228881836,9.649999618530273,9.670000076293944,6.555042743682861,56697200.0
2011-12-31,33917000000.0,-29965000000.0,3952000000.0,-2374000000.0,-2382000000.0,,,1578000000.0,-125000000.0,-1034000000.0,1453000000,,1453000000,12161000000.0,13614000000,,13615000000,13615000000,35766000000.0,78541000000.0,5901000000.0,120208000000.0,35209000000.0,,22931000000.0,58140000000.0,178348000000,17724000000.0,,63093000000.0,99488000000.0,100184000000.0,163277000000,20943000000.0,-166000000.0,12985000000.0,15071000000.0,178348000000,,,,,,,,,-235000000.0,-1158000000.0,-2003000000.0,-8906000000.0,-4032000000.0,0.0,-5891000000.0,0.0,4973000000.0,619000000,2011-12-30,10.640000343322754,10.789999961853027,10.600000381469727,10.760000228881836,7.293924331665039,26815800.0
2012-03-31,32445000000.0,-26934000000.0,5511000000.0,-2862000000.0,-2878000000.0,,,2649000000.0,-611000000.0,-1011000000.0,2038000000,,2038000000,-640000000.0,1398000000,,1396000000,1396000000,36027000000.0,79801000000.0,7031000000.0,122859000000.0,36626000000.0,,22590000000.0,59216000000.0,182075000000,19638000000.0,,64352000000.0,100490000000.0,101073000000.0,165425000000,20923000000.0,-193000000.0,14190000000.0,16650000000.0,182075000000,,,,,,,,,2075000000.0,-1093000000.0,-2112000000.0,-8924000000.0,-4511000000.0,-190000000.0,-9815000000.0,-27000000.0,370000000.0,-1904000000,2012-03-30,12.550000190734865,12.579999923706055,12.399999618530273,12.479999542236328,8.493069648742676,36381000.0
2012-06-30,33211000000.0,-27870000000.0,5341000000.0,-2960000000.0,-2983000000.0,,,2381000000.0,-786000000.0,-986000000.0,1595000000,,1595000000,-557000000.0,1038000000,,1040000000,1040000000,35600000000.0,78254000000.0,7289000000.0,121143000000.0,37985000000.0,,22108000000.0,60093000000.0,181236000000,19661000000.0,,63665000000.0,99897000000.0,100492000000.0,164157000000,20959000000.0,-225000000.0,15230000000.0,17079000000.0,181236000000,,,,,,,,,3904000000.0,-1191000000.0,186000000.0,-9811000000.0,-3038000000.0,-191000000.0,-10297000000.0,-32000000.0,-717000000.0,-143000000,2012-06-29,9.949999809265137,9.979999542236328,9.460000038146973,9.59000015258789,6.554580211639403,138138600.0
2012-09-30,32172000000.0,-26650000000.0,5522000000.0,-2974000000.0,-2919000000.0,,,2548000000.0,-302000000.0,-962000000.0,2246000000,,2246000000,-613000000.0,1633000000,,1631000000,1631000000,35535000000.0,79069000000.0,8208000000.0,122812000000.0,40464000000.0,,21404000000.0,61868000000.0,184680000000,20793000000.0,,64277000000.0,100604000000.0,101197000000.0,165474000000,20970000000.0,-258000000.0,16670000000.0,19206000000.0,184680000000,,,,,,,,,3427000000.0,-1319000000.0,-1187000000.0,-10234000000.0,-5074000000.0,-191000000.0,-5040000000.0,-33000000.0,-35000000.0,-1562000000,2012-09-28,9.989999771118164,10.0,9.8100004196167,9.859999656677246,6.775784969329834,44586300.0
2012-12-31,35731000000.0,-31585000000.0,4146000000.0,-2810000000.0,-2749000000.0,,,1336000000.0,423000000.0,-869000000.0,1759000000,,1759000000,-216000000.0,1543000000,,1546000000,1546000000,35943000000.0,81869000000.0,7362000000.0,125174000000.0,40245000000.0,,23987000000.0,64232000000.0,189406000000,19308000000.0,,67567000000.0,105058000000.0,105528000000.0,173095000000,21016000000.0,-292000000.0,18077000000.0,16311000000.0,189406000000,,,,,,,,,-361000000.0,-1885000000.0,1727000000.0,-9476000000.0,-1667000000.0,-191000000.0,-2850000000.0,-33000000.0,4087000000.0,2120000000,2012-12-31,12.880000114440918,13.079999923706055,12.760000228881836,12.949999809265135,8.942389488220215,106908900.0
2013-03-31,35649000000.0,-30005000000.0,5644000000.0,-3164000000.0,-3124000000.0,,,2480000000.0,-357000000.0,-912000000.0,2123000000,,2123000000,-511000000.0,1612000000,,1611000000,1611000000,34341000000.0,83207000000.0,8423000000.0,125971000000.0,43060000000.0,,23979000000.0,67039000000.0,193010000000,20600000000.0,,67054000000.0,107356000000.0,107994000000.0,175048000000,21134000000.0,-302000000.0,19296000000.0,17962000000.0,193010000000,,,,,,,,,211000000.0,-1483000000.0,-192000000.0,-10389000000.0,-3851000000.0,-392000000.0,-8976000000.0,-10000000.0,1967000000.0,-1839000000,2013-03-28,13.239999771118164,13.239999771118164,13.100000381469727,13.149999618530273,9.147360801696776,25472400.0
2013-06-30,37923000000.0,-32524000000.0,5399000000.0,-3256000000.0,-3203000000.0,,,2143000000.0,-324000000.0,-912000000.0,1819000000,,1819000000,-585000000.0,1234000000,,1233000000,1233000000,36706000000.0,83357000000.0,8192000000.0,128255000000.0,45714000000.0,,22241000000.0,67955000000.0,196210000000,20961000000.0,,68128000000.0,107857000000.0,108533000000.0,176661000000,21259000000.0,-379000000.0,20136000000.0,19549000000.0,196210000000,,,,,,,,,6078000000.0,-1594000000.0,-2854000000.0,-11446000000.0,-7212000000.0,-393000000.0,-7924000000.0,-77000000.0,708000000.0,-458000000,2013-06-28,15.5600004196167,15.649999618530273,15.4399995803833,15.470000267028807,10.840259552001953,45034700.0
2013-09-30,35775000000.0,-30030000000.0,5745000000.0,-3281000000.0,-3235000000.0,,,2464000000.0,-373000000.0,-966000000.0,2091000000,,2091000000,-818000000.0,1273000000,,1272000000,1272000000,37642000000.0,85111000000.0,8799000000.0,131552000000.0,47795000000.0,,21724000000.0,69519000000.0,201071000000,21640000000.0,,68973000000.0,110622000000.0,111259000000.0,180232000000,21418000000.0,-456000000.0,21014000000.0,20839000000.0,201071000000,,,,,,,,,3840000000.0,-1582000000.0,496000000.0,-11801000000.0,-4257000000.0,-394000000.0,-6615000000.0,-77000000.0,1667000000.0,1390000000,2013-09-30,16.770000457763672,17.010000228881836,16.690000534057614,16.870000839233402,11.890899658203125,36511300.0
2013-12-31,37570000000.0,-27631000000.0,9939000000.0,-1357000000.0,-1288000000.0,,,8582000000.0,-244000000.0,-899000000.0,8338000000,,8338000000,-511000000.0,7827000000,,7837000000,7837000000,36568000000.0,87309000000.0,7708000000.0,131585000000.0,47600000000.0,,22994000000.0,70594000000.0,202179000000,19531000000.0,,60417000000.0,114688000000.0,115286000000.0,175703000000,21462000000.0,-506000000.0,23386000000.0,26476000000.0,202179000000,,,,,,,,,315000000.0,-1938000000.0,804000000.0,-12186000000.0,-4411000000.0,-395000000.0,-7365000000.0,-49000000.0,3791000000.0,-284000000,2013-12-31,15.289999961853027,15.43000030517578,15.260000228881836,15.43000030517578,10.93801975250244,27829000.0
2014-03-31,35876000000.0,-31021000000.0,4855000000.0,-3411000000.0,-3372000000.0,,,1444000000.0,-185000000.0,-886000000.0,1259000000,,1259000000,-270000000.0,989000000,,989000000,989000000,36529000000.0,89861000000.0,8874000000.0,135264000000.0,48471000000.0,,23347000000.0,71818000000.0,207082000000,22209000000.0,,62350000000.0,117004000000.0,117594000000.0,179944000000,21587000000.0,-506000000.0,23882000000.0,27138000000.0,207082000000,,,,,,,,,2220000000.0,-1516000000.0,-1511000000.0,-11646000000.0,-5662000000.0,-493000000.0,-9310000000.0,,1988000000.0,-1485000000,2014-03-31,15.600000381469727,15.630000114440918,15.479999542236328,15.600000381469727,11.147171974182127,27054500.0
2014-06-30,37411000000.0,-31247000000.0,6164000000.0,-3580000000.0,-3476000000.0,,,2584000000.0,-466000000.0,-890000000.0,2118000000,,2118000000,-803000000.0,1315000000,,1311000000,1311000000,35669000000.0,92879000000.0,9365000000.0,137913000000.0,51363000000.0,,21669000000.0,73032000000.0,210945000000,22062000000.0,,64506000000.0,118707000000.0,119295000000.0,183801000000,21645000000.0,-1461000000.0,24699000000.0,27144000000.0,210945000000,,,,,,,,,4750000000.0,-1912000000.0,-560000000.0,-12970000000.0,-6023000000.0,-494000000.0,-9803000000.0,-862000000.0,-186000000.0,-1410000000,2014-06-30,17.299999237060547,17.350000381469727,17.200000762939453,17.239999771118164,12.415323257446287,24073800.0
2014-09-30,34920000000.0,-30197000000.0,4723000000.0,-3558000000.0,-3484000000.0,,,1165000000.0,-144000000.0,-877000000.0,1021000000,,1021000000,-188000000.0,833000000,,835000000,835000000,33963000000.0,91025000000.0,9296000000.0,134284000000.0,53058000000.0,,21493000000.0,74551000000.0,208835000000,21155000000.0,,62562000000.0,119193000000.0,119769000000.0,182331000000,21720000000.0,-2470000000.0,25051000000.0,26504000000.0,208835000000,,,,,,,,,5369000000.0,-1881000000.0,3436000000.0,-14752000000.0,-3909000000.0,-483000000.0,-6183000000.0,-1102000000.0,611000000.0,1747000000,2014-09-30,15.010000228881836,15.149999618530273,14.489999771118164,14.789999961853027,10.727282524108887,115056700.0
2014-12-31,35870000000.0,-39438000000.0,-3568000000.0,-1293000000.0,-1510000000.0,,,-4861000000.0,1697000000.0,1856000000.0,-3164000000,,-3164000000,1257000000.0,-1907000000,,-1904000000,-1904000000,31150000000.0,92819000000.0,7870000000.0,131839000000.0,53343000000.0,,23433000000.0,76776000000.0,208615000000,20035000000.0,,64067000000.0,119171000000.0,119741000000.0,183808000000,21129000000.0,-848000000.0,9422000000.0,24807000000.0,208615000000,,,,,,,,,2168000000.0,-2154000000.0,205000000.0,-12305000000.0,-5530000000.0,-482000000.0,-7433000000.0,0.0,1010000000.0,-2563000000,2014-12-31,15.510000228881836,15.640000343322756,15.470000267028807,15.5,11.342378616333008,17930200.0
2015-03-31,33900000000.0,-28472000000.0,5428000000.0,-3538000000.0,-3465000000.0,,,1890000000.0,-111000000.0,-812000000.0,1779000000,,1779000000,-625000000.0,1154000000,,1153000000,1153000000,33100000000.0,92172000000.0,9519000000.0,134791000000.0,53526000000.0,,24057000000.0,77583000000.0,212374000000,22366000000.0,,64010000000.0,122776000000.0,123301000000.0,187311000000,21314000000.0,-848000000.0,24887000000.0,25063000000.0,212374000000,,,,,,,,,2413000000.0,-1800000000.0,-384000000.0,-12257000000.0,-4960000000.0,-593000000.0,-8198000000.0,0.0,4584000000.0,1611000000,2015-03-31,16.120000839233402,16.290000915527347,16.079999923706055,16.139999389648438,11.93122386932373,21792600.0
2015-06-30,37263000000.0,-32071000000.0,5192000000.0,-2544000000.0,-2544000000.0,,,2648000000.0,638000000.0,-190000000.0,3286000000,,3286000000,-1125000000.0,2161000000,,2160000000,2160000000,31302000000.0,95487000000.0,9438000000.0,136227000000.0,56898000000.0,,22920000000.0,79818000000.0,216045000000,21844000000.0,,65493000000.0,123526000000.0,124104000000.0,189597000000,21358000000.0,-939000000.0,26175000000.0,26448000000.0,216045000000,,,,,,,,,5210000000.0,-1733000000.0,2324000000.0,-14248000000.0,-3990000000.0,-597000000.0,-11413000000.0,-91000000.0,-843000000.0,529000000,2015-06-30,15.170000076293945,15.18000030517578,14.899999618530273,15.010000228881836,11.200502395629883,28509300.0
2015-09-30,38144000000.0,-33118000000.0,5026000000.0,-2386000000.0,-2386000000.0,,,2640000000.0,651000000.0,-206000000.0,3291000000,,3291000000,-1099000000.0,2192000000,,2192000000,2192000000,31847000000.0,98581000000.0,9496000000.0,139924000000.0,57044000000.0,,22463000000.0,79507000000.0,219431000000,22386000000.0,,64899000000.0,126425000000.0,126954000000.0,191853000000,21395000000.0,-977000000.0,27489000000.0,27578000000.0,219431000000,,,,,,,,,6455000000.0,-1825000000.0,1441000000.0,-17257000000.0,-7714000000.0,-595000000.0,-6911000000.0,-38000000.0,3396000000.0,1789000000,2015-09-30,13.369999885559082,13.579999923706055,13.270000457763672,13.56999969482422,10.229439735412598,40205300.0
2015-12-31,40251000000.0,-38153000000.0,2098000000.0,-2295000000.0,-2368000000.0,,,-197000000.0,2093000000.0,435000000.0,1896000000,,1896000000,-32000000.0,1864000000,,1868000000,1868000000,35176000000.0,56179000000.0,8319000000.0,102587000000.0,57256000000.0,45554000000.0,19528000000.0,122338000000.0,224925000000,20272000000.0,42975000000.0,82336000000.0,89879000000.0,113838000000.0,196174000000,21462000000.0,-977000000.0,14414000000.0,28751000000.0,224925000000,,,,,,,,,2148000000.0,-1838000000.0,-3894000000.0,-13455000000.0,-9498000000.0,-595000000.0,-5190000000.0,0.0,7129000000.0,-414000000,2015-12-31,14.140000343322756,14.15999984741211,14.039999961853027,14.09000015258789,10.729516983032227,19881000.0
2016-03-31,37718000000.0,-32577000000.0,5141000000.0,-2690000000.0,-2690000000.0,,,2451000000.0,1200000000.0,-200000000.0,3651000000,,3651000000,-1196000000.0,2455000000,,2452000000,2452000000,39473000000.0,105532000000.0,9770000000.0,154775000000.0,59398000000.0,,23115000000.0,82513000000.0,237288000000,22072000000.0,,66021000000.0,140995000000.0,141551000000.0,207572000000,21495000000.0,-1122000000.0,15278000000.0,29716000000.0,237288000000,,,,,,,,,4149000000.0,-1511000000.0,-2552000000.0,-12677000000.0,-6975000000.0,-1588000000.0,-9552000000.0,-145000000.0,4279000000.0,1645000000,2016-03-31,13.34000015258789,13.520000457763672,13.34000015258789,13.5,10.626953125,32943400.0
2016-06-30,39485000000.0,-34780000000.0,4705000000.0,-2784000000.0,-2784000000.0,,,1921000000.0,954000000.0,-212000000.0,2875000000,,2875000000,-903000000.0,1972000000,,1970000000,1970000000,39297000000.0,58588000000.0,9829000000.0,110767000000.0,61408000000.0,47427000000.0,20076000000.0,128911000000.0,239678000000,23084000000.0,44861000000.0,89408000000.0,95053000000.0,119021000000.0,208429000000,21587000000.0,-1122000000.0,16652000000.0,31249000000.0,239678000000,,,,,,,,,7742000000.0,-1695000000.0,1286000000.0,-14824000000.0,-5134000000.0,-596000000.0,-10618000000.0,0.0,-1291000000.0,1146000000,2016-06-30,12.5600004196167,12.56999969482422,12.260000228881836,12.56999969482422,10.004008293151855,44983800.0
2016-09-30,35943000000.0,-32868000000.0,3075000000.0,-2657000000.0,-2657000000.0,,,418000000.0,969000000.0,-238000000.0,1387000000,,1387000000,-426000000.0,961000000,,957000000,957000000,34165000000.0,55579000000.0,10219000000.0,103515000000.0,61453000000.0,49614000000.0,20381000000.0,131448000000.0,234963000000,22384000000.0,47273000000.0,89188000000.0,89951000000.0,114180000000.0,203368000000,21639000000.0,-1122000000.0,17013000000.0,31595000000.0,234963000000,,,,,,,,,5161000000.0,-1706000000.0,1239000000.0,-16245000000.0,-5949000000.0,-596000000.0,-8649000000.0,0.0,-2878000000.0,-3723000000,2016-09-30,12.0,12.140000343322756,11.989999771118164,12.06999969482422,9.711406707763672,34903800.0
2016-12-31,38654000000.0,-34862000000.0,3792000000.0,-2841000000.0,-2841000000.0,,,951000000.0,-2068000000.0,-244000000.0,-1117000000,,-1117000000,336000000.0,-781000000,,-783000000,-783000000,38827000000.0,57368000000.0,8898000000.0,108461000000.0,60901000000.0,49924000000.0,18665000000.0,129490000000.0,237951000000,21296000000.0,49669000000.0,90281000000.0,93301000000.0,118387000000.0,208668000000,21671000000.0,-1122000000.0,15634000000.0,29283000000.0,237951000000,,,,,,,,,2798000000.0,-2080000000.0,-2047000000.0,-12261000000.0,-7294000000.0,-596000000.0,-6114000000.0,0.0,7290000000.0,2565000000,2016-12-30,12.239999771118164,12.279999732971193,12.079999923706055,12.130000114440918,9.881270408630373,27405700.0
2017-03-31,39146000000.0,-34918000000.0,4228000000.0,-2764000000.0,-2764000000.0,,,1464000000.0,787000000.0,-293000000.0,2251000000,,2251000000,-652000000.0,1599000000,,1592000000,1592000000,39989000000.0,59290000000.0,10535000000.0,113228000000.0,60582000000.0,50694000000.0,19590000000.0,130866000000.0,244094000000,23257000000.0,49257000000.0,91304000000.0,96720000000.0,122052000000.0,213356000000,21678000000.0,-1122000000.0,16992000000.0,30738000000.0,244094000000,,,,,,,,,4336000000.0,-1706000000.0,673000000.0,-13467000000.0,-3652000000.0,-795000000.0,-11253000000.0,0.0,1120000000.0,1905000000,2017-03-31,11.65999984741211,11.68000030517578,11.600000381469727,11.640000343322756,9.63492488861084,26717500.0
2017-06-30,39853000000.0,-35566000000.0,4287000000.0,-2756000000.0,-2756000000.0,,,1531000000.0,728000000.0,-277000000.0,2259000000,,2259000000,-209000000.0,2050000000,,2042000000,2042000000,39109000000.0,60047000000.0,11092000000.0,113539000000.0,62391000000.0,51551000000.0,19988000000.0,133930000000.0,247469000000,23568000000.0,50773000000.0,94299000000.0,95236000000.0,120811000000.0,215110000000,21776000000.0,-1253000000.0,18437000000.0,32359000000.0,247469000000,,,,,,,,,5615000000.0,-1558000000.0,-698000000.0,-13912000000.0,-5210000000.0,-597000000.0,-8627000000.0,-131000000.0,-2158000000.0,-1587000000,2017-06-30,11.18000030517578,11.279999732971193,11.15999984741211,11.1899995803833,9.387269973754883,41075000.0
2017-09-30,36451000000.0,-32561000000.0,3890000000.0,-2919000000.0,-2919000000.0,,,971000000.0,786000000.0,-284000000.0,1757000000,,1757000000,-186000000.0,1571000000,,1564000000,1564000000,38081000000.0,59818000000.0,11263000000.0,112732000000.0,63474000000.0,54323000000.0,20744000000.0,138541000000.0,251273000000,23566000000.0,51174000000.0,94352000000.0,97938000000.0,123561000000.0,217913000000,21845000000.0,-1253000000.0,19405000000.0,33360000000.0,251273000000,,,,,,,,,4998000000.0,-1672000000.0,2428000000.0,-15675000000.0,-3663000000.0,-596000000.0,-9599000000.0,0.0,-127000000.0,1383000000,2017-09-29,11.970000267028807,12.020000457763672,11.920000076293945,11.970000267028807,10.170570373535156,31227500.0
2017-12-31,41326000000.0,-37323000000.0,4003000000.0,-3088000000.0,-3088000000.0,,,915000000.0,977000000.0,-336000000.0,1892000000,,1892000000,645000000.0,2537000000,,2533000000,2533000000,38927000000.0,62809000000.0,11176000000.0,116801000000.0,63562000000.0,56182000000.0,21951000000.0,141695000000.0,258496000000,23282000000.0,51621000000.0,94600000000.0,102666000000.0,128192000000.0,222792000000,21884000000.0,-1253000000.0,21906000000.0,35704000000.0,258496000000,,,,,,,,,3147000000.0,-2113000000.0,-72000000.0,-16300000000.0,-6835000000.0,-596000000.0,-10062000000.0,0.0,4559000000.0,918000000,2017-12-29,12.579999923706055,12.609999656677244,12.489999771118164,12.489999771118164,10.744175910949707,18362500.0
2018-03-31,41959000000.0,-38091000000.0,3868000000.0,-2747000000.0,-2747000000.0,,,1121000000.0,798000000.0,-289000000.0,1919000000,,1919000000,-174000000.0,1745000000,,1736000000,1736000000,40071000000.0,67066000000.0,12371000000.0,123264000000.0,64449000000.0,57121000000.0,22396000000.0,143966000000.0,267230000000,25480000000.0,52983000000.0,99878000000.0,105351000000.0,130818000000.0,230696000000,21882000000.0,-1342000000.0,22529000000.0,36534000000.0,267230000000,,,,,,,,,3514000000.0,-1779000000.0,-1827000000.0,-15683000000.0,-6544000000.0,-1113000000.0,-13269000000.0,-89000000.0,2414000000.0,-501000000,2018-03-29,10.93000030517578,11.130000114440918,10.920000076293944,11.079999923706056,9.76598072052002,39864000.0
2018-06-30,38920000000.0,-35556000000.0,3364000000.0,-2778000000.0,-2778000000.0,,,586000000.0,763000000.0,-301000000.0,1349000000,,1349000000,-280000000.0,1069000000,,1066000000,1066000000,36476000000.0,62380000000.0,12565000000.0,115025000000.0,64945000000.0,56351000000.0,21758000000.0,143054000000.0,258079000000,22743000000.0,50884000000.0,94861000000.0,101959000000.0,126650000000.0,221511000000,21994000000.0,-1342000000.0,22993000000.0,36568000000.0,258079000000,,,,,,,,,4972000000.0,-1909000000.0,2858000000.0,-16590000000.0,-2478000000.0,-598000000.0,-13765000000.0,0.0,-3206000000.0,-1116000000,2018-06-29,11.31999969482422,11.369999885559082,11.029999732971193,11.06999969482422,9.888078689575195,44718500.0
2018-09-30,37666000000.0,-33920000000.0,3746000000.0,-2882000000.0,-2882000000.0,,,864000000.0,230000000.0,-343000000.0,1094000000,,1094000000,-101000000.0,993000000,,991000000,991000000,36342000000.0,62062000000.0,12810000000.0,114843000000.0,65302000000.0,57043000000.0,21778000000.0,144123000000.0,258966000000,23273000000.0,50763000000.0,94750000000.0,102668000000.0,127498000000.0,222248000000,22052000000.0,-1417000000.0,23384000000.0,36718000000.0,258966000000,,,,,,,,,5179000000.0,-1981000000.0,1763000000.0,-15954000000.0,-3573000000.0,-597000000.0,-8169000000.0,-75000000.0,144000000.0,1734000000,2018-09-28,9.220000267028807,9.279999732971193,9.09000015258789,9.25,8.378549575805664,30987200.0
2018-12-31,41793000000.0,-28702000000.0,13091000000.0,-12459000000.0,-2996000000.0,,,632000000.0,-649000000.0,-295000000.0,-17000000,,-17000000,-95000000.0,-112000000,,-116000000,-116000000,33951000000.0,65548000000.0,11220000000.0,114649000000.0,65297000000.0,55544000000.0,21050000000.0,141891000000.0,256540000000,21520000000.0,53493000000.0,95569000000.0,100720000000.0,124905000000.0,220474000000,22047000000.0,-1417000000.0,22668000000.0,36066000000.0,256540000000,,,,,,,,,1357000000.0,-2116000000.0,593000000.0,-14697000000.0,-3666000000.0,-597000000.0,38342000000.0,0.0,526000000.0,-1848000000,2018-12-31,7.8499999046325675,7.860000133514403,7.5,7.6500000953674325,7.053765296936035,57816000.0
2019-03-31,40342000000.0,-36297000000.0,4045000000.0,-2843000000.0,-2843000000.0,,,1202000000.0,408000000.0,-245000000.0,1610000000,,1610000000,-427000000.0,1183000000,,1146000000,1146000000,37730000000.0,67460000000.0,12333000000.0,121195000000.0,65374000000.0,54332000000.0,22380000000.0,142086000000.0,263281000000,23325000000.0,54548000000.0,99237000000.0,102612000000.0,127475000000.0,226712000000,22067000000.0,-1394000000.0,23226000000.0,36569000000.0,263281000000,,,,,,,,,3544000000.0,-1633000000.0,518000000.0,-12595000000.0,-1334000000.0,-597000000.0,-12857000000.0,0.0,1873000000.0,4112000000,2019-03-29,8.800000190734863,8.890000343322754,8.710000038146973,8.779999732971191,8.236733436584473,33962800.0
2019-06-30,38853000000.0,-36038000000.0,2815000000.0,-2725000000.0,-2725000000.0,,,90000000.0,115000000.0,-244000000.0,205000000,,205000000,-55000000.0,150000000,,148000000,148000000,38048000000.0,64697000000.0,12437000000.0,118351000000.0,36581000000.0,83673000000.0,23579000000.0,143833000000.0,262184000000,22980000000.0,52851000000.0,98334000000.0,103213000000.0,127714000000.0,226048000000,22152000000.0,-1388000000.0,22769000000.0,36136000000.0,262184000000,,,,,,,,,6463000000.0,,,,-2490000000.0,-599000000.0,-12839000000.0,0.0,-2681000000.0,1287000000,2019-06-28,10.199999809265137,10.3100004196167,10.199999809265137,10.229999542236328,9.750977516174316,37551600.0
2019-09-30,36990000000.0,-34650000000.0,2340000000.0,-2601000000.0,-2601000000.0,,,-261000000.0,242000000.0,-276000000.0,-19000000,,-19000000,442000000.0,423000000,,425000000,425000000,37331000000.0,61804000000.0,12451000000.0,115754000000.0,35404000000.0,82982000000.0,24017000000.0,142403000000.0,258157000000,22228000000.0,54604000000.0,99087000000.0,99507000000.0,123683000000.0,222770000000,22220000000.0,-1619000000.0,22590000000.0,35387000000.0,258157000000,,,,,,,,,4732000000.0,,,,-4547000000.0,-598000000.0,-10245000000.0,-237000000.0,-1632000000.0,-1625000000,2019-09-30,9.109999656677246,9.210000038146973,9.100000381469727,9.15999984741211,8.861394882202148,21510000.0
2019-12-31,39715000000.0,-27708000000.0,12007000000.0,-12464000000.0,-2992000000.0,,,-457000000.0,-1979000000.0,-255000000.0,-2436000000,,-2436000000,764000000.0,-1672000000,,-1672000000,-1672000000,34651000000.0,62888000000.0,10786000000.0,114047000000.0,36469000000.0,82933000000.0,25088000000.0,144490000000.0,258537000000,20673000000.0,53946000000.0,98132000000.0,101361000000.0,127175000000.0,225307000000,22206000000.0,-1613000000.0,20320000000.0,33230000000.0,258537000000,-1672000000.0,2379000000.0,1153000000.0,1040000000.0,,,,,2900000000.0,-2274000000.0,-708000000.0,-14434000000.0,-5350000000.0,-595000000.0,35664000000.0,0.0,-689000000.0,-2940000000,2019-12-31,9.25,9.329999923706056,9.25,9.300000190734863,9.144481658935547,32342100.0
2020-03-31,34320000000.0,-30522000000.0,3798000000.0,-5356000000.0,-2432000000.0,,,-1558000000.0,412000000.0,-227000000.0,-1146000000,,-1146000000,-847000000.0,-1993000000,,-1993000000,-1993000000,46370000000.0,61514000000.0,11312000000.0,124276000000.0,63808000000.0,51141000000.0,24925000000.0,139874000000.0,264150000000,18439000000.0,52912000000.0,94494000000.0,114414000000.0,139958000000.0,234452000000,22191000000.0,-1607000000.0,17527000000.0,29698000000.0,264150000000,-1993000000.0,2142000000.0,1609000000.0,-2231000000.0,,,,,-473000000.0,-1780000000.0,-3246000000.0,-10844000000.0,-3114000000.0,-596000000.0,13121000000.0,,12454000000.0,8419000000,2020-03-31,5.03000020980835,5.190000057220459,4.75,4.829999923706055,4.829999923706055,231800800.0
2020-06-30,19371000000.0,-17932000000.0,1439000000.0,-4198000000.0,-1965000000.0,,,-2759000000.0,3843000000.0,-450000000.0,1084000000,,1084000000,34000000.0,1118000000,,1117000000,1117000000,57130000000.0,51827000000.0,10220000000.0,124111000000.0,62992000000.0,53987000000.0,28276000000.0,145255000000.0,269366000000,16360000000.0,55344000000.0,92780000000.0,119886000000.0,145731000000.0,238511000000,22251000000.0,-1601000000.0,18645000000.0,30855000000.0,269366000000,1118000000.0,2070000000.0,-3712000000.0,9639000000.0,,,,,9115000000.0,-1175000000.0,-5574000000.0,-14929000000.0,-11101000000.0,0.0,7048000000.0,,6937000000.0,5021000000,2020-06-30,5.980000019073486,6.0999999046325675,5.9000000953674325,6.079999923706055,6.079999923706055,61909300.0
