Report Date,Revenue,Cost of Revenue,Gross Profit,Operating Expenses,"Selling, General & Administrative",Research & Development,Depreciation & Amortization,Operating Income (Loss),Non-Operating Income (Loss),"Interest Expense, Net","Pretax Income (Loss), Adj.",Abnormal Gains (Losses),Pretax Income (Loss),"Income Tax (Expense) Benefit, Net",Income (Loss) from Continuing Operations,Net Extraordinary Gains (Losses),Net Income,Net Income (Common),"Cash, Cash Equivalents & Short Term Investments",Accounts & Notes Receivable,Inventories,Total Current Assets,"Property, Plant & Equipment, Net",Long Term Investments & Receivables,Other Long Term Assets,Total Noncurrent Assets,Total Assets,Payables & Accruals,Short Term Debt,Total Current Liabilities,Long Term Debt,Total Noncurrent Liabilities,Total Liabilities,Share Capital & Additional Paid-In Capital,Treasury Stock,Retained Earnings,Total Equity,Total Liabilities & Equity,Net Income/Starting Line,Depreciation & Amortization,Non-Cash Items,Change in Working Capital,Change in Accounts Receivable,Change in Inventories,Change in Accounts Payable,Change in Other,Net Cash from Operating Activities,Change in Fixed Assets & Intangibles,Net Change in Long Term Investment,Net Cash from Acquisitions & Divestitures,Net Cash from Investing Activities,Dividends Paid,Cash from (Repayment of) Debt,Cash from (Repurchase of) Equity,Net Cash from Financing Activities,Net Change in Cash,Price Date,Open,High,Low,Close,Adj Close,Volume
2009-06-30,829200000.0,-622800000.0,206400000.0,-93000000.0,-93000000.0,,,113400000.0,-25800000.0,-31300000.0,87600000,,87600000,-30100000.0,57500000,2100000.0,59200000,59200000,227900000.0,521800000.0,,1094900000.0,271400000.0,,6073500000.0,6344900000.0,7439800000,458100000.0,158100000.0,881900000.0,2134000000.0,2669600000.0,3551500000,2966600000.0,-383200000.0,1149200000.0,3888300000.0,7439800000,59600000.0,92100000.0,-24300000.0,40800000.0,,,,,168200000.0,-12100000.0,,-800000.0,-51700000.0,-9600000.0,-167300000.0,2400000.0,-174500000.0,-44100000,2009-06-30,20.040000915527344,20.290000915527344,19.920000076293945,19.959999084472656,16.967859268188473,2576200.0
2009-09-30,828700000.0,-605400000.0,223300000.0,-89400000.0,-89400000.0,,,133900000.0,-30400000.0,-31800000.0,103500000,,103500000,-35500000.0,68000000,1000000.0,67600000,67600000,205600000.0,518100000.0,,1057300000.0,263300000.0,,6109900000.0,6373200000.0,7430500000,362200000.0,195800000.0,885900000.0,1947900000.0,2512700000.0,3398600000,2911100000.0,-308700000.0,1207100000.0,4031900000.0,7430500000,69000000.0,94300000.0,11800000.0,-1200000.0,,,,,173900000.0,-7400000.0,,0.0,-43500000.0,-11500000.0,-148400000.0,5600000.0,-149900000.0,-22300000,2009-09-30,25.170000076293945,25.559999465942386,24.940000534057614,25.51000022888184,21.729644775390625,3607800.0
2009-12-31,1259100000.0,-894900000.0,364200000.0,-268800000.0,-268800000.0,,,95400000.0,-35700000.0,-36300000.0,59700000,-136900000.0,-77200000,28000000.0,-49200000,-3600000.0,-53900000,-53900000,430900000.0,765400000.0,,1666100000.0,375900000.0,,11955600000.0,12331500000.0,13997600000,523200000.0,236700000.0,1234700000.0,3016600000.0,4244300000.0,5479000000,7348900000.0,-256800000.0,1134600000.0,8518600000.0,13997600000,-52800000.0,155600000.0,151700000.0,-45400000.0,,,,,209100000.0,-18000000.0,,459200000.0,392300000.0,-16800000.0,-617300000.0,12700000.0,-385700000.0,225300000,2009-12-31,23.670000076293945,23.70000076293945,23.440000534057614,23.440000534057614,20.00856208801269,963500.0
2010-03-31,1235000000.0,-890400000.0,344600000.0,-157200000.0,-157200000.0,,,187400000.0,-33500000.0,-28200000.0,153900000,,153900000,-56900000.0,97000000,-3500000.0,93600000,93600000,463900000.0,717500000.0,,1593200000.0,368900000.0,,11871900000.0,12240800000.0,13834000000,541400000.0,236900000.0,1258700000.0,2815600000.0,4017800000.0,5276500000,7328200000.0,-239200000.0,1209500000.0,8557500000.0,13834000000,93500000.0,152800000.0,13000000.0,12300000.0,,,,,271600000.0,-20800000.0,,21500000.0,2500000.0,-19500000.0,-200400000.0,-19000000.0,-239000000.0,33000000,2010-03-31,23.32999992370605,23.46999931335449,23.25,23.440000534057614,20.051776885986328,1941300.0
2010-06-30,1271000000.0,-893200000.0,377800000.0,-193700000.0,-193700000.0,,,184100000.0,-31900000.0,-19300000.0,152200000,,152200000,-56100000.0,96100000,-5000000.0,89900000,89900000,502000000.0,737000000.0,,1618200000.0,368300000.0,,11779800000.0,12148100000.0,13766300000,480900000.0,263700000.0,1212200000.0,2697200000.0,3875600000.0,5087800000,7246000000.0,-66400000.0,1280400000.0,8678500000.0,13766300000,91100000.0,152300000.0,-31300000.0,-38500000.0,,,,,173600000.0,-26800000.0,,3400000.0,-75800000.0,-19800000.0,-93800000.0,73100000.0,-49500000.0,38100000,2010-06-30,27.01000022888184,27.35000038146973,26.78000068664551,26.81999969482422,22.98543357849121,3476100.0
2010-09-30,1367200000.0,-897300000.0,469900000.0,-138900000.0,-138900000.0,,,331000000.0,-43000000.0,-60900000.0,288000000,-154900000.0,133100000,-48200000.0,84900000,-23900000.0,110400000,110400000,389400000.0,736600000.0,,1483500000.0,371900000.0,,11700300000.0,12072200000.0,13555700000,481100000.0,267500000.0,1187000000.0,4828800000.0,5947800000.0,7134800000,7197900000.0,-2383200000.0,1375800000.0,6420900000.0,13555700000,61000000.0,154700000.0,119900000.0,5100000.0,,,,,340700000.0,-42300000.0,,-20000000.0,-147600000.0,-15800000.0,2131700000.0,-2394700000.0,-315900000.0,-112600000,2010-09-30,27.420000076293945,27.70000076293945,27.10000038146973,27.1299991607666,23.293201446533203,2158100.0
2010-12-31,1272400000.0,-872800000.0,399600000.0,-164200000.0,-164200000.0,,,235400000.0,-76500000.0,-65000000.0,158900000,0.0,158900000,-47200000.0,111700000,600000.0,110600000,110600000,338000000.0,839400000.0,,1673000000.0,390000000.0,,12113300000.0,12503300000.0,14176300000,591800000.0,256900000.0,1300400000.0,4935200000.0,6314300000.0,7614700000,7203500000.0,-2359400000.0,1471200000.0,6561600000.0,14176300000,112300000.0,159700000.0,70700000.0,-57300000.0,,,,,285400000.0,-42900000.0,,-336600000.0,-423300000.0,-12800000.0,95400000.0,9900000.0,85400000.0,-51400000,2010-12-31,27.60000038146973,27.709999084472656,27.190000534057614,27.38999938964844,23.558807373046875,1641500.0
2011-03-31,1383400000.0,-996000000.0,387400000.0,-173500000.0,-173500000.0,,,213900000.0,-64700000.0,-68000000.0,149200000,,149200000,-52300000.0,96900000,-3300000.0,92800000,92800000,384100000.0,864100000.0,,1644700000.0,383900000.0,,12085700000.0,12469600000.0,14114300000,591600000.0,577000000.0,1570300000.0,4435200000.0,5813500000.0,7383800000,7195100000.0,-2279200000.0,1548800000.0,6730500000.0,14114300000,93600000.0,154400000.0,35500000.0,-23300000.0,,,,,260200000.0,-20400000.0,,-6900000.0,-78500000.0,-15200000.0,-180500000.0,51500000.0,-140100000.0,46100000,2011-03-31,32.72999954223633,32.990001678466804,32.459999084472656,32.689998626708984,28.16290283203125,1474300.0
2011-06-30,1413300000.0,-989400000.0,423900000.0,-169300000.0,-169300000.0,,,254600000.0,-66000000.0,-65800000.0,188600000,,188600000,-60200000.0,128400000,-3100000.0,123500000,123500000,427300000.0,865100000.0,,1705600000.0,408900000.0,,12047100000.0,12456000000.0,14161600000,605800000.0,564400000.0,1615500000.0,4320000000.0,5651700000.0,7267200000,7201100000.0,-2252600000.0,1657100000.0,6894400000.0,14161600000,125300000.0,155600000.0,-2300000.0,-15300000.0,,,,,263300000.0,-29900000.0,,100000.0,-67900000.0,-16900000.0,-159500000.0,14900000.0,-157300000.0,43200000,2011-06-30,30.670000076293945,30.90999984741211,30.57999992370605,30.790000915527344,26.56835746765137,1046900.0
2011-09-30,1398200000.0,-965300000.0,432900000.0,-159700000.0,-159700000.0,,,273200000.0,-61300000.0,-60500000.0,211900000,,211900000,-64600000.0,147300000,-7100000.0,136300000,136300000,386800000.0,808300000.0,,1604200000.0,410700000.0,,11870600000.0,12281300000.0,13885500000,561800000.0,538300000.0,1515900000.0,4327700000.0,5618700000.0,7134600000,7214200000.0,-2433400000.0,1778400000.0,6750900000.0,13885500000,140200000.0,161600000.0,3000000.0,-29200000.0,,,,,275600000.0,-37900000.0,,-5900000.0,-82200000.0,-15900000.0,-17600000.0,-182900000.0,-216000000.0,-40500000,2011-09-30,24.420000076293945,24.709999084472656,24.31999969482422,24.31999969482422,21.026607513427734,1620300.0
2011-12-31,1430700000.0,-968400000.0,462300000.0,-145400000.0,-145400000.0,,,316900000.0,-130500000.0,-64500000.0,186400000,-9100000.0,177300000,-55300000.0,122000000,0.0,117000000,117000000,415500000.0,858500000.0,,1674000000.0,414500000.0,,11784700000.0,12199200000.0,13873200000,642900000.0,259200000.0,1356300000.0,4550600000.0,5865700000.0,7222000000,7228500000.0,-2642200000.0,1880400000.0,6651200000.0,13873200000,122000000.0,165600000.0,103500000.0,-18700000.0,,,,,372400000.0,-35700000.0,,-7500000.0,-70600000.0,-12400000.0,-56300000.0,-178500000.0,-271300000.0,28700000,2011-12-30,26.479999542236328,26.709999084472656,26.45000076293945,26.59000015258789,23.03485679626465,956200.0
2012-03-31,1413400000.0,-989500000.0,423900000.0,-201400000.0,-201400000.0,,,222500000.0,-80300000.0,-59400000.0,142200000,,142200000,-47700000.0,94500000,-4400000.0,87100000,87100000,481700000.0,889300000.0,,1767600000.0,414400000.0,,11722400000.0,12136800000.0,13904400000,523300000.0,115700000.0,1104600000.0,4728400000.0,6032700000.0,7137300000,7206300000.0,-2563000000.0,1908700000.0,6767100000.0,13904400000,90100000.0,158100000.0,59700000.0,-104100000.0,,,,,203800000.0,-24200000.0,,0.0,-65000000.0,-58800000.0,33200000.0,-11300000.0,-75800000.0,66200000,2012-03-30,33.400001525878906,33.439998626708984,32.93000030517578,33.11999893188477,28.8718318939209,1987800.0
2012-06-30,1457200000.0,-981100000.0,476100000.0,-193400000.0,-193400000.0,,,282700000.0,-58400000.0,-56600000.0,224300000,,224300000,-65300000.0,159000000,-5200000.0,150600000,150600000,533800000.0,892900000.0,,2157600000.0,421800000.0,,11363600000.0,11785400000.0,13943000000,554600000.0,127900000.0,1121300000.0,4735600000.0,6016600000.0,7137900000,7209400000.0,-2567800000.0,2000400000.0,6805100000.0,13943000000,153800000.0,159100000.0,3300000.0,-57300000.0,,,,,258900000.0,-42400000.0,,-41700000.0,-132400000.0,-58900000.0,19300000.0,-21800000.0,-64400000.0,52100000,2012-06-29,33.970001220703125,34.080001831054695,33.799999237060554,34.080001831054695,29.894968032836914,2662800.0
2012-09-30,1436900000.0,-968800000.0,468100000.0,-180200000.0,-180200000.0,,,287900000.0,-55500000.0,-54000000.0,232400000,,232400000,-79000000.0,153400000,-61000000.0,86800000,86800000,576600000.0,886000000.0,,1875400000.0,424400000.0,,11326200000.0,11750600000.0,13626000000,674900000.0,140300000.0,1210800000.0,4391700000.0,5638500000.0,6849300000,7222600000.0,-2654900000.0,2028500000.0,6776700000.0,13626000000,92400000.0,156000000.0,-37800000.0,44700000.0,,,,,255300000.0,-30300000.0,,338200000.0,264600000.0,-58700000.0,-331900000.0,-92400000.0,-483100000.0,42800000,2012-09-28,31.61000061035156,31.709999084472656,31.20000076293945,31.21999931335449,27.55862617492676,2303900.0
2012-12-31,1488300000.0,-1016800000.0,471500000.0,-188300000.0,-188300000.0,,,283200000.0,-53800000.0,-52700000.0,229400000,,229400000,-78100000.0,151300000,-6500000.0,136700000,136700000,517600000.0,925700000.0,,1844200000.0,419500000.0,,11286000000.0,11705500000.0,13549700000,624600000.0,153900000.0,1256800000.0,4231600000.0,5499300000.0,6756100000,7200800000.0,-2695700000.0,2105800000.0,6793600000.0,13549700000,144800000.0,159600000.0,-7000000.0,31300000.0,,,,,328700000.0,-26800000.0,,-20600000.0,-90400000.0,-58400000.0,-147700000.0,-109200000.0,-297500000.0,-59000000,2012-12-31,34.200000762939446,34.830001831054695,33.990001678466804,34.810001373291016,30.89756202697754,2132800.0
2013-03-31,1478000000.0,-1008000000.0,470000000.0,-194900000.0,-194900000.0,,,275100000.0,-46600000.0,-51700000.0,228500000,,228500000,-75200000.0,153300000,-3900000.0,144100000,144100000,590600000.0,936200000.0,,1923100000.0,422300000.0,,11353800000.0,11776100000.0,13699200000,685900000.0,166800000.0,1278400000.0,4436200000.0,5622300000.0,6900700000,7203800000.0,-2770800000.0,2185700000.0,6798500000.0,13699200000,149400000.0,153200000.0,-12600000.0,-82500000.0,,,,,207500000.0,-31000000.0,,-115000000.0,-195700000.0,-64800000.0,216200000.0,-86500000.0,68200000.0,73000000,2013-03-28,39.09000015258789,39.65999984741211,38.97000122070313,39.61999893188477,35.3691520690918,1972200.0
2013-06-30,1512800000.0,-1031500000.0,481300000.0,-232600000.0,-232600000.0,,,248700000.0,-111300000.0,-49400000.0,137400000,,137400000,-41200000.0,96200000,12800000.0,104800000,104800000,653100000.0,948500000.0,,2051300000.0,415800000.0,,11283000000.0,11698800000.0,13750100000,657100000.0,83700000.0,1142900000.0,4672700000.0,5857000000.0,6999900000,7210900000.0,-2828100000.0,2226100000.0,6750200000.0,13750100000,109000000.0,152300000.0,-21600000.0,-82400000.0,,,,,157300000.0,-28500000.0,,11700000.0,-87400000.0,-63100000.0,159400000.0,-71400000.0,7300000.0,62500000,2013-06-28,42.68000030517578,43.27000045776367,42.68000030517578,42.84000015258789,38.43335723876953,4006700.0
2013-09-30,1500000000.0,-995100000.0,504900000.0,-187200000.0,-187200000.0,,,317700000.0,-37800000.0,-43700000.0,279900000,,279900000,-97800000.0,182100000,-3000000.0,172300000,172300000,811600000.0,992800000.0,,2834100000.0,428300000.0,,11228300000.0,11656600000.0,14490700000,672100000.0,117100000.0,1797500000.0,4704100000.0,5889500000.0,7687000000,7223400000.0,-2909100000.0,2334400000.0,6803700000.0,14490700000,179100000.0,151900000.0,1100000.0,-21000000.0,,,,,311100000.0,-31600000.0,,-7500000.0,-62500000.0,-63800000.0,51200000.0,-94200000.0,-97700000.0,158500000,2013-09-30,46.2599983215332,46.47999954223633,46.0,46.43999862670898,41.86397171020508,1070100.0
2013-12-31,1572600000.0,-1058100000.0,514500000.0,-293100000.0,-293100000.0,,,221400000.0,-43700000.0,-43400000.0,177700000,,177700000,-94700000.0,83000000,-2800000.0,71900000,71900000,547500000.0,987900000.0,,2351900000.0,439000000.0,,11169200000.0,11608200000.0,13960100000,768000000.0,128800000.0,1672700000.0,4339800000.0,5550100000.0,7222800000,7251500000.0,-3003000000.0,2341900000.0,6737300000.0,13960100000,80200000.0,157200000.0,26700000.0,120300000.0,,,,,384400000.0,-40600000.0,,-12900000.0,-119100000.0,-64600000.0,-354200000.0,-80800000.0,-523800000.0,-264100000,2013-12-31,53.36000061035156,53.72999954223633,53.36000061035156,53.68000030517578,48.60230255126953,713300.0
2014-03-31,1520300000.0,-1044400000.0,475900000.0,-189800000.0,-189800000.0,,,286100000.0,-41600000.0,-41100000.0,244500000,,244500000,-81200000.0,163300000,-2200000.0,154500000,154500000,737700000.0,987900000.0,,2688300000.0,449200000.0,,11133400000.0,11582600000.0,14270900000,653200000.0,49700000.0,1704400000.0,4728900000.0,5864100000.0,7568500000,7275400000.0,-3172100000.0,2427600000.0,6702400000.0,14270900000,161100000.0,152600000.0,700000.0,-91800000.0,,,,,222600000.0,-37900000.0,,,-81400000.0,-69500000.0,309400000.0,-190300000.0,42400000.0,190200000,2014-03-31,53.18999862670898,53.849998474121094,53.18000030517578,53.45000076293945,48.60712051391602,1947500.0
2014-06-30,1599100000.0,-1092500000.0,506600000.0,-196900000.0,-196900000.0,,,309700000.0,-43100000.0,-41900000.0,266600000,,266600000,-80400000.0,186200000,-900000.0,178800000,178800000,793700000.0,1018200000.0,,2834900000.0,459000000.0,,11146900000.0,11605900000.0,14440800000,648500000.0,23000000.0,1701300000.0,4900500000.0,6039400000.0,7740700000,7290400000.0,-3319200000.0,2538000000.0,6700100000.0,14440800000,185300000.0,156500000.0,3500000.0,-88800000.0,,,,,256500000.0,-39400000.0,,-29000000.0,-124900000.0,-68400000.0,144100000.0,-149800000.0,-81700000.0,56000000,2014-06-30,54.72999954223633,54.88999938964844,54.2400016784668,54.7400016784668,50.000709533691406,1105000.0
2014-09-30,1605300000.0,-1074500000.0,530800000.0,-207100000.0,-207100000.0,,,323700000.0,-92500000.0,-37700000.0,231200000,,231200000,-72100000.0,159100000,-1200000.0,150500000,150500000,611800000.0,1050500000.0,,2562900000.0,456300000.0,,11152900000.0,11609200000.0,14172100000,656500000.0,6300000.0,1469700000.0,4966800000.0,6110900000.0,7580600000,7308600000.0,-3433600000.0,2620000000.0,6591500000.0,14172100000,157900000.0,157000000.0,13100000.0,-120000000.0,,,,,208000000.0,-33200000.0,,-104600000.0,-192400000.0,-67800000.0,49300000.0,-124800000.0,-168800000.0,-181900000,2014-09-30,56.459999084472656,56.66999816894531,56.18999862670898,56.29999923706055,51.64123916625977,906100.0
2014-12-31,1688300000.0,-1115600000.0,572700000.0,-221200000.0,-221200000.0,,,351500000.0,-40800000.0,-37300000.0,310700000,,310700000,-101300000.0,209400000,-6700000.0,195200000,195200000,492800000.0,1126400000.0,,2473100000.0,483300000.0,,11564100000.0,12047400000.0,14520500000,730300000.0,13100000.0,1598900000.0,5054600000.0,6230100000.0,7829000000,7340700000.0,-3423600000.0,2746800000.0,6691500000.0,14520500000,202700000.0,159900000.0,12700000.0,102600000.0,,,,,477900000.0,-38500000.0,,-461400000.0,-586300000.0,-69300000.0,69200000.0,3900000.0,10100000.0,-119300000,2014-12-31,63.40999984741211,63.459999084472656,62.18000030517578,62.20000076293945,57.27840805053711,661900.0
2015-03-31,1555000000.0,-1070000000.0,485000000.0,-270000000.0,-270000000.0,,,215000000.0,-39000000.0,-37000000.0,176000000,,176000000,-58000000.0,118000000,-3000000.0,111000000,111000000,489000000.0,1130700000.0,,2597000000.0,490000000.0,,11413000000.0,11903000000.0,14500000000,798400000.0,13600000.0,1761100000.0,5182800000.0,6256500000.0,8017600000,7367100000.0,-3562100000.0,2784300000.0,6482400000.0,14500000000,115000000.0,153000000.0,-10000000.0,-27000000.0,,,,,231000000.0,-42000000.0,,,-102000000.0,-74000000.0,127000000.0,-143000000.0,-98000000.0,-4000000,2015-03-31,68.05000305175781,68.58000183105469,67.83000183105469,68.05999755859375,62.92167663574219,736200.0
2015-06-30,1587000000.0,-1070000000.0,517000000.0,-230000000.0,-230000000.0,,,287000000.0,116000000.0,-36000000.0,403000000,,403000000,-156000000.0,247000000,-2000000.0,240000000,240000000,446400000.0,1127300000.0,,2482600000.0,495000000.0,,11325900000.0,11820900000.0,14303500000,794600000.0,13500000.0,1677300000.0,5029800000.0,6094900000.0,7772200000,7389900000.0,-3702200000.0,2950900000.0,6531300000.0,14303500000,245000000.0,155000000.0,-150000000.0,-38000000.0,,,,,212000000.0,-39000000.0,,241000000.0,125000000.0,-73000000.0,-154000000.0,-137000000.0,-387000000.0,-43000000,2015-06-30,62.9000015258789,62.9000015258789,61.68999862670898,61.79999923706055,57.36675643920898,1313800.0
2015-09-30,1579000000.0,-1022000000.0,557000000.0,-219000000.0,-219000000.0,,,338000000.0,-56000000.0,-36000000.0,282000000,,282000000,-100000000.0,182000000,-2000000.0,175000000,175000000,441500000.0,1125100000.0,,2436300000.0,481000000.0,,11270500000.0,11751500000.0,14187800000,714400000.0,13400000.0,1566200000.0,4957000000.0,6017400000.0,7583600000,7420300000.0,-3683300000.0,3053100000.0,6604200000.0,14187800000,180000000.0,156000000.0,14000000.0,-95000000.0,,,,,255000000.0,-25000000.0,,-17000000.0,-105000000.0,-73000000.0,-73000000.0,18000000.0,-127000000.0,-4000000,2015-09-30,67.30000305175781,67.73999786376953,66.34999847412111,67.08000183105469,62.50142288208008,1499500.0
2015-12-31,1875000000.0,-1233000000.0,642000000.0,-383000000.0,-383000000.0,,,259000000.0,-83000000.0,-74000000.0,176000000,0.0,176000000,-65000000.0,111000000,0.0,106000000,106000000,682000000.0,1731000000.0,,3509000000.0,611000000.0,,22080000000.0,22691000000.0,26200000000,1196000000.0,15000000.0,2364000000.0,11429000000.0,14429000000.0,16793000000,10214000000.0,-3687000000.0,3073000000.0,9407000000.0,26200000000,111000000.0,205000000.0,125000000.0,-8000000.0,,,,,433000000.0,-27000000.0,,-1703000000.0,-1816000000.0,-85000000.0,1755000000.0,-1000000.0,1627000000.0,240000000,2015-12-31,60.77000045776367,61.36000061035156,60.5099983215332,60.599998474121094,56.70459747314453,871100.0
2016-03-31,2181000000.0,-1553000000.0,628000000.0,-444000000.0,-444000000.0,,,184000000.0,-94000000.0,-93000000.0,90000000,,90000000,-31000000.0,59000000,0.0,55000000,55000000,702000000.0,1727000000.0,,3629000000.0,611000000.0,,22190000000.0,22801000000.0,26430000000,1194000000.0,764000000.0,3322000000.0,10533000000.0,13619000000.0,16941000000,10243000000.0,-3661000000.0,3043000000.0,9489000000.0,26430000000,59000000.0,293000000.0,-37000000.0,70000000.0,,,,,385000000.0,-34000000.0,,0.0,-146000000.0,-85000000.0,-152000000.0,8000000.0,-239000000.0,20000000,2016-03-31,63.02999877929688,63.7400016784668,62.84000015258789,63.31000137329102,59.4866943359375,1665500.0
2016-06-30,2305000000.0,-1600000000.0,705000000.0,-422000000.0,-422000000.0,,,283000000.0,-94000000.0,-93000000.0,189000000,,189000000,-66000000.0,123000000,1000000.0,121000000,121000000,765000000.0,1646000000.0,,3678000000.0,595000000.0,,22111000000.0,22706000000.0,26384000000,1157000000.0,913000000.0,3496000000.0,10208000000.0,13281000000.0,16777000000,10295000000.0,-3630000000.0,3078000000.0,9607000000.0,26384000000,124000000.0,291000000.0,13000000.0,7000000.0,,,,,435000000.0,-36000000.0,,0.0,-150000000.0,-86000000.0,-181000000.0,34000000.0,-222000000.0,63000000,2016-06-30,72.51000213623047,73.68000030517578,72.2699966430664,73.68000030517578,69.47640991210939,2288300.0
2016-09-30,2309000000.0,-1527000000.0,782000000.0,-384000000.0,-384000000.0,,,398000000.0,-104000000.0,-98000000.0,294000000,,294000000,-103000000.0,191000000,0.0,185000000,185000000,701000000.0,1649000000.0,,3523000000.0,604000000.0,,22007000000.0,22611000000.0,26134000000,1169000000.0,317000000.0,2937000000.0,10470000000.0,13441000000.0,16378000000,10338000000.0,-3614000000.0,3177000000.0,9756000000.0,26134000000,191000000.0,292000000.0,-12000000.0,51000000.0,,,,,522000000.0,-40000000.0,,0.0,-154000000.0,-84000000.0,-333000000.0,19000000.0,-430000000.0,-64000000,2016-09-30,76.93000030517578,77.30999755859375,76.27999877929688,77.02999877929688,72.88236999511719,1816000.0
2016-12-31,2036000000.0,-1215000000.0,821000000.0,-457000000.0,-457000000.0,,,364000000.0,-100000000.0,-99000000.0,264000000,0.0,264000000,-91000000.0,173000000,0.0,164000000,164000000,683000000.0,1639000000.0,,4282000000.0,626000000.0,,21123000000.0,21749000000.0,26031000000,1146000000.0,332000000.0,3151000000.0,10146000000.0,13035000000.0,16186000000,10384000000.0,-3611000000.0,3299000000.0,9845000000.0,26031000000,173000000.0,277000000.0,-30000000.0,163000000.0,,,,,583000000.0,-35000000.0,,0.0,-169000000.0,-86000000.0,-338000000.0,11000000.0,-418000000.0,-18000000,2016-12-30,77.0,77.13999938964844,75.4000015258789,75.63999938964844,71.81504821777344,1610100.0
2017-03-31,2148000000.0,-1491000000.0,657000000.0,-411000000.0,-411000000.0,,,246000000.0,-37000000.0,-93000000.0,209000000,0.0,209000000,-74000000.0,135000000,,129000000,129000000,705000000.0,1596000000.0,,3409000000.0,610000000.0,,21067000000.0,21677000000.0,25086000000,1269000000.0,351000000.0,3138000000.0,9154000000.0,11958000000.0,15096000000,10423000000.0,-3588000000.0,3341000000.0,9990000000.0,25086000000,135000000.0,332000000.0,-199000000.0,186000000.0,,,,,454000000.0,-44000000.0,,827000000.0,671000000.0,-95000000.0,-1062000000.0,47000000.0,-1114000000.0,22000000,2017-03-31,80.0999984741211,80.4800033569336,79.58000183105469,79.62000274658203,75.860595703125,1727900.0
2017-06-30,2258000000.0,-1520000000.0,738000000.0,-368000000.0,-368000000.0,,,370000000.0,-87000000.0,-91000000.0,283000000,0.0,283000000,-136000000.0,147000000,,139000000,139000000,786000000.0,1456000000.0,,4062000000.0,584000000.0,,20324000000.0,20908000000.0,24970000000,969000000.0,297000000.0,2729000000.0,9415000000.0,12236000000.0,14965000000,10451000000.0,-3552000000.0,3377000000.0,10005000000.0,24970000000,148000000.0,341000000.0,59000000.0,-474000000.0,,,,,74000000.0,-25000000.0,,19000000.0,-125000000.0,-97000000.0,203000000.0,19000000.0,124000000.0,81000000,2017-06-30,85.0,85.75,84.80000305175781,85.4000015258789,81.64383697509766,1470900.0
2017-09-30,2096000000.0,-1386000000.0,710000000.0,-325000000.0,-325000000.0,,,385000000.0,-266000000.0,-84000000.0,119000000,0.0,119000000,-50000000.0,69000000,,59000000,59000000,720000000.0,1598000000.0,,3324000000.0,576000000.0,,20394000000.0,20970000000.0,24294000000,1064000000.0,296000000.0,2658000000.0,8813000000.0,11547000000.0,14205000000,10499000000.0,-3515000000.0,3341000000.0,10089000000.0,24294000000,68000000.0,342000000.0,182000000.0,-41000000.0,,,,,551000000.0,-29000000.0,,461000000.0,310000000.0,-97000000.0,-835000000.0,56000000.0,-943000000.0,-66000000,2017-09-29,93.36000061035156,93.6500015258789,93.0,93.38999938964844,89.56343078613281,1076600.0
2017-12-31,2166000000.0,-1397000000.0,769000000.0,-338000000.0,-338000000.0,,,431000000.0,-66000000.0,-69000000.0,365000000,-3000000.0,362000000,581000000.0,943000000,0.0,934000000,934000000,665000000.0,1624000000.0,,3688000000.0,610000000.0,,20228000000.0,20838000000.0,24526000000,1241000000.0,1045000000.0,4011000000.0,7718000000.0,9695000000.0,13706000000,10538000000.0,-3604000000.0,4109000000.0,10820000000.0,24526000000,943000000.0,351000000.0,-767000000.0,135000000.0,,,,,662000000.0,-47000000.0,,0.0,-166000000.0,-96000000.0,-380000000.0,-67000000.0,-547000000.0,-55000000,2017-12-29,94.55999755859376,94.55999755859376,94.08999633789062,94.08999633789062,90.5132064819336,808300.0
2018-03-31,2066000000.0,-1414000000.0,652000000.0,-358000000.0,-358000000.0,,,294000000.0,-69000000.0,-72000000.0,225000000,-1000000.0,224000000,-34000000.0,190000000,,182000000,182000000,725000000.0,1562000000.0,,3735000000.0,581000000.0,,20089000000.0,20670000000.0,24405000000,1018000000.0,1036000000.0,3816000000.0,8040000000.0,9978000000.0,13794000000,10589000000.0,-3962000000.0,4186000000.0,10611000000.0,24405000000,190000000.0,352000000.0,4000000.0,-192000000.0,,,,,354000000.0,-54000000.0,,49000000.0,-127000000.0,-106000000.0,260000000.0,-326000000.0,-173000000.0,60000000,2018-03-29,95.7300033569336,97.20999908447266,94.9499969482422,96.3000030517578,92.93566131591795,1244800.0
2018-06-30,2106000000.0,-1414000000.0,692000000.0,-339000000.0,-339000000.0,,,353000000.0,-77000000.0,-73000000.0,276000000,-7000000.0,269000000,-51000000.0,218000000,,212000000,212000000,683000000.0,1408000000.0,,3494000000.0,557000000.0,,19817000000.0,20374000000.0,23868000000,934000000.0,38000000.0,2534000000.0,8854000000.0,10790000000.0,13324000000,10663000000.0,-4112000000.0,4291000000.0,10544000000.0,23868000000,218000000.0,354000000.0,21000000.0,-124000000.0,,,,,469000000.0,-29000000.0,,0.0,-146000000.0,-105000000.0,-78000000.0,-108000000.0,-316000000.0,-42000000,2018-06-29,105.9000015258789,106.8000030517578,105.8000030517578,106.02999877929688,102.6323699951172,1689900.0
2018-09-30,2084000000.0,-1364000000.0,720000000.0,-283000000.0,-283000000.0,,,437000000.0,-138000000.0,-80000000.0,299000000,-99000000.0,200000000,-37000000.0,163000000,,154000000,154000000,632000000.0,1398000000.0,,3597000000.0,546000000.0,,19551000000.0,20097000000.0,23694000000,1007000000.0,40000000.0,2692000000.0,8998000000.0,10836000000.0,13528000000,10719000000.0,-4544000000.0,4339000000.0,10166000000.0,23694000000,163000000.0,354000000.0,133000000.0,-185000000.0,,,,,465000000.0,-32000000.0,,9000000.0,-159000000.0,-105000000.0,161000000.0,-331000000.0,-305000000.0,-51000000,2018-09-28,108.4499969482422,109.61000061035156,108.41999816894531,109.06999969482422,105.8843994140625,1507600.0
2018-12-31,2167000000.0,-1377000000.0,790000000.0,-321000000.0,-321000000.0,,,469000000.0,-70000000.0,-72000000.0,399000000,-3000000.0,396000000,-86000000.0,310000000,,298000000,298000000,703000000.0,1472000000.0,,3733000000.0,587000000.0,,19450000000.0,20037000000.0,23770000000,1099000000.0,315000000.0,3125000000.0,8670000000.0,10423000000.0,13548000000,10804000000.0,-4687000000.0,4528000000.0,10222000000.0,23770000000,310000000.0,360000000.0,-27000000.0,62000000.0,,,,,705000000.0,-12000000.0,,-74000000.0,-236000000.0,-105000000.0,-120000000.0,1053000000.0,-442000000.0,71000000,2018-12-31,101.12999725341795,102.5500030517578,99.75,102.5500030517578,99.85417175292969,1226700.0
2019-03-31,2057000000.0,-1381000000.0,676000000.0,-361000000.0,-361000000.0,,,315000000.0,-127000000.0,-75000000.0,188000000,-7000000.0,181000000,-32000000.0,149000000,,148000000,148000000,576000000.0,1451000000.0,,3611000000.0,556000000.0,,19906000000.0,20462000000.0,24073000000,1068000000.0,653000000.0,3521000000.0,8562000000.0,10649000000.0,14170000000,10848000000.0,-5083000000.0,4558000000.0,9903000000.0,24073000000,149000000.0,368000000.0,19000000.0,-242000000.0,,,,,294000000.0,-37000000.0,,43000000.0,-143000000.0,-113000000.0,198000000.0,-361000000.0,-275000000.0,-127000000,2019-03-29,111.61000061035156,113.3000030517578,111.20999908447266,113.0999984741211,110.48624420166016,5454600.0
2019-06-30,2112000000.0,-1404000000.0,708000000.0,-317000000.0,-317000000.0,,,391000000.0,-192000000.0,-72000000.0,199000000,-4000000.0,195000000,-40000000.0,155000000,,154000000,154000000,9756000000.0,1366000000.0,,12505000000.0,541000000.0,,19813000000.0,20354000000.0,32859000000,1030000000.0,1560000000.0,4170000000.0,16682000000.0,18697000000.0,22867000000,10891000000.0,-5067000000.0,4599000000.0,9992000000.0,32859000000,155000000.0,368000000.0,87000000.0,-84000000.0,,,,,526000000.0,-20000000.0,,0.0,-141000000.0,-113000000.0,8975000000.0,24000000.0,8790000000.0,9180000000,2019-06-28,121.48999786376952,123.0999984741211,121.41000366210938,122.68000030517578,120.19263458251952,8997000.0
2019-09-30,2822000000.0,-1838000000.0,984000000.0,-757000000.0,-757000000.0,,,227000000.0,69000000.0,-95000000.0,296000000,-92000000.0,204000000,-48000000.0,156000000,,154000000,154000000,1305000000.0,3065000000.0,,9325000000.0,811000000.0,,73582000000.0,74393000000.0,83718000000,2143000000.0,3248000000.0,10901000000.0,16945000000.0,23605000000.0,34506000000,45069000000.0,-21000000.0,4538000000.0,49212000000.0,83718000000,155000000.0,752000000.0,-33000000.0,47000000.0,,,,,921000000.0,-78000000.0,,-6623000000.0,-6883000000.0,-215000000.0,255000000.0,51000000.0,76000000.0,-5926000000,2019-09-30,130.97000122070312,132.8800048828125,130.60000610351562,132.75999450683594,130.41593933105472,3190800.0
2019-12-31,3342000000.0,-1987000000.0,1355000000.0,-1232000000.0,-1232000000.0,,,123000000.0,-306000000.0,-95000000.0,-183000000,6000000.0,-177000000,20000000.0,-157000000,,-158000000,-158000000,1152000000.0,3242000000.0,,8692000000.0,900000000.0,,74214000000.0,75114000000.0,83806000000,6602000000.0,2963000000.0,10382000000.0,17229000000.0,23968000000.0,34350000000,45364000000.0,-52000000.0,4161000000.0,49456000000.0,83806000000,-156000000.0,956000000.0,441000000.0,-572000000.0,,,,,669000000.0,-65000000.0,,-3000000.0,-334000000.0,-215000000.0,-748000000.0,447000000.0,-1010000000.0,-619000000,2019-12-31,138.33999633789062,139.1199951171875,137.75,139.08999633789062,136.98802185058594,2486200.0
2020-03-31,3078000000.0,-2089000000.0,989000000.0,-881000000.0,-881000000.0,,,108000000.0,-120000000.0,-80000000.0,-12000000,,-12000000,30000000.0,18000000,,15000000,15000000,1373000000.0,3116000000.0,,8346000000.0,870000000.0,,73258000000.0,74128000000.0,82474000000,2199000000.0,1395000000.0,7926000000.0,18982000000.0,25191000000.0,33117000000,45554000000.0,-91000000.0,3952000000.0,49357000000.0,82474000000,18000000.0,914000000.0,-42000000.0,-507000000.0,,,,,383000000.0,-55000000.0,,-402000000.0,-616000000.0,-216000000.0,567000000.0,176000000.0,477000000.0,229000000,2020-03-31,123.9800033569336,125.11000061035156,119.0999984741211,121.63999938964844,120.117919921875,8623600.0
2020-06-30,2962000000.0,-2046000000.0,916000000.0,-870000000.0,-870000000.0,,,46000000.0,-21000000.0,-88000000.0,25000000,,25000000,-4000000.0,21000000,,19000000,19000000,1183000000.0,3104000000.0,,8600000000.0,887000000.0,,73155000000.0,74042000000.0,82642000000,2063000000.0,4994000000.0,12117000000.0,14874000000.0,21292000000.0,33409000000,45742000000.0,-94000000.0,3753000000.0,49233000000.0,82642000000,22000000.0,916000000.0,68000000.0,224000000.0,,,,,1230000000.0,-55000000.0,,-67000000.0,-330000000.0,-217000000.0,-738000000.0,98000000.0,-874000000.0,18000000,2020-06-30,131.16000366210938,134.8699951171875,130.69999694824222,134.08999633789062,132.74113464355472,3774200.0
