Report Date,Revenue,Cost of Revenue,Gross Profit,Operating Expenses,"Selling, General & Administrative",Research & Development,Depreciation & Amortization,Operating Income (Loss),Non-Operating Income (Loss),"Interest Expense, Net","Pretax Income (Loss), Adj.",Abnormal Gains (Losses),Pretax Income (Loss),"Income Tax (Expense) Benefit, Net",Income (Loss) from Continuing Operations,Net Extraordinary Gains (Losses),Net Income,Net Income (Common),"Cash, Cash Equivalents & Short Term Investments",Accounts & Notes Receivable,Inventories,Total Current Assets,"Property, Plant & Equipment, Net",Long Term Investments & Receivables,Other Long Term Assets,Total Noncurrent Assets,Total Assets,Payables & Accruals,Short Term Debt,Total Current Liabilities,Long Term Debt,Total Noncurrent Liabilities,Total Liabilities,Share Capital & Additional Paid-In Capital,Treasury Stock,Retained Earnings,Total Equity,Total Liabilities & Equity,Net Income/Starting Line,Depreciation & Amortization,Non-Cash Items,Change in Working Capital,Change in Accounts Receivable,Change in Inventories,Change in Accounts Payable,Change in Other,Net Cash from Operating Activities,Change in Fixed Assets & Intangibles,Net Change in Long Term Investment,Net Cash from Acquisitions & Divestitures,Net Cash from Investing Activities,Dividends Paid,Cash from (Repayment of) Debt,Cash from (Repurchase of) Equity,Net Cash from Financing Activities,Net Change in Cash,Price Date,Open,High,Low,Close,Adj Close,Volume
2009-12-31,153964000.0,-90320000.0,63644000.0,-34322000.0,-18135000.0,-3090000.0,-13097000.0,29322000.0,-17359000.0,-17210000.0,11963000,0.0,11963000,-15000.0,11948000,,11948000,-18365000,161307000.0,54130000.0,123700000.0,345017000.0,73374000.0,,918852000.0,992226000.0,1337243000,92895000.0,39076000.0,131971000.0,1052463000.0,1069852000.0,1201823000,-199722000.0,,-538571000.0,135420000.0,1337243000,11948000.0,14994000.0,7063000.0,-4529000.0,,,,,29476000.0,-1610000.0,,,-1610000.0,,0.0,,-678000.0,27188000,,,,,,,
2010-03-31,130718000.0,-79300000.0,51418000.0,-35954000.0,-19471000.0,-3722000.0,-12761000.0,15464000.0,-8734000.0,-8492000.0,6730000,-4180000.0,2550000,-82000.0,2468000,,2468000,-152397000,66371000.0,52682000.0,107089000.0,230650000.0,73047000.0,,901025000.0,974072000.0,1204722000,68965000.0,,68965000.0,731422000.0,750140000.0,819105000,926685000.0,,-536103000.0,385617000.0,1204722000,2468000.0,14652000.0,6138000.0,-4822000.0,,,,,18436000.0,-1564000.0,,,-1564000.0,,-360117000.0,248309000.0,-111808000.0,-94936000,2010-03-31,14.25,14.390000343322756,13.81999969482422,14.010000228881836,9.231574058532717,1530600.0
2010-06-30,140455000.0,-85710000.0,54745000.0,-35891000.0,-19488000.0,-3482000.0,-12921000.0,18854000.0,-5943000.0,-5720000.0,12911000,,12911000,-77000.0,12834000,,12834000,12834000,93109000.0,68410000.0,111436000.0,276367000.0,72580000.0,,887480000.0,960060000.0,1236427000,85974000.0,,85974000.0,731422000.0,752251000.0,838225000,928398000.0,,-523269000.0,398202000.0,1236427000,12834000.0,14859000.0,2233000.0,-1717000.0,,,,,28209000.0,-1471000.0,,,-1471000.0,,0.0,0.0,0.0,26738000,2010-06-30,14.90999984741211,14.90999984741211,13.970000267028807,14.010000228881836,9.231574058532717,98800.0
2010-09-30,160666000.0,-93304000.0,67362000.0,-37592000.0,-20949000.0,-3580000.0,-13063000.0,29770000.0,-6694000.0,-6540000.0,23076000,,23076000,-78000.0,22998000,,22998000,22998000,128334000.0,73787000.0,127358000.0,333005000.0,71852000.0,,874302000.0,946154000.0,1279159000,103883000.0,,103883000.0,731422000.0,754409000.0,858292000,930073000.0,,-500271000.0,420867000.0,1279159000,22998000.0,15011000.0,2345000.0,-3878000.0,,,,,36476000.0,-1251000.0,,,-1251000.0,,0.0,0.0,0.0,35225000,2010-09-30,13.739999771118164,13.890000343322756,13.529999732971193,13.640000343322756,8.987771034240723,44900.0
2010-12-31,161041000.0,-97209000.0,63832000.0,-37624000.0,-20645000.0,-3916000.0,-13063000.0,26208000.0,-6896000.0,-6645000.0,19312000,-629000.0,18683000,-70000.0,18613000,,18613000,18613000,78583000.0,63154000.0,127137000.0,272519000.0,75287000.0,,862077000.0,937364000.0,1209883000,86685000.0,,86685000.0,657229000.0,682131000.0,768816000,931802000.0,,-481658000.0,441067000.0,1209883000,18613000.0,14918000.0,2827000.0,-4998000.0,,,,,31360000.0,-5269000.0,,-1649000.0,-6918000.0,,-74193000.0,0.0,-74193000.0,-49751000,2010-12-31,16.139999389648438,16.319999694824222,16.059999465942386,16.170000076293945,10.654857635498047,55200.0
2011-03-31,123981000.0,-76804000.0,47177000.0,-36034000.0,-20422000.0,-3885000.0,-11727000.0,11143000.0,-6206000.0,-6001000.0,4937000,,4937000,-93000.0,4844000,,4844000,4844000,89997000.0,62410000.0,143787000.0,299994000.0,74914000.0,,849410000.0,924324000.0,1224318000,94691000.0,24731000.0,119422000.0,632498000.0,656121000.0,775543000,934111000.0,,-476814000.0,448775000.0,1224318000,4844000.0,13663000.0,2534000.0,-8370000.0,,,,,12671000.0,-1566000.0,,,-1566000.0,,,309000.0,309000.0,11414000,2011-03-31,20.200000762939453,20.850000381469727,20.11000061035156,20.290000915527344,13.36963939666748,96600.0
2011-06-30,161363000.0,-101010000.0,60353000.0,-38553000.0,-23089000.0,-3608000.0,-11856000.0,21800000.0,-6238000.0,-5934000.0,15562000,-186000.0,15376000,-87000.0,15289000,,15289000,15289000,78746000.0,79810000.0,139728000.0,301327000.0,74729000.0,,836719000.0,911448000.0,1212775000,90936000.0,,90936000.0,632498000.0,658759000.0,749695000,935829000.0,,-461525000.0,463080000.0,1212775000,15289000.0,13860000.0,2354000.0,-16190000.0,,,,,15313000.0,-1834000.0,,,-1834000.0,,-24731000.0,1000.0,-24730000.0,-11251000,2011-06-30,19.36000061035156,19.5,19.270000457763672,19.399999618530273,12.78319263458252,146000.0
2011-09-30,239324000.0,-150665000.0,88659000.0,-44481000.0,-28318000.0,-4176000.0,-11987000.0,44178000.0,-6072000.0,-5895000.0,38106000,-601000.0,37505000,-126000.0,37379000,,37379000,37379000,138720000.0,117593000.0,103633000.0,362522000.0,73663000.0,,824191000.0,897854000.0,1260376000,99543000.0,,99543000.0,632498000.0,658972000.0,758515000,937574000.0,,-424146000.0,501861000.0,1260376000,37379000.0,14111000.0,2301000.0,7240000.0,,,,,61031000.0,-1057000.0,,,-1057000.0,,0.0,0.0,0.0,59974000,2011-09-30,17.889999389648438,18.8799991607666,17.8799991607666,18.809999465942386,12.39442539215088,496800.0
2011-12-31,267308000.0,-168843000.0,98465000.0,-53216000.0,-35959000.0,-4807000.0,-12450000.0,45249000.0,-6247000.0,-5888000.0,39002000,-9854000.0,29148000,237983000.0,267131000,,267131000,267131000,93126000.0,109705000.0,162124000.0,383265000.0,84384000.0,,1085144000.0,1169528000.0,1552793000,142516000.0,22874000.0,165390000.0,575000000.0,618514000.0,783904000,940585000.0,,-157015000.0,768889000.0,1552793000,267131000.0,14489000.0,-224958000.0,24035000.0,,,,,80697000.0,-7589000.0,,-83907000.0,-91496000.0,,-34624000.0,0.0,-34795000.0,-45594000,2011-12-30,28.399999618530273,28.56999969482422,28.0,28.03000068664551,18.4697380065918,76500.0
2012-03-31,294561000.0,-183556000.0,111005000.0,-51512000.0,-34232000.0,-5055000.0,-12225000.0,59493000.0,-6080000.0,-5674000.0,53413000,-4309000.0,49104000,-19044000.0,30060000,,30060000,30060000,91730000.0,114027000.0,200129000.0,425924000.0,84422000.0,,1061371000.0,1145793000.0,1571717000,153178000.0,14063000.0,167241000.0,559588000.0,603703000.0,770944000,942475000.0,,-126955000.0,800773000.0,1571717000,30060000.0,14218000.0,25679000.0,-31373000.0,,,,,38584000.0,-2138000.0,,-2279000.0,-4417000.0,,-24260000.0,,-35563000.0,-1396000,2012-03-30,24.68000030517578,24.709999084472656,24.489999771118164,24.54999923706055,16.176668167114258,146500.0
2012-06-30,239137000.0,-151708000.0,87429000.0,-50271000.0,-32280000.0,-5703000.0,-12288000.0,37158000.0,-11460000.0,-9894000.0,25698000,-9999000.0,15699000,-6364000.0,9335000,,9335000,9335000,10307000.0,100108000.0,227038000.0,358956000.0,85786000.0,,1047033000.0,1132819000.0,1491775000,147677000.0,19750000.0,167427000.0,875513000.0,919742000.0,1087169000,536268000.0,,-117620000.0,404606000.0,1491775000,9335000.0,14290000.0,19284000.0,-21786000.0,,,,,21123000.0,-3350000.0,,0.0,-3350000.0,-404332000.0,320000000.0,,-99196000.0,-81423000,2012-06-29,24.29999923706055,24.29999923706055,24.0,24.059999465942386,15.85379409790039,356200.0
2012-09-30,300586000.0,-184773000.0,115813000.0,-56689000.0,-37844000.0,-6456000.0,-12389000.0,59124000.0,-17257000.0,-16933000.0,41867000,,41867000,-16326000.0,25541000,,25541000,25541000,57966000.0,129119000.0,187114000.0,400772000.0,91568000.0,,1014833000.0,1106401000.0,1507173000,147818000.0,9000000.0,156818000.0,873865000.0,916817000.0,1073635000,538851000.0,,-92078000.0,433538000.0,1507173000,25541000.0,14510000.0,20608000.0,8858000.0,,,,,69517000.0,-7918000.0,,4000.0,-7914000.0,0.0,-13000000.0,,-13944000.0,47659000,2012-09-28,22.95000076293945,23.059999465942386,22.729999542236328,22.88999938964844,20.0937614440918,151800.0
2012-12-31,342022000.0,-215869000.0,126153000.0,-58373000.0,-43123000.0,-6285000.0,-8965000.0,67780000.0,-17036000.0,-16613000.0,50744000,-1062000.0,49682000,-21395000.0,28287000,,28287000,28287000,108023000.0,134978000.0,225817000.0,522553000.0,104718000.0,,976576000.0,1081294000.0,1603847000,200059000.0,94800000.0,294859000.0,799018000.0,845360000.0,1140219000,541233000.0,,-63792000.0,463628000.0,1603847000,28287000.0,11142000.0,28252000.0,38689000.0,,,,,106370000.0,-8895000.0,,-44769000.0,-53664000.0,0.0,-2232000.0,,-2649000.0,50057000,2012-12-31,33.09000015258789,34.31999969482422,33.0,34.310001373291016,30.11870002746582,275000.0
2013-03-31,399572000.0,-246110000.0,153462000.0,-56937000.0,-44107000.0,-6645000.0,-6185000.0,96525000.0,-15262000.0,-15675000.0,81263000,-1839000.0,79424000,-28750000.0,50674000,,50674000,50674000,54337000.0,169388000.0,258821000.0,525195000.0,106474000.0,,960057000.0,1066531000.0,1591726000,215599000.0,42532000.0,258131000.0,770702000.0,818001000.0,1076132000,548063000.0,-6543000.0,-13118000.0,515594000.0,1591726000,50674000.0,8750000.0,27251000.0,-48409000.0,,,,,38266000.0,-4322000.0,,,-4322000.0,-2649000.0,-82268000.0,,-87640000.0,-53686000,2013-03-28,35.29999923706055,35.4900016784668,35.18000030517578,35.34000015258789,31.02287292480469,522100.0
2013-06-30,346688000.0,-215735000.0,130953000.0,-54520000.0,-41111000.0,-7064000.0,-6345000.0,76433000.0,-16147000.0,-14263000.0,60286000,-13497000.0,46789000,-18535000.0,28254000,,28254000,28254000,126598000.0,162711000.0,287258000.0,611069000.0,109481000.0,,954817000.0,1064298000.0,1675367000,211480000.0,33047000.0,244527000.0,1177329000.0,1224899000.0,1469426000,214068000.0,-6543000.0,10202000.0,205941000.0,1675367000,28254000.0,8906000.0,34605000.0,-35713000.0,,,,,36052000.0,-5694000.0,,8532000.0,2838000.0,-340772000.0,396015000.0,,33410000.0,72261000,2013-06-28,37.04999923706055,37.43000030517578,36.90999984741211,37.0099983215332,37.0099983215332,3577200.0
2013-09-30,363269000.0,-223806000.0,139463000.0,-52174000.0,-37988000.0,-7183000.0,-7003000.0,87289000.0,-12588000.0,-12494000.0,74701000,-656000.0,74045000,-26952000.0,47093000,,47093000,47093000,116521000.0,164698000.0,296048000.0,615960000.0,120812000.0,,996283000.0,1117095000.0,1733055000,210703000.0,30193000.0,240896000.0,1177671000.0,1234819000.0,1475715000,217139000.0,-6552000.0,57295000.0,257340000.0,1733055000,47093000.0,9846000.0,27491000.0,-3535000.0,,,,,80895000.0,-4166000.0,,-80239000.0,-84405000.0,-3000.0,-6216000.0,32000.0,-6543000.0,-10077000,2013-09-30,42.70000076293945,42.72000122070313,41.97000122070313,42.63999938964844,42.63999938964844,748000.0
2013-12-31,376236000.0,-230554000.0,145682000.0,-54464000.0,-39799000.0,-8379000.0,-6286000.0,91218000.0,-12330000.0,-12003000.0,78888000,-430000.0,78458000,-29940000.0,48518000,,48518000,48518000,150147000.0,164907000.0,300253000.0,654179000.0,146390000.0,,997636000.0,1144026000.0,1798205000,228799000.0,22046000.0,250845000.0,1175349000.0,1230289000.0,1481134000,219556000.0,-6571000.0,105813000.0,317071000.0,1798205000,48518000.0,9272000.0,29592000.0,17349000.0,,,,,104731000.0,-16508000.0,,-42152000.0,-58660000.0,-5000.0,-11690000.0,-32000.0,-12626000.0,33626000,2013-12-31,55.95000076293945,56.790000915527344,55.72000122070313,56.63999938964844,56.63999938964844,347600.0
2014-03-31,342008000.0,-222494000.0,119514000.0,-54208000.0,-41117000.0,-7746000.0,-5345000.0,65306000.0,-11082000.0,-11689000.0,54224000,,54224000,-19523000.0,34701000,,34701000,34701000,173740000.0,182168000.0,292307000.0,686530000.0,148017000.0,,978022000.0,1126039000.0,1812569000,213843000.0,19547000.0,233390000.0,1172368000.0,1226135000.0,1459525000,222181000.0,-7497000.0,140514000.0,353044000.0,1812569000,34701000.0,8575000.0,17260000.0,-24183000.0,,,,,36353000.0,-4919000.0,,,-4919000.0,-334000.0,-5897000.0,,-7859000.0,23593000,2014-03-31,58.54999923706055,59.38000106811523,58.41999816894531,58.97000122070313,58.97000122070313,499600.0
2014-06-30,362609000.0,-234597000.0,128012000.0,-54729000.0,-41618000.0,-8012000.0,-5099000.0,73283000.0,-11752000.0,-11428000.0,61531000,20891000.0,82422000,-28397000.0,54025000,,54025000,54025000,197959000.0,203692000.0,287233000.0,717155000.0,153063000.0,,958950000.0,1112013000.0,1829168000,207104000.0,6945000.0,214049000.0,1154316000.0,1206557000.0,1420606000,225153000.0,-7681000.0,194539000.0,408562000.0,1829168000,54025000.0,8381000.0,-572000.0,-12902000.0,,,,,48932000.0,-8391000.0,,-429000.0,-8820000.0,-125000.0,-15736000.0,,-15958000.0,24219000,2014-06-30,49.52000045776367,49.61999893188477,48.66999816894531,48.7400016784668,48.7400016784668,1700200.0
2014-09-30,352305000.0,-222022000.0,130283000.0,-59489000.0,-46390000.0,-7822000.0,-5277000.0,70794000.0,-13700000.0,-12294000.0,57094000,-2232000.0,54862000,-18365000.0,36497000,,36497000,36497000,173162000.0,199884000.0,327581000.0,732263000.0,159058000.0,,942583000.0,1101641000.0,1833904000,223658000.0,5818000.0,229476000.0,1106293000.0,1156511000.0,1385987000,229407000.0,-8052000.0,231036000.0,447917000.0,1833904000,36497000.0,8789000.0,14556000.0,-2616000.0,,,,,57226000.0,-9405000.0,,-4880000.0,-14285000.0,-246000.0,-67113000.0,21000.0,-66705000.0,-24797000,2014-09-30,42.0099983215332,42.08000183105469,40.52999877929688,40.540000915527344,40.540000915527344,1428400.0
2014-12-31,403997000.0,-265587000.0,138410000.0,-59295000.0,-46078000.0,-7914000.0,-5303000.0,79115000.0,-12013000.0,-11804000.0,67102000,-248000.0,66854000,-17464000.0,49390000,,49390000,49390000,189761000.0,189107000.0,319385000.0,730478000.0,168821000.0,,983243000.0,1152064000.0,1882542000,234606000.0,5916000.0,240522000.0,1082101000.0,1152221000.0,1392743000,232790000.0,-8341000.0,280426000.0,489799000.0,1882542000,49390000.0,8985000.0,8302000.0,43798000.0,,,,,110475000.0,-11580000.0,,-55887000.0,-67467000.0,-197000.0,-25183000.0,-21000.0,-25501000.0,16599000,2014-12-31,47.5099983215332,47.72999954223633,46.63000106811523,46.7599983215332,46.7599983215332,530900.0
2015-03-31,311818000.0,-209215000.0,102603000.0,-57692000.0,-44334000.0,-8163000.0,-5195000.0,44911000.0,-12840000.0,-11268000.0,32071000,-1368000.0,30703000,-11018000.0,19685000,,19685000,19685000,150085000.0,158190000.0,356929000.0,704528000.0,171384000.0,,966460000.0,1137844000.0,1842372000,230988000.0,3609000.0,234597000.0,1033610000.0,1105082000.0,1339679000,235922000.0,-11449000.0,300111000.0,502693000.0,1842372000,19685000.0,9034000.0,8772000.0,-12234000.0,,,,,25257000.0,-6499000.0,,374000.0,-6125000.0,-1427000.0,-52631000.0,,-56556000.0,-39676000,2015-03-31,48.7400016784668,48.9900016784668,48.45000076293945,48.68999862670898,48.68999862670898,748800.0
2015-06-30,288360000.0,-192463000.0,95897000.0,-56430000.0,-42038000.0,-8412000.0,-5980000.0,39467000.0,-12568000.0,-10763000.0,26899000,-3427000.0,23472000,-8628000.0,14844000,,14844000,14844000,155575000.0,160475000.0,385848000.0,746930000.0,174655000.0,,949802000.0,1124457000.0,1871387000,242602000.0,3400000.0,246002000.0,1035237000.0,1105575000.0,1351577000,237917000.0,-11501000.0,314955000.0,519810000.0,1871387000,14844000.0,10129000.0,13677000.0,-22328000.0,,,,,16322000.0,-7671000.0,,-141000.0,-7812000.0,0.0,-188000.0,,-3196000.0,5490000,2015-06-30,39.9900016784668,40.27000045776367,39.2599983215332,39.75,39.75,454800.0
2015-09-30,359291000.0,-228965000.0,130326000.0,-62459000.0,-47842000.0,-8332000.0,-6285000.0,67867000.0,-12079000.0,-10210000.0,55788000,-2534000.0,53254000,-19218000.0,34036000,,34036000,34036000,46454000.0,207205000.0,362268000.0,654368000.0,178120000.0,,1005091000.0,1183211000.0,1837579000,220203000.0,4783000.0,224986000.0,1050127000.0,1123321000.0,1348307000,239891000.0,-75913000.0,348991000.0,489272000.0,1837579000,34036000.0,10597000.0,23680000.0,-33033000.0,,,,,35280000.0,-5833000.0,,-74710000.0,-80543000.0,-2000.0,1346000.0,-64378000.0,-63002000.0,-109121000,2015-09-30,27.71999931335449,30.15999984741211,27.68000030517578,30.09000015258789,30.09000015258789,2313800.0
2015-12-31,357830000.0,-226706000.0,131124000.0,-63121000.0,-48975000.0,-8015000.0,-6131000.0,68003000.0,-10720000.0,-10602000.0,57283000,-41729000.0,15554000,-6372000.0,9182000,,9182000,9182000,115857000.0,182185000.0,325375000.0,632017000.0,184213000.0,,962405000.0,1146618000.0,1778635000,203973000.0,9251000.0,213224000.0,1037132000.0,1099540000.0,1312764000,240993000.0,-111516000.0,358173000.0,465871000.0,1778635000,9182000.0,10573000.0,42899000.0,49106000.0,,,,,111760000.0,-10543000.0,,695000.0,-9848000.0,-7000.0,3882000.0,-35564000.0,-31729000.0,69403000,2015-12-31,30.5,30.59000015258789,29.76000022888184,29.770000457763672,29.770000457763672,771200.0
2016-03-31,286535000.0,-188475000.0,98060000.0,-71096000.0,-55102000.0,-8197000.0,-7797000.0,26964000.0,-10616000.0,-11035000.0,16348000,-417000.0,15931000,-5719000.0,10212000,,10208000,10208000,69370000.0,230338000.0,374709000.0,686256000.0,197623000.0,,1049618000.0,1247241000.0,1933497000,257440000.0,45030000.0,302470000.0,1047146000.0,1121521000.0,1423991000,238770000.0,-112197000.0,368381000.0,509506000.0,1933497000,10212000.0,12793000.0,8691000.0,-9545000.0,,,,,22151000.0,-7086000.0,,-61280000.0,-68366000.0,-76000.0,4311000.0,,-1106000.0,-46487000,2016-03-31,37.59000015258789,37.810001373291016,37.13000106811523,37.2400016784668,37.2400016784668,389100.0
2016-06-30,367376000.0,-243229000.0,124147000.0,-80065000.0,-61959000.0,-9889000.0,-8217000.0,44082000.0,-11218000.0,-11380000.0,32864000,,32864000,-11921000.0,20943000,,20888000,20888000,75641000.0,243087000.0,366745000.0,698598000.0,206700000.0,,1011237000.0,1217937000.0,1916535000,277495000.0,46546000.0,324041000.0,1034836000.0,1106471000.0,1430512000,241717000.0,-146801000.0,389269000.0,486023000.0,1916535000,20943000.0,13650000.0,7935000.0,16556000.0,,,,,59084000.0,-6871000.0,,394000.0,-6477000.0,0.0,-11012000.0,-34576000.0,-45617000.0,6271000,2016-06-30,34.330001831054695,34.97999954223633,34.06999969482422,34.959999084472656,34.959999084472656,374400.0
2016-09-30,373121000.0,-235349000.0,137772000.0,-81432000.0,-62495000.0,-9426000.0,-9511000.0,56340000.0,-11280000.0,-11299000.0,45060000,-3534000.0,41526000,-15514000.0,26012000,,26183000,26183000,54163000.0,244722000.0,359363000.0,671433000.0,207504000.0,,989576000.0,1197080000.0,1868513000,259350000.0,74229000.0,333579000.0,1013671000.0,1084807000.0,1418386000,244151000.0,-212358000.0,415452000.0,450127000.0,1868513000,26012000.0,14900000.0,20229000.0,-12863000.0,,,,,48278000.0,-5541000.0,,-500000.0,-6041000.0,0.0,1598000.0,-65358000.0,-63944000.0,-21478000,2016-09-30,35.849998474121094,36.5099983215332,35.75,36.29999923706055,36.29999923706055,406900.0
2016-12-31,420711000.0,-268269000.0,152442000.0,-77076000.0,-59997000.0,-9651000.0,-7428000.0,75366000.0,-12410000.0,-10854000.0,62956000,420000.0,63376000,-23365000.0,40011000,,39875000,39875000,67272000.0,241857000.0,349731000.0,683509000.0,212793000.0,,965382000.0,1178175000.0,1861684000,295776000.0,46163000.0,341939000.0,1006758000.0,1085495000.0,1427434000,246933000.0,-262402000.0,456052000.0,434250000.0,1861684000,40011000.0,13075000.0,18533000.0,39990000.0,,,,,111609000.0,-9609000.0,,0.0,-12651000.0,0.0,-31567000.0,-48380000.0,-85038000.0,13109000,2016-12-30,41.18999862670898,41.18999862670898,40.58000183105469,40.7400016784668,40.7400016784668,265000.0
2017-03-31,330485000.0,-221685000.0,108800000.0,-77910000.0,-60440000.0,-10287000.0,-7183000.0,30890000.0,-10700000.0,-10788000.0,20190000,-185000.0,20005000,-7823000.0,12182000,,12175000,12175000,57494000.0,223031000.0,390908000.0,680694000.0,215390000.0,,971181000.0,1186571000.0,1867265000,273307000.0,42593000.0,315900000.0,1007898000.0,1097403000.0,1413303000,250013000.0,-263636000.0,469508000.0,453962000.0,1867265000,12182000.0,12597000.0,9772000.0,-39726000.0,,,,,-5175000.0,-3513000.0,,1610000.0,-1274000.0,,-3968000.0,1107000.0,-4764000.0,-9778000,2017-03-31,37.43000030517578,37.61000061035156,37.18999862670898,37.27999877929688,37.27999877929688,791400.0
2017-06-30,394875000.0,-261954000.0,132921000.0,-81099000.0,-63417000.0,-10553000.0,-7129000.0,51822000.0,-12432000.0,-10893000.0,39390000,-136000.0,39254000,-13878000.0,25376000,,25291000,25291000,67071000.0,243285000.0,378110000.0,697780000.0,217056000.0,,972694000.0,1189750000.0,1887530000,280467000.0,29855000.0,310322000.0,1007235000.0,1111443000.0,1421765000,252647000.0,-293684000.0,495463000.0,465765000.0,1887530000,25376000.0,12986000.0,14231000.0,6858000.0,,,,,59451000.0,-6472000.0,,-450000.0,-6153000.0,,-13305000.0,-29865000.0,-44742000.0,9577000,2017-06-30,36.310001373291016,36.59000015258789,36.0099983215332,36.13000106811523,36.13000106811523,318200.0
2017-09-30,455839000.0,-299608000.0,156231000.0,-83683000.0,-65591000.0,-10850000.0,-7242000.0,72548000.0,-12368000.0,-10672000.0,60180000,,60180000,-20404000.0,39776000,,39435000,39435000,128780000.0,320626000.0,349023000.0,810149000.0,218658000.0,,972167000.0,1190825000.0,2000974000,327835000.0,130908000.0,458743000.0,908101000.0,1027185000.0,1485928000,254040000.0,-293969000.0,535172000.0,515046000.0,2000974000,39776000.0,13108000.0,12496000.0,961000.0,,,,,66341000.0,-6596000.0,,97000.0,-5795000.0,,782000.0,463000.0,724000.0,61709000,2017-09-29,45.56999969482422,46.36000061035156,45.54999923706055,45.93000030517578,45.93000030517578,487400.0
2017-12-31,498174000.0,-311340000.0,186834000.0,-91460000.0,-72974000.0,-11179000.0,-7307000.0,95374000.0,-11435000.0,-10314000.0,83939000,321000.0,84260000,-2037000.0,82223000,,80907000,80907000,138472000.0,279295000.0,387049000.0,824557000.0,230380000.0,,971028000.0,1201408000.0,2025965000,374249000.0,22174000.0,396423000.0,906548000.0,1031293000.0,1427716000,257700000.0,-294005000.0,610836000.0,598249000.0,2025965000,82223000.0,13297000.0,-2866000.0,44051000.0,,,,,136705000.0,-16598000.0,,0.0,-14906000.0,,-110798000.0,5234000.0,-111361000.0,9692000,2017-12-29,50.0,50.29999923706055,49.4000015258789,49.52000045776367,49.52000045776367,351700.0
2018-03-31,400091000.0,-258164000.0,141927000.0,-85580000.0,-68095000.0,-11853000.0,-5632000.0,56347000.0,-11161000.0,-10113000.0,45186000,,45186000,-11416000.0,33770000,,33645000,33645000,146162000.0,262170000.0,439745000.0,866845000.0,232023000.0,,978600000.0,1210623000.0,2077468000,379630000.0,33007000.0,412637000.0,907459000.0,1040233000.0,1452870000,261944000.0,-321025000.0,636814000.0,624598000.0,2077468000,33770000.0,11683000.0,8668000.0,-25153000.0,,,,,28968000.0,-6495000.0,,-369000.0,-5997000.0,-314000.0,9996000.0,-24256000.0,-16200000.0,7690000,2018-03-29,46.11999893188477,46.68999862670898,45.84000015258789,45.90999984741211,45.90999984741211,380500.0
2018-06-30,497581000.0,-319108000.0,178473000.0,-93006000.0,-74908000.0,-12616000.0,-5482000.0,85467000.0,-11522000.0,-11002000.0,73945000,-1332000.0,72613000,-18382000.0,54231000,,53261000,53261000,111714000.0,311668000.0,479880000.0,930436000.0,233433000.0,,1045406000.0,1278839000.0,2209275000,454682000.0,25367000.0,480049000.0,908066000.0,1058936000.0,1538985000,266482000.0,-321052000.0,687772000.0,670290000.0,2209275000,54231000.0,11600000.0,8878000.0,-24020000.0,,,,,50689000.0,-5635000.0,,-71557000.0,-76130000.0,0.0,-6832000.0,724000.0,-7680000.0,-34448000,2018-06-29,51.4000015258789,51.88000106811523,51.36000061035156,51.72999954223633,51.72999954223633,452800.0
2018-09-30,562388000.0,-362054000.0,200334000.0,-93815000.0,-74484000.0,-13653000.0,-5678000.0,106519000.0,-9925000.0,-9824000.0,96594000,,96594000,-20072000.0,76522000,,75776000,75776000,174001000.0,341758000.0,496088000.0,1039957000.0,243362000.0,,1049354000.0,1292716000.0,2332673000,465469000.0,87644000.0,553113000.0,859625000.0,1021028000.0,1574141000,271770000.0,-321397000.0,756636000.0,758532000.0,2332673000,76522000.0,11841000.0,15717000.0,-44739000.0,,,,,59341000.0,-13234000.0,,0.0,-12338000.0,0.0,12951000.0,3067000.0,14737000.0,62287000,2018-09-28,56.34000015258789,57.43999862670898,56.15999984741211,56.40999984741211,56.40999984741211,446500.0
2018-12-31,563404000.0,-359098000.0,204306000.0,-95458000.0,-78241000.0,-11897000.0,-5320000.0,108848000.0,-12165000.0,-10017000.0,96683000,0.0,96683000,-19986000.0,76697000,,75575000,75575000,224482000.0,326133000.0,544750000.0,1120769000.0,278929000.0,,1026616000.0,1305545000.0,2426314000,513146000.0,47560000.0,560706000.0,876396000.0,1043343000.0,1604049000,274000000.0,-321473000.0,831123000.0,822265000.0,2426314000,76697000.0,12284000.0,13455000.0,5793000.0,,,,,108229000.0,-22023000.0,,6486000.0,-14429000.0,0.0,-40432000.0,423000.0,-42891000.0,50481000,2018-12-31,49.29999923706055,49.88999938964844,48.9000015258789,49.70000076293945,49.70000076293945,322300.0
2019-03-31,470353000.0,-308178000.0,162175000.0,-91002000.0,-72051000.0,-13609000.0,-5342000.0,71173000.0,-10419000.0,-10272000.0,60754000,,60754000,-14985000.0,45769000,,44861000,44861000,161266000.0,284612000.0,588380000.0,1062795000.0,289438000.0,,1121489000.0,1410927000.0,2473722000,468535000.0,47444000.0,515979000.0,882483000.0,1090431000.0,1606410000,279275000.0,-324115000.0,878416000.0,867312000.0,2473722000,45769000.0,12607000.0,9988000.0,-53793000.0,,,,,14571000.0,-15879000.0,,-61549000.0,-76685000.0,,-659000.0,2193000.0,-1622000.0,-63216000,2019-03-29,51.25,51.58000183105469,50.70000076293945,51.22999954223633,51.22999954223633,273700.0
2019-06-30,541916000.0,-346078000.0,195838000.0,-104912000.0,-79967000.0,-17694000.0,-7251000.0,90926000.0,-10393000.0,-10452000.0,80533000,,80533000,-18827000.0,61706000,,61958000,61958000,110367000.0,341535000.0,570327000.0,1051710000.0,300795000.0,,1170604000.0,1471399000.0,2523109000,420876000.0,59487000.0,480363000.0,883476000.0,1112618000.0,1592981000,283587000.0,-324149000.0,939618000.0,930128000.0,2523109000,61706000.0,14740000.0,11824000.0,-80227000.0,,,,,8043000.0,-18448000.0,,-51392000.0,-69187000.0,-285000.0,10124000.0,1226000.0,9780000.0,-50899000,2019-06-28,69.75,70.29000091552734,69.13999938964844,69.41000366210939,69.41000366210939,1036500.0
2019-09-30,601135000.0,-383618000.0,217517000.0,-111961000.0,-86952000.0,-17603000.0,-7406000.0,105556000.0,-10595000.0,-10704000.0,94961000,,94961000,-20064000.0,74897000,,75574000,75574000,216038000.0,373591000.0,517232000.0,1137431000.0,303288000.0,,1153402000.0,1456690000.0,2594121000,406477000.0,69539000.0,476016000.0,884315000.0,1122326000.0,1598342000,290555000.0,-324351000.0,1013707000.0,995779000.0,2594121000,74897000.0,15494000.0,13333000.0,7464000.0,,,,,111188000.0,-11037000.0,,-7922000.0,-18319000.0,0.0,10790000.0,4538000.0,14020000.0,105671000,2019-09-30,78.81999969482422,80.19000244140625,78.33999633789062,78.33999633789062,78.33999633789062,515600.0
2019-12-31,590932000.0,-368710000.0,222222000.0,-117714000.0,-89581000.0,-19488000.0,-8645000.0,104508000.0,-9303000.0,-10116000.0,95205000,-11846000.0,83359000,-13423000.0,69936000,,69614000,69614000,322883000.0,319538000.0,522024000.0,1195829000.0,316976000.0,,1152864000.0,1469840000.0,2665669000,435967000.0,61097000.0,497064000.0,837767000.0,1074527000.0,1571591000,296750000.0,-324551000.0,1084383000.0,1094078000.0,2665669000,69936000.0,18068000.0,17926000.0,69155000.0,,,,,175085000.0,-15343000.0,,8862000.0,-5887000.0,0.0,-57822000.0,1438000.0,-64096000.0,106845000,2019-12-31,101.13999938964844,102.23999786376952,100.5199966430664,100.58999633789062,100.58999633789062,314900.0
2020-03-31,475915000.0,-303595000.0,172320000.0,-109458000.0,-83028000.0,-18649000.0,-7781000.0,62862000.0,-10007000.0,-9053000.0,52855000,,52855000,-9444000.0,43411000,,44460000,44460000,307456000.0,312013000.0,559695000.0,1208721000.0,315828000.0,,1129528000.0,1445356000.0,2654077000,428877000.0,54139000.0,483016000.0,839380000.0,1087470000.0,1570486000,302079000.0,-331386000.0,1126174000.0,1083591000.0,2654077000,43411000.0,16116000.0,7203000.0,-55384000.0,,,,,11346000.0,-12894000.0,,,-12276000.0,,-6008000.0,1590000.0,-16084000.0,-15427000,2020-03-31,92.48999786376952,93.81999969482422,90.41999816894531,93.16999816894531,93.16999816894531,626500.0
2020-06-30,546848000.0,-337865000.0,208983000.0,-119430000.0,-92308000.0,-19455000.0,-7667000.0,89553000.0,-7488000.0,-7932000.0,82065000,,82065000,-18473000.0,63592000,,66145000,66145000,396734000.0,322937000.0,544372000.0,1297106000.0,317822000.0,,1152697000.0,1470519000.0,2767625000,431345000.0,55375000.0,486720000.0,841116000.0,1122611000.0,1609331000,310202000.0,-331415000.0,1190749000.0,1158294000.0,2767625000,63592000.0,16803000.0,20992000.0,381000.0,,,,,101768000.0,-13426000.0,,,-12720000.0,,373000.0,5980000.0,3068000.0,89278000,2020-06-30,120.0,122.36000061035156,118.63999938964844,121.93000030517578,121.93000030517578,928200.0
