Report Date,Revenue,Cost of Revenue,Gross Profit,Operating Expenses,"Selling, General & Administrative",Research & Development,Depreciation & Amortization,Operating Income (Loss),Non-Operating Income (Loss),"Interest Expense, Net","Pretax Income (Loss), Adj.",Abnormal Gains (Losses),Pretax Income (Loss),"Income Tax (Expense) Benefit, Net",Income (Loss) from Continuing Operations,Net Extraordinary Gains (Losses),Net Income,Net Income (Common),"Cash, Cash Equivalents & Short Term Investments",Accounts & Notes Receivable,Inventories,Total Current Assets,"Property, Plant & Equipment, Net",Long Term Investments & Receivables,Other Long Term Assets,Total Noncurrent Assets,Total Assets,Payables & Accruals,Short Term Debt,Total Current Liabilities,Long Term Debt,Total Noncurrent Liabilities,Total Liabilities,Share Capital & Additional Paid-In Capital,Treasury Stock,Retained Earnings,Total Equity,Total Liabilities & Equity,Net Income/Starting Line,Depreciation & Amortization,Non-Cash Items,Change in Working Capital,Change in Accounts Receivable,Change in Inventories,Change in Accounts Payable,Change in Other,Net Cash from Operating Activities,Change in Fixed Assets & Intangibles,Net Change in Long Term Investment,Net Cash from Acquisitions & Divestitures,Net Cash from Investing Activities,Dividends Paid,Cash from (Repayment of) Debt,Cash from (Repurchase of) Equity,Net Cash from Financing Activities,Net Change in Cash,Price Date,Open,High,Low,Close,Adj Close,Volume
2009-06-30,2535045000.0,-1790190000.0,744855000.0,-578805000.0,-556394000.0,,-22411000.0,166050000.0,,,166050000,,166050000,-62440000.0,103610000,,103610000,103610000,238589000.0,1239318000.0,2215709000.0,3916015000.0,487307000.0,,451622000.0,938929000.0,4854944000,1171760000.0,,1412567000.0,500000000.0,926693000.0,2339260000,166206000.0,,2708629000.0,2515684000.0,4854944000,103610000.0,22411000.0,3219000.0,159169000.0,,,,,288409000.0,-22858000.0,,-101626000.0,-124484000.0,-63778000.0,,-20000.0,-61780000.0,105308000,2009-06-30,33.59000015258789,33.689998626708984,33.0,33.560001373291016,23.14187240600586,1798200.0
2009-09-30,2606757000.0,-1841511000.0,765246000.0,-594540000.0,-571978000.0,,-22562000.0,170706000.0,,,170706000,,170706000,-63067000.0,107639000,,107639000,107639000,363133000.0,1250575000.0,2188133000.0,4034291000.0,485647000.0,,457303000.0,942950000.0,4977241000,1245092000.0,,1444511000.0,500000000.0,918388000.0,2362899000,168233000.0,,2752450000.0,2614342000.0,4977241000,107639000.0,22562000.0,2167000.0,145304000.0,,,,,277672000.0,-12405000.0,,-15642000.0,-100858000.0,-63813000.0,,-23000.0,-63755000.0,124544000,2009-09-30,37.54999923706055,38.400001525878906,37.27000045776367,38.060001373291016,26.542909622192386,2034600.0
2009-12-31,2471214000.0,-1703754000.0,767460000.0,-576834000.0,-526551000.0,,-22917000.0,190626000.0,-27885000.0,-27885000.0,162741000,,162741000,-63574000.0,99167000,,99167000,99167000,336803000.0,1187075000.0,2214076000.0,4032828000.0,485024000.0,,486837000.0,971861000.0,5004689000,1307353000.0,0.0,1408284000.0,500000000.0,967033000.0,2375317000,158918000.0,,2772309000.0,2629372000.0,5004689000,99167000.0,22917000.0,24841000.0,-68130000.0,,,,,78795000.0,-8043000.0,,-11156000.0,-19202000.0,-63819000.0,0.0,-25860000.0,-90726000.0,-26330000,2009-12-31,38.33000183105469,38.56999969482422,37.959999084472656,37.959999084472656,26.765119552612305,484800.0
2010-03-31,2602115000.0,-1841640000.0,760475000.0,-598360000.0,-576217000.0,,-22143000.0,162115000.0,,,162115000,,162115000,-61506000.0,100609000,,100609000,100609000,333537000.0,1323980000.0,2211457000.0,4146231000.0,477269000.0,,545262000.0,1022531000.0,5168762000,1328869000.0,,1514129000.0,500000000.0,969067000.0,2483196000,158792000.0,,2802369000.0,2685566000.0,5168762000,100609000.0,22143000.0,1110000.0,15783000.0,,,,,139645000.0,-9850000.0,,-65772000.0,-75622000.0,-63544000.0,,-9306000.0,-70269000.0,-3266000,2010-03-31,42.38999938964844,42.599998474121094,42.20000076293945,42.2400016784668,30.084177017211914,682200.0
2010-06-30,2847186000.0,-2024876000.0,822310000.0,-621517000.0,-598331000.0,,-23186000.0,200793000.0,,,200793000,,200793000,-76326000.0,124467000,,124467000,124467000,411872000.0,1353918000.0,2164548000.0,4210497000.0,469150000.0,,539713000.0,1008863000.0,5219360000,1386862000.0,,1575373000.0,500000000.0,970780000.0,2546153000,157613000.0,,2815427000.0,2673207000.0,5219360000,124467000.0,23186000.0,537000.0,64617000.0,,,,,212807000.0,-18062000.0,,-1921000.0,-19983000.0,-65083000.0,,-53831000.0,-115026000.0,78335000,2010-06-30,39.75,40.25,39.29999923706055,39.45000076293945,28.391864776611328,944100.0
2010-09-30,2950560000.0,-2097529000.0,853031000.0,-640542000.0,-618449000.0,,-22093000.0,212489000.0,,,212489000,,212489000,-80704000.0,131785000,,131785000,131785000,531731000.0,1394870000.0,2182413000.0,4391301000.0,478436000.0,,544033000.0,1022469000.0,5413770000,1482446000.0,,1720885000.0,500000000.0,915103000.0,2635988000,157535000.0,,2880155000.0,2777782000.0,5413770000,131785000.0,22093000.0,2190000.0,59902000.0,,,,,215970000.0,-31019000.0,,-15387000.0,-46406000.0,-64686000.0,,-6301000.0,-68779000.0,119859000,2010-09-30,44.97999954223633,45.31999969482422,44.38000106811523,44.59000015258789,32.4019775390625,856100.0
2010-12-31,2807728000.0,-1990600000.0,817128000.0,-602681000.0,-573670000.0,,-21910000.0,214447000.0,-28061000.0,-28061000.0,186386000,,186386000,-67736000.0,118650000,,118650000,118650000,529968000.0,1364406000.0,2224717000.0,4414887000.0,484130000.0,,566027000.0,1050157000.0,5465044000,1606155000.0,250000000.0,1971814000.0,250000000.0,690516000.0,2662330000,157636000.0,,2934535000.0,2802714000.0,5465044000,118650000.0,21910000.0,10237000.0,-40556000.0,,,,,110241000.0,-22772000.0,,-7565000.0,-30337000.0,-64585000.0,,-5569000.0,-66495000.0,-1763000,2010-12-31,51.25,51.4900016784668,51.13000106811523,51.34000015258789,37.609901428222656,381200.0
2011-03-31,2974198000.0,-2125404000.0,848794000.0,-656814000.0,-634269000.0,,-22545000.0,191980000.0,,,191980000,,191980000,-65465000.0,126515000,,126515000,126515000,465882000.0,1490744000.0,2236758000.0,4495229000.0,479816000.0,,594475000.0,1074291000.0,5569520000,1515153000.0,250000000.0,2003636000.0,250000000.0,687016000.0,2690652000,157543000.0,,2982748000.0,2878868000.0,5569520000,126515000.0,22545000.0,68000.0,-95717000.0,,,,,53411000.0,-14534000.0,,-33903000.0,-48437000.0,-64600000.0,,-9095000.0,-72557000.0,-64086000,2011-03-31,53.54999923706055,53.7400016784668,53.29999923706055,53.63999938964844,39.63090896606445,704100.0
2011-06-30,3184984000.0,-2268870000.0,916114000.0,-674563000.0,-651635000.0,,-22928000.0,241551000.0,,,241551000,,241551000,-89739000.0,151812000,,151812000,151812000,516728000.0,1565889000.0,2251595000.0,4633291000.0,486283000.0,,597427000.0,1083710000.0,5717001000,1596316000.0,250000000.0,2107415000.0,250000000.0,678290000.0,2785705000,156767000.0,,3023737000.0,2931296000.0,5717001000,151812000.0,22928000.0,1559000.0,20241000.0,,,,,196540000.0,-27214000.0,,-4223000.0,-31437000.0,-70950000.0,,-46321000.0,-115305000.0,50846000,2011-06-30,54.040000915527344,54.4900016784668,53.81999969482422,54.4000015258789,40.54960250854492,870200.0
2011-09-30,3285560000.0,-2337028000.0,948532000.0,-701432000.0,-679967000.0,,-21465000.0,247100000.0,,,247100000,,247100000,-95268000.0,151832000,,151832000,151832000,534801000.0,1531046000.0,2250309000.0,4646313000.0,479547000.0,,658858000.0,1138405000.0,5784718000,1702272000.0,250000000.0,2240660000.0,250000000.0,652667000.0,2893327000,155653000.0,,3051467000.0,2891391000.0,5784718000,151832000.0,21465000.0,810000.0,73350000.0,,,,,247457000.0,-22184000.0,,-67003000.0,-89187000.0,-70686000.0,,-57943000.0,-127649000.0,18073000,2011-09-30,51.61999893188477,52.29999923706055,50.77999877929688,50.79999923706055,38.19172286987305,1392500.0
2011-12-31,3014135000.0,-2121535000.0,892600000.0,-655389000.0,-628501000.0,,-21998000.0,237211000.0,-27036000.0,-27036000.0,210175000,,210175000,-75218000.0,134957000,,134957000,134957000,525054000.0,1461011000.0,2440111000.0,4754710000.0,500204000.0,,947860000.0,1448064000.0,6202774000,1680966000.0,,2012548000.0,500000000.0,1436635000.0,3449183000,155651000.0,,3070394000.0,2753591000.0,6202774000,134957000.0,21998000.0,-5595000.0,-23841000.0,,,,,127519000.0,-30629000.0,,-31807000.0,-62436000.0,-70133000.0,0.0,-8719000.0,-78629000.0,-9747000,2011-12-30,62.04999923706055,62.04999923706055,61.0,61.20000076293945,46.35743713378906,530800.0
2012-03-31,3181288000.0,-2262177000.0,919111000.0,-690943000.0,-667958000.0,,-22985000.0,228168000.0,,,228168000,,228168000,-81913000.0,146255000,,146255000,146255000,424424000.0,1605469000.0,2264398000.0,4601546000.0,500845000.0,,993438000.0,1494283000.0,6095829000,1723308000.0,,1931369000.0,500000000.0,1270466000.0,3201835000,155910000.0,,3182118000.0,2893994000.0,6095829000,146255000.0,22985000.0,-3636000.0,6693000.0,,,,,172297000.0,-16889000.0,,-188918000.0,-205807000.0,-70019000.0,,-296000.0,-68102000.0,-100630000,2012-03-30,62.70000076293945,62.97000122070313,62.38000106811523,62.75,47.91244506835938,1109200.0
2012-06-30,3337836000.0,-2365550000.0,972286000.0,-704981000.0,-680246000.0,,-24735000.0,267305000.0,,,267305000,,267305000,-98687000.0,168618000,,168618000,168618000,171577000.0,1605696000.0,2333592000.0,4423375000.0,567013000.0,,1194541000.0,1761554000.0,6184929000,1709565000.0,,1978256000.0,500000000.0,1274851000.0,3253107000,155101000.0,,3225152000.0,2931822000.0,6184929000,168618000.0,24735000.0,858000.0,54805000.0,,,,,249016000.0,-34479000.0,,-336983000.0,-371462000.0,-77168000.0,0.0,-54719000.0,-129829000.0,-252847000,2012-06-29,60.70000076293945,60.70000076293945,59.81000137329102,60.25,46.3852424621582,1648500.0
2012-09-30,3375778000.0,-2399742000.0,976036000.0,-704503000.0,-678894000.0,,-25609000.0,271533000.0,,,271533000,,271533000,-98590000.0,172943000,,172943000,172943000,398118000.0,1606297000.0,2351321000.0,4664575000.0,560900000.0,,1220407000.0,1781307000.0,6445882000,1857749000.0,,2101617000.0,500000000.0,1278096000.0,3379713000,155131000.0,,3321517000.0,3066169000.0,6445882000,172943000.0,25609000.0,626000.0,144329000.0,,,,,343507000.0,-20259000.0,,-19477000.0,-39736000.0,-76983000.0,0.0,-3793000.0,-79816000.0,226541000,2012-09-28,60.75,61.11999893188477,60.38999938964844,61.02999877929688,47.364013671875,989100.0
2012-12-31,3118966000.0,-2208308000.0,910658000.0,-638250000.0,-629432000.0,,-25054000.0,272408000.0,-20482000.0,-20482000.0,251926000,,251926000,-91701000.0,160225000,,160225000,160225000,403095000.0,1490028000.0,2602560000.0,4820131000.0,566365000.0,,1420565000.0,1986930000.0,6807061000,1878243000.0,250000000.0,2487638000.0,250000000.0,1311244000.0,3798882000,154841000.0,,3344538000.0,3008179000.0,6807061000,160225000.0,25054000.0,12689000.0,-56350000.0,,,,,141618000.0,-21856000.0,,-13006000.0,-34862000.0,-76813000.0,0.0,-23018000.0,-101087000.0,4977000,2012-12-31,62.599998474121094,63.63999938964844,62.599998474121094,63.58000183105469,49.72380447387695,551700.0
2013-03-31,3198802000.0,-2277054000.0,921748000.0,-699611000.0,-673612000.0,,-25999000.0,222137000.0,,,222137000,,222137000,-77748000.0,144389000,,144389000,144389000,841894000.0,1624954000.0,2560077000.0,5351604000.0,581279000.0,,1405579000.0,1986858000.0,7338462000,1952368000.0,664742000.0,3023314000.0,250000000.0,1240705000.0,4264019000,154966000.0,,3407317000.0,3074443000.0,7338462000,144389000.0,25999000.0,-1430000.0,-52580000.0,,,,,116378000.0,-12924000.0,,-6745000.0,-19669000.0,-76641000.0,414742000.0,-110000.0,337406000.0,438799000,2013-03-28,77.33999633789062,78.12000274658203,77.0999984741211,78.0,61.4547119140625,556600.0
2013-06-30,3675997000.0,-2570889000.0,1105108000.0,-790380000.0,-753527000.0,,-36853000.0,314728000.0,,,314728000,,314728000,-98371000.0,216357000,,216357000,216357000,196770000.0,1759176000.0,2799150000.0,5107741000.0,642955000.0,,1909617000.0,2552572000.0,7660313000,2159150000.0,650102000.0,3322947000.0,250000000.0,1251227000.0,4574174000,154859000.0,,3521735000.0,3086139000.0,7660313000,216357000.0,36853000.0,-53576000.0,151066000.0,,,,,350700000.0,-37883000.0,,-589360000.0,-627243000.0,-83267000.0,-244190000.0,-26208000.0,-354618000.0,-645124000,2013-06-28,77.26000213623047,78.4000015258789,76.87000274658203,78.06999969482422,61.942909240722656,1044100.0
2013-09-30,3685243000.0,-2584320000.0,1100923000.0,-829177000.0,-793957000.0,,-35220000.0,271746000.0,,,271746000,,271746000,-98000000.0,173746000,,173746000,173746000,320870000.0,1759517000.0,2832108000.0,5295475000.0,648503000.0,,1999925000.0,2648428000.0,7943903000,2315348000.0,583896000.0,3454094000.0,250000000.0,1336634000.0,4790728000,154357000.0,,3570356000.0,3153175000.0,7943903000,173746000.0,35220000.0,1310000.0,160131000.0,,,,,370407000.0,-33339000.0,,-18004000.0,-51343000.0,-83354000.0,-66206000.0,-45420000.0,-195735000.0,124100000,2013-09-30,79.83999633789062,80.9000015258789,79.69000244140625,80.88999938964844,64.63127899169922,744700.0
2013-12-31,3517801000.0,-2425660000.0,1092141000.0,-829477000.0,-806932000.0,,-35885000.0,262664000.0,-26971000.0,-26971000.0,235693000,,235693000,-85226000.0,150467000,,150467000,150467000,196893000.0,1664819000.0,2946021000.0,5221491000.0,670061000.0,,1788745000.0,2458806000.0,7680297000,2497469000.0,264658000.0,3183044000.0,500000000.0,1138485000.0,4321529000,168708000.0,,3578021000.0,3358768000.0,7680297000,150467000.0,35885000.0,-31912000.0,64806000.0,,,,,219246000.0,-29260000.0,,-98064000.0,-127324000.0,-82955000.0,-79750000.0,-48935000.0,-212170000.0,-123977000,2013-12-31,83.2699966430664,83.63999938964844,82.8499984741211,83.19000244140625,66.90287780761719,325000.0
2014-03-31,3624897000.0,-2540267000.0,1084630000.0,-840658000.0,-803802000.0,,-36856000.0,243972000.0,,,243972000,,243972000,-86488000.0,157484000,,157484000,157484000,103472000.0,1828309000.0,2974306000.0,5346431000.0,664689000.0,,1971254000.0,2635943000.0,7982374000,2500430000.0,399756000.0,3422738000.0,500000000.0,1148427000.0,4571165000,170882000.0,,3624642000.0,3411209000.0,7982374000,157484000.0,36856000.0,-1033000.0,-133528000.0,,,,,59779000.0,-18387000.0,,-156853000.0,-175240000.0,-82750000.0,129408000.0,-22709000.0,23319000.0,-93421000,2014-03-31,85.73999786376953,86.88999938964844,85.36000061035156,86.8499984741211,70.30605316162111,739400.0
2014-06-30,3908387000.0,-2729219000.0,1179168000.0,-868988000.0,-832205000.0,,-36783000.0,310180000.0,,,310180000,,310180000,-112453000.0,197727000,,197727000,197727000,152863000.0,1909268000.0,2987143000.0,5512361000.0,661304000.0,,2077883000.0,2739187000.0,8251548000,2600420000.0,306358000.0,3506854000.0,500000000.0,1207200000.0,4714054000,175123000.0,,3703462000.0,3537494000.0,8251548000,197727000.0,36784000.0,2940000.0,69872000.0,,,,,307323000.0,-21536000.0,,-22036000.0,-43572000.0,-88421000.0,-96964000.0,-31060000.0,-216621000.0,49391000,2014-06-30,87.2699966430664,87.94000244140625,87.06999969482422,87.80000305175781,71.55571746826172,696100.0
2014-09-30,3985909000.0,-2802487000.0,1183422000.0,-885139000.0,-850156000.0,,-34983000.0,298283000.0,,,298283000,,298283000,-107767000.0,190516000,,190516000,190516000,135537000.0,1976056000.0,3014102000.0,5585377000.0,662253000.0,,2093827000.0,2756080000.0,8341457000,2661580000.0,335394000.0,3635782000.0,500000000.0,1197527000.0,4833309000,179222000.0,,3764807000.0,3508148000.0,8341457000,190516000.0,34983000.0,3465000.0,-6743000.0,,,,,222221000.0,-33862000.0,,-96406000.0,-130268000.0,-88194000.0,25525000.0,-41777000.0,-104637000.0,-17326000,2014-09-30,87.9800033569336,88.26000213623047,87.51000213623047,87.70999908447266,71.95256042480469,763100.0
2014-12-31,3822454000.0,-2675913000.0,1146541000.0,-856149000.0,-827867000.0,,-39691000.0,290392000.0,-25088000.0,-25088000.0,265304000,,265304000,-99745000.0,165559000,,165559000,165559000,137730000.0,1872365000.0,3043848000.0,5592525000.0,670102000.0,,1983611000.0,2653713000.0,8246238000,2808089000.0,265466000.0,3584115000.0,500000000.0,1349759000.0,4933874000,179527000.0,,3841932000.0,3312364000.0,8246238000,165559000.0,39690000.0,43701000.0,-48128000.0,,,,,200822000.0,-25030000.0,,-12605000.0,-37635000.0,-87906000.0,-65907000.0,-400000.0,-157501000.0,2193000,2014-12-31,107.7300033569336,108.5999984741211,106.56999969482422,106.56999969482422,87.91751861572266,592900.0
2015-03-31,3736051000.0,-2623232000.0,1112819000.0,-861438000.0,-825554000.0,,-35884000.0,251381000.0,,,251381000,,251381000,-90371000.0,161010000,,161010000,161010000,166495000.0,1978233000.0,3007295000.0,5634699000.0,646116000.0,,1957540000.0,2603656000.0,8238355000,2728814000.0,393697000.0,3759361000.0,500000000.0,1287952000.0,5047313000,181904000.0,,3825716000.0,3191042000.0,8238355000,161010000.0,35884000.0,-418000.0,-73964000.0,,,,,122512000.0,-16427000.0,,-30129000.0,-46556000.0,-88039000.0,129910000.0,-84252000.0,-42451000.0,28765000,2015-03-31,92.79000091552734,94.58000183105469,92.7699966430664,93.19000244140624,77.37761688232422,959500.0
2015-06-30,3940401000.0,-2762071000.0,1178330000.0,-868213000.0,-832610000.0,,-35603000.0,310117000.0,,,310117000,,310117000,-114744000.0,195373000,,195373000,195373000,223840000.0,2008445000.0,3025165000.0,5763520000.0,640534000.0,,2009579000.0,2650113000.0,8413633000,2838009000.0,350000000.0,3867622000.0,500000000.0,1290513000.0,5158135000,186018000.0,,3867298000.0,3255498000.0,8413633000,195373000.0,35603000.0,3764000.0,96856000.0,,,,,331596000.0,-21037000.0,,-50011000.0,-71048000.0,-93844000.0,-47877000.0,-60967000.0,-203232000.0,57345000,2015-06-30,90.01000213623047,90.23999786376952,89.37999725341797,89.52999877929688,74.84818267822266,774400.0
2015-09-30,3921802000.0,-2752577000.0,1169225000.0,-868650000.0,-834372000.0,,-34278000.0,300575000.0,,,300575000,,300575000,-112559000.0,188016000,,188016000,188016000,199294000.0,1963158000.0,2967724000.0,5623482000.0,628461000.0,,1951185000.0,2579646000.0,8203128000,2950570000.0,125000000.0,3764068000.0,500000000.0,1268036000.0,5032104000,189969000.0,,3883403000.0,3171024000.0,8203128000,188016000.0,34277000.0,4855000.0,214731000.0,,,,,441879000.0,-24530000.0,,-35274000.0,-59804000.0,-93496000.0,-225000000.0,-79956000.0,-398487000.0,-24546000,2015-09-30,82.63999938964844,83.30000305175781,81.94000244140625,82.88999938964844,69.82589721679689,1065000.0
2015-12-31,3681790000.0,-2586312000.0,1095478000.0,-812208000.0,-784854000.0,,-35910000.0,283270000.0,-21662000.0,-21662000.0,261608000,,261608000,-100335000.0,161273000,,161273000,161273000,211631000.0,1822419000.0,2999966000.0,5555316000.0,648217000.0,,1941238000.0,2589455000.0,8144771000,3062386000.0,375000000.0,3940654000.0,250000000.0,1044875000.0,4985529000,191434000.0,,3885751000.0,3159242000.0,8144771000,161273000.0,35911000.0,34847000.0,31355000.0,,,,,263386000.0,-38932000.0,,-47287000.0,-86219000.0,-92905000.0,0.0,-67100000.0,-161904000.0,12337000,2015-12-31,86.30999755859375,86.6500015258789,85.7699966430664,85.88999938964844,72.84751892089844,550900.0
2016-03-31,3718267000.0,-2613796000.0,1104471000.0,-857826000.0,-823172000.0,,-34654000.0,246645000.0,,,246645000,,246645000,-88620000.0,158025000,,158025000,158025000,205135000.0,1981651000.0,3074641000.0,5770268000.0,648204000.0,,2032055000.0,2680259000.0,8450527000,3105794000.0,450000000.0,4211926000.0,250000000.0,994889000.0,5206815000,194667000.0,,3899582000.0,3243712000.0,8450527000,158025000.0,34654000.0,-895000.0,-56739000.0,,,,,135045000.0,-11670000.0,,-73625000.0,-85295000.0,-92596000.0,75000000.0,-46431000.0,-64469000.0,-6496000,2016-03-31,99.12000274658205,99.58999633789062,98.51000213623048,99.36000061035156,84.87239837646484,681200.0
2016-06-30,3899638000.0,-2734186000.0,1165452000.0,-865400000.0,-829489000.0,,-35911000.0,300052000.0,,,300052000,,300052000,-108683000.0,191369000,,191369000,191369000,233627000.0,2031094000.0,3062673000.0,5866142000.0,685385000.0,,2082582000.0,2767967000.0,8634109000,3202195000.0,525000000.0,4406170000.0,250000000.0,977710000.0,5383880000,199009000.0,,3920775000.0,3250229000.0,8634109000,191369000.0,35911000.0,3357000.0,164810000.0,,,,,395447000.0,-38041000.0,,-231810000.0,-269851000.0,-98338000.0,75000000.0,-72966000.0,-96949000.0,28492000,2016-06-30,99.6999969482422,101.27999877929688,99.12999725341795,101.25,87.07799530029297,1009300.0
2016-09-30,3941743000.0,-2743142000.0,1198601000.0,-907244000.0,-869562000.0,,-37682000.0,291357000.0,,,291357000,,291357000,-106031000.0,185326000,,185326000,185326000,225177000.0,2032548000.0,3146157000.0,5908482000.0,688851000.0,,2152039000.0,2840890000.0,8749372000,3229987000.0,475000000.0,4401531000.0,300000000.0,1012547000.0,5414078000,203738000.0,,3983984000.0,3335294000.0,8749372000,185326000.0,37682000.0,2425000.0,-14573000.0,,,,,210860000.0,-36939000.0,,-60110000.0,-97049000.0,-97975000.0,0.0,-24413000.0,-122768000.0,-8450000,2016-09-30,100.01000213623048,100.83999633789062,100.0,100.4499969482422,86.95276641845703,655900.0
2016-12-31,3780065000.0,-2648982000.0,1131083000.0,-873713000.0,-869748000.0,,-39240000.0,257370000.0,-21084000.0,-21084000.0,236286000,,236286000,-83766000.0,152520000,,152520000,152520000,242879000.0,1938562000.0,3210320000.0,5948431000.0,728124000.0,,2182845000.0,2910969000.0,8859400000,3185049000.0,325000000.0,4244150000.0,550000000.0,1407894000.0,5652044000,205015000.0,,4001734000.0,3207356000.0,8859400000,152520000.0,39240000.0,20800000.0,-7834000.0,,,,,204726000.0,-45182000.0,,-96622000.0,-141804000.0,-97954000.0,100000000.0,-37607000.0,-38220000.0,17702000,2016-12-30,96.66999816894531,96.94000244140624,94.87999725341795,95.54000091552734,83.26449584960938,610800.0
2017-03-31,3905641000.0,-2749920000.0,1155721000.0,-905167000.0,-877356000.0,,-38132000.0,250554000.0,-6779000.0,-6779000.0,243775000,,243775000,-83615000.0,160160000,,160160000,160160000,177917000.0,2084871000.0,3287042000.0,6194062000.0,737206000.0,,2235558000.0,2972764000.0,9166826000,3396079000.0,475000000.0,4579833000.0,550000000.0,1354649000.0,5934482000,205058000.0,,3964184000.0,3232344000.0,9166826000,160160000.0,38132000.0,1171000.0,-97643000.0,,,,,101820000.0,-24806000.0,,-106236000.0,-131042000.0,-97584000.0,150000000.0,-91984000.0,-41192000.0,-64962000,2017-03-31,92.29000091552734,93.27999877929688,91.93000030517578,92.41000366210938,81.1221694946289,685400.0
2017-06-30,4100178000.0,-2860466000.0,1239712000.0,-935129000.0,-906943000.0,,-39232000.0,304583000.0,-7446000.0,-7446000.0,297137000,,297137000,-107165000.0,189972000,,189972000,189972000,203145000.0,2169970000.0,3330189000.0,6301416000.0,740776000.0,,2369952000.0,3110728000.0,9412144000,3430378000.0,580000000.0,4801167000.0,550000000.0,1309634000.0,6110801000,208440000.0,,4001073000.0,3301343000.0,9412144000,189972000.0,39232000.0,4670000.0,9590000.0,,,,,243464000.0,-29289000.0,,-133980000.0,-163269000.0,-99824000.0,105000000.0,-61524000.0,-57738000.0,25228000,2017-06-30,91.37999725341795,93.23999786376952,91.1999969482422,92.76000213623048,82.03050231933594,827500.0
2017-09-30,4095906000.0,-2869016000.0,1226890000.0,-971497000.0,-931500000.0,,-40276000.0,255393000.0,-9038000.0,-9038000.0,246355000,,246355000,-87913000.0,158442000,,158442000,158442000,210082000.0,2155948000.0,3354178000.0,6316608000.0,760213000.0,,2417413000.0,3177626000.0,9494234000,3400780000.0,595000000.0,4802667000.0,550000000.0,1301439000.0,6104106000,212765000.0,,4042404000.0,3390128000.0,9494234000,158442000.0,40276000.0,4567000.0,-6212000.0,,,,,197073000.0,-43086000.0,,-49137000.0,-92223000.0,-99109000.0,15000000.0,-18376000.0,-102760000.0,6937000,2017-09-29,95.47000122070312,96.0500030517578,95.02999877929688,95.6500015258789,85.26081848144531,738000.0
2017-12-31,4207076000.0,-2923001000.0,1284075000.0,-1043851000.0,-1010434000.0,,-50051000.0,240224000.0,-18223000.0,-18223000.0,222001000,,222001000,-113818000.0,108183000,,108183000,108183000,314899000.0,2421563000.0,3771089000.0,7312893000.0,936702000.0,,4162786000.0,5099488000.0,12412381000,3733859000.0,694989000.0,5474025000.0,2550020000.0,3474200000.0,8948225000,214779000.0,,4049965000.0,3464156000.0,12412381000,108183000.0,50051000.0,51300000.0,63152000.0,,,,,272686000.0,-38304000.0,,-1205442000.0,-1243746000.0,-98958000.0,1176297000.0,-1640000.0,1073749000.0,104817000,2017-12-29,95.4000015258789,95.93000030517578,94.9800033569336,95.01000213623048,85.30472564697266,494900.0
2018-03-31,4586294000.0,-3150487000.0,1435807000.0,-1182379000.0,-1133771000.0,,-58363000.0,253428000.0,-24109000.0,-24109000.0,229319000,,229319000,-52743000.0,176576000,,176576000,176576000,325973000.0,2641151000.0,3772919000.0,7581612000.0,931288000.0,,4246494000.0,5177782000.0,12759394000,3906942000.0,751614000.0,5757472000.0,2564111000.0,3440541000.0,9198013000,214865000.0,,4114472000.0,3561381000.0,12759394000,176576000.0,58363000.0,1169000.0,-97741000.0,,,,,138367000.0,-31633000.0,,-38588000.0,-70221000.0,-99000000.0,47691000.0,0.0,-55485000.0,11074000,2018-03-29,89.16999816894531,90.41999816894531,89.08000183105469,89.83999633789062,81.30147552490234,719900.0
2018-06-30,4822065000.0,-3300479000.0,1521586000.0,-1194839000.0,-1148217000.0,,-58451000.0,326747000.0,-26476000.0,-26476000.0,300271000,,300271000,-73299000.0,226972000,,226972000,226972000,355141000.0,2669649000.0,3484949000.0,7523369000.0,918578000.0,,4124575000.0,5043153000.0,12566522000,3954717000.0,686415000.0,5656894000.0,2490552000.0,3347301000.0,9004195000,218964000.0,,4236359000.0,3562327000.0,12566522000,226972000.0,58451000.0,5267000.0,26018000.0,,,,,316708000.0,-33513000.0,,-43957000.0,-77470000.0,-105649000.0,-94069000.0,0.0,-200393000.0,29168000,2018-06-29,91.91999816894531,92.79000091552734,91.79000091552734,91.79000091552734,83.7064208984375,769000.0
2018-09-30,4722922000.0,-3238687000.0,1484235000.0,-1167416000.0,-1119266000.0,,-61082000.0,316819000.0,-25084000.0,-25084000.0,291735000,,291735000,-71508000.0,220227000,,220227000,220227000,359105000.0,2655888000.0,3536503000.0,7550495000.0,937740000.0,,4168884000.0,5106624000.0,12657119000,4165643000.0,450493000.0,5661189000.0,2463452000.0,3332851000.0,8994040000,224317000.0,,4349014000.0,3663079000.0,12657119000,220227000.0,61082000.0,5902000.0,183240000.0,,,,,470451000.0,-26796000.0,,-71443000.0,-98239000.0,-105661000.0,-257581000.0,-1918000.0,-366169000.0,3964000,2018-09-28,99.25,99.7699966430664,99.04000091552734,99.4000015258789,91.29634857177734,509800.0
2018-12-31,2700324000.0,-1622197000.0,1078127000.0,-878687000.0,-839949000.0,,-49688000.0,199440000.0,-26127000.0,-26127000.0,173313000,,173313000,-47554000.0,125759000,60940000.0,186699000,186699000,333547000.0,2493636000.0,3609389000.0,7575690000.0,1027231000.0,,4080119000.0,5107350000.0,12683040000,4101158000.0,711147000.0,5900733000.0,2432133000.0,3310316000.0,9211049000,224317000.0,,4341212000.0,3471991000.0,12683040000,125759000.0,49688000.0,4408000.0,-48659000.0,,,,,131196000.0,-120173000.0,,-103835000.0,-224008000.0,-105673000.0,243985000.0,-90065000.0,13217000.0,-25558000,2018-12-31,95.9000015258789,96.37000274658205,95.08999633789062,96.0199966430664,88.81128692626953,600900.0
2019-03-31,4736833000.0,-3228665000.0,1508168000.0,-1272773000.0,-1203905000.0,,-61977000.0,235395000.0,-23883000.0,-23883000.0,211512000,,211512000,-51262000.0,160250000,,160250000,160250000,356925000.0,2741916000.0,3684580000.0,7886391000.0,1044788000.0,,5139351000.0,6184139000.0,14070530000,4169566000.0,1032382000.0,6545334000.0,2389244000.0,3952364000.0,10497698000,223488000.0,,4517430000.0,3572832000.0,14070530000,160250000.0,61977000.0,29235000.0,-189732000.0,,,,,61730000.0,-45621000.0,,-138417000.0,-184038000.0,-105369000.0,257887000.0,,145679000.0,23378000,2019-03-29,111.4000015258789,112.16000366210938,111.08999633789062,112.02999877929688,104.3579559326172,924900.0
2019-06-30,4457931000.0,-2975227000.0,1482704000.0,-1177243000.0,-1127296000.0,,-62684000.0,305461000.0,-23262000.0,-23262000.0,282199000,,282199000,-72680000.0,209519000,14911000.0,224430000,224430000,562551000.0,2836875000.0,3750778000.0,8184670000.0,1089763000.0,,5365039000.0,6454802000.0,14639472000,4175927000.0,1011334000.0,6498228000.0,2871106000.0,4453269000.0,10951497000,230027000.0,,4630480000.0,3687975000.0,14639472000,224430000.0,66154000.0,6897000.0,-57836000.0,,,,,239645000.0,-61091000.0,,-218869000.0,-279960000.0,-111355000.0,355374000.0,,243487000.0,205626000,2019-06-28,103.1500015258789,103.9000015258789,102.73999786376952,103.58000183105469,97.219482421875,970500.0
2019-09-30,4525284000.0,-3020051000.0,1505233000.0,-1194903000.0,-1175699000.0,,-65667000.0,310330000.0,-26451000.0,-26451000.0,283879000,,283879000,-71623000.0,212256000,15231000.0,227487000,227487000,451275000.0,2739971000.0,3718307000.0,8058671000.0,1118912000.0,,5335607000.0,6454519000.0,14513190000,4306653000.0,622132000.0,6372813000.0,2795878000.0,4475640000.0,10848453000,235853000.0,,4674918000.0,3664737000.0,14513190000,182779000.0,58837000.0,7972000.0,126895000.0,,,,,376483000.0,-59328000.0,,137933000.0,78605000.0,-111382000.0,-434054000.0,-73052000.0,-618612000.0,-111276000,2019-09-30,99.13999938964844,99.9800033569336,98.69000244140624,99.58999633789062,94.25973510742188,707800.0
2019-12-31,3802186000.0,-2438608000.0,1363578000.0,-1117118000.0,-1070710000.0,,-66935000.0,246460000.0,-21987000.0,-21987000.0,224473000,-142780000.0,81693000,-17243000.0,64450000,-55532000.0,8918000,8918000,276992000.0,2440252000.0,3443876000.0,7938616000.0,1173688000.0,,5533325000.0,6707013000.0,14645629000,4058851000.0,624043000.0,6394120000.0,2802056000.0,4556009000.0,10950129000,244155000.0,,4571860000.0,3695500000.0,14645629000,79016000.0,70295000.0,-97811000.0,103161000.0,,,,,154661000.0,-87446000.0,,-70756000.0,-158202000.0,-110784000.0,-39808000.0,-1135000.0,-156516000.0,-174283000,2019-12-31,105.79000091552734,106.4000015258789,105.70999908447266,106.2300033569336,101.28911590576172,412700.0
2020-03-31,4092526000.0,-2704348000.0,1388178000.0,-1203638000.0,-1142697000.0,,-67254000.0,184540000.0,-20965000.0,-20965000.0,163575000,-2982000.0,160593000,-38247000.0,122346000,14189000.0,136535000,136535000,354469000.0,2705192000.0,3698928000.0,7993050000.0,1180205000.0,,5278100000.0,6458305000.0,14451355000,4181876000.0,908865000.0,6581220000.0,2726391000.0,4447104000.0,11028324000,248127000.0,,4487904000.0,3423031000.0,14451355000,122346000.0,67254000.0,4274000.0,-166014000.0,,,,,27860000.0,-35587000.0,,6609000.0,-28978000.0,-110851000.0,261238000.0,-95719000.0,53456000.0,77477000,2020-03-31,65.45999908447266,68.04000091552734,64.58999633789061,67.33000183105469,64.77172088623047,1885900.0
2020-06-30,3823227000.0,-2532740000.0,1290487000.0,-1037678000.0,-971589000.0,,-66733000.0,252809000.0,-25465000.0,-25465000.0,227344000,-531780000.0,-304436000,-59065000.0,-363501000,-200871000.0,-564372000,-564372000,983759000.0,1823357000.0,3351751000.0,7291328000.0,1133990000.0,,4838644000.0,5972634000.0,13263962000,3858999000.0,489028000.0,5968730000.0,2727929000.0,4424344000.0,10393074000,252083000.0,,3809564000.0,2870888000.0,13263962000,-363501000.0,66733000.0,523819000.0,665809000.0,,,,,892860000.0,-31933000.0,,360735000.0,328802000.0,-114476000.0,-458400000.0,0.0,-580811000.0,629290000,2020-06-30,86.69999694824219,87.44000244140625,85.5999984741211,86.95999908447266,84.40388488769531,852700.0
