Report Date,Revenue,Cost of Revenue,Gross Profit,Operating Expenses,"Selling, General & Administrative",Research & Development,Depreciation & Amortization,Operating Income (Loss),Non-Operating Income (Loss),"Interest Expense, Net","Pretax Income (Loss), Adj.",Abnormal Gains (Losses),Pretax Income (Loss),"Income Tax (Expense) Benefit, Net",Income (Loss) from Continuing Operations,Net Extraordinary Gains (Losses),Net Income,Net Income (Common),"Cash, Cash Equivalents & Short Term Investments",Accounts & Notes Receivable,Inventories,Total Current Assets,"Property, Plant & Equipment, Net",Long Term Investments & Receivables,Other Long Term Assets,Total Noncurrent Assets,Total Assets,Payables & Accruals,Short Term Debt,Total Current Liabilities,Long Term Debt,Total Noncurrent Liabilities,Total Liabilities,Share Capital & Additional Paid-In Capital,Treasury Stock,Retained Earnings,Total Equity,Total Liabilities & Equity,Net Income/Starting Line,Depreciation & Amortization,Non-Cash Items,Change in Working Capital,Change in Accounts Receivable,Change in Inventories,Change in Accounts Payable,Change in Other,Net Cash from Operating Activities,Change in Fixed Assets & Intangibles,Net Change in Long Term Investment,Net Cash from Acquisitions & Divestitures,Net Cash from Investing Activities,Dividends Paid,Cash from (Repayment of) Debt,Cash from (Repurchase of) Equity,Net Cash from Financing Activities,Net Change in Cash,Price Date,Open,High,Low,Close,Adj Close,Volume
2009-06-30,669104000.0,-317490000.0,351614000.0,-152462000.0,-96209000.0,-56253000.0,,199152000.0,689000.0,5190000.0,199841000,,199841000,-37970000.0,161871000,,161871000,161871000,977798000.0,519433000.0,323161000.0,1944804000.0,443026000.0,524935000.0,231601000.0,1199562000.0,3144366000,429538000.0,,429538000.0,,252672000.0,682210000,24264000.0,,2472912000.0,2462156000.0,3144366000,161871000.0,20587000.0,8478000.0,65336000.0,,,,,256272000.0,-12838000.0,-221226000.0,,-234232000.0,,,3903000.0,3942000.0,36580000,2009-06-30,23.989999771118164,24.489999771118164,23.479999542236328,23.81999969482422,15.04136848449707,2956800.0
2009-09-30,781254000.0,-371512000.0,409742000.0,-172859000.0,-117352000.0,-55507000.0,,236883000.0,19796000.0,6360000.0,256679000,,256679000,-41546000.0,215133000,,215133000,215133000,1029406000.0,573847000.0,373290000.0,2078936000.0,444172000.0,770444000.0,222999000.0,1437615000.0,3516551000,663424000.0,,712045000.0,,249108000.0,961153000,36430000.0,,2537598000.0,2555398000.0,3516551000,215133000.0,23641000.0,763000.0,53330000.0,,,,,292867000.0,-16063000.0,-242154000.0,,-258195000.0,0.0,,1319000.0,1709000.0,52854000,2009-09-30,37.72999954223633,38.20000076293945,36.54999923706055,37.7400016784668,23.831287384033203,2630200.0
2009-12-31,1059383000.0,-572623000.0,486760000.0,-194744000.0,-123160000.0,-71584000.0,,292016000.0,191000.0,6872000.0,292207000,,292207000,-13799000.0,278408000,,278408000,278408000,1111164000.0,874110000.0,309938000.0,2396079000.0,441338000.0,746464000.0,244201000.0,1432003000.0,3828082000,655758000.0,,685876000.0,,305759000.0,991635000,33222000.0,,2816607000.0,2836447000.0,3828082000,278408000.0,30596000.0,59149000.0,-122252000.0,,,,,245901000.0,-13858000.0,24408000.0,,10547000.0,-149846000.0,,-16255000.0,-165190000.0,79818000,2009-12-31,31.6200008392334,31.75,30.57999992370605,30.70000076293945,19.853620529174805,1396300.0
2010-03-31,431067000.0,-200158000.0,230909000.0,-147561000.0,-85078000.0,-62483000.0,,83348000.0,-37825000.0,6879000.0,45523000,,45523000,-8194000.0,37329000,,37329000,37329000,1310978000.0,418520000.0,356073000.0,2209359000.0,432606000.0,681049000.0,228514000.0,1342169000.0,3551528000,643721000.0,,679556000.0,,317037000.0,996593000,994000.0,,2552920000.0,2554935000.0,3551528000,37329000.0,21877000.0,56996000.0,83929000.0,,,,,200131000.0,-8964000.0,71770000.0,,63912000.0,,,-44481000.0,-43073000.0,199762000,2010-03-31,37.77999877929688,38.63000106811523,37.20000076293945,38.63000106811523,24.98193168640137,2309000.0
2010-06-30,728765000.0,-337113000.0,391652000.0,-189609000.0,-116272000.0,-73337000.0,,202043000.0,-37634000.0,5791000.0,164409000,,164409000,-29593000.0,134816000,,134816000,134816000,1191791000.0,499324000.0,358576000.0,2159517000.0,426805000.0,636184000.0,208853000.0,1271842000.0,3431359000,389816000.0,,436436000.0,,343309000.0,779745000,987000.0,,2648589000.0,2651614000.0,3431359000,134815000.0,29678000.0,19234000.0,-1991000.0,,,,,181736000.0,-12485000.0,53518000.0,,41038000.0,-299103000.0,,-34395000.0,-333008000.0,-118174000,2010-06-30,29.420000076293945,30.190000534057614,29.10000038146973,29.18000030517578,19.65506362915039,1974600.0
2010-09-30,692364000.0,-348344000.0,344020000.0,-177383000.0,-107871000.0,-69512000.0,,166637000.0,44279000.0,5695000.0,210916000,,210916000,68636000.0,279552000,,279552000,279552000,1257885000.0,524924000.0,494354000.0,2371398000.0,427856000.0,639118000.0,219646000.0,1286620000.0,3658018000,507796000.0,,569527000.0,,238242000.0,807769000,1804441000.0,-123563000.0,1136374000.0,2850249000.0,3658018000,279552000.0,20671000.0,4435000.0,-100310000.0,,,,,204348000.0,-9425000.0,-4100000.0,,-13545000.0,0.0,,-138133000.0,-137654000.0,62796000,2010-09-30,30.82999992370605,31.0,30.149999618530273,30.35000038146973,20.443151473999023,1437800.0
2010-12-31,837715000.0,-457922000.0,379793000.0,-195145000.0,-123216000.0,-71929000.0,,184648000.0,-28224000.0,5368000.0,156424000,,156424000,-23518000.0,132906000,,132906000,132906000,1285354000.0,747249000.0,387577000.0,2498755000.0,427805000.0,777401000.0,284727000.0,1489933000.0,3988688000,574526000.0,,669037000.0,,270089000.0,939126000,1835703000.0,-106758000.0,1264613000.0,3049562000.0,3988688000,132907000.0,22425000.0,25319000.0,3771000.0,,,,,184422000.0,-5102000.0,-146731000.0,-12120000.0,-164274000.0,250000.0,,546000.0,2914000.0,24971000,2010-12-31,30.8700008392334,31.21999931335449,30.82999992370605,30.989999771118164,20.874242782592773,854900.0
2011-03-31,507834000.0,-269460000.0,238374000.0,-163621000.0,-93143000.0,-70478000.0,,74753000.0,22173000.0,7214000.0,96926000,,96926000,-1444000.0,95482000,,95482000,95482000,1252338000.0,434935000.0,411021000.0,2192837000.0,427110000.0,1027381000.0,290181000.0,1744672000.0,3937509000,360667000.0,,469913000.0,,274367000.0,744280000,1842870000.0,-118018000.0,1377007000.0,3193229000.0,3937509000,95482000.0,22422000.0,3855000.0,85840000.0,,,,,207599000.0,-9804000.0,-264649000.0,,-274565000.0,,,3041000.0,3828000.0,-50321000,2011-03-31,34.029998779296875,34.25,33.84999847412109,33.860000610351555,22.80741310119629,1048300.0
2011-06-30,674099000.0,-351999000.0,322100000.0,-190509000.0,-119994000.0,-70515000.0,,131591000.0,-4519000.0,7639000.0,127072000,,127072000,-17595000.0,109477000,,109477000,109477000,1481497000.0,493057000.0,385678000.0,2462527000.0,423697000.0,1016869000.0,295362000.0,1735928000.0,4198455000,777311000.0,,916087000.0,,319674000.0,1235761000,1851142000.0,-116099000.0,1097970000.0,2962694000.0,4198455000,109477000.0,15832000.0,29669000.0,48376000.0,,,,,203354000.0,-7098000.0,7318000.0,,216000.0,,,960000.0,1370000.0,208256000,2011-06-30,32.279998779296875,33.330001831054695,32.25,33.029998779296875,22.79198455810547,1658200.0
2011-09-30,666993000.0,-322662000.0,344331000.0,-196997000.0,-124061000.0,-72936000.0,,147334000.0,27702000.0,8464000.0,175036000,,175036000,-24655000.0,150381000,,150381000,150381000,1462190000.0,519226000.0,461304000.0,2553914000.0,423041000.0,983563000.0,374367000.0,1780971000.0,4334885000,769899000.0,,914072000.0,,352621000.0,1266693000,1858744000.0,-113681000.0,1248443000.0,3068192000.0,4334885000,150381000.0,22076000.0,1574000.0,12492000.0,,,,,186523000.0,-18232000.0,21106000.0,-52688000.0,-49820000.0,-154835000.0,,1243000.0,-153247000.0,-29465000,2011-09-30,31.38999938964844,32.279998779296875,31.209999084472656,31.770000457763672,22.188499450683594,1239600.0
2011-12-31,909643000.0,-475856000.0,433787000.0,-233698000.0,-149043000.0,-84655000.0,,200089000.0,-14962000.0,9495000.0,185127000,,185127000,-19571000.0,165556000,,165556000,165556000,1398313000.0,607450000.0,397741000.0,2574837000.0,417105000.0,1097002000.0,382394000.0,1896501000.0,4471338000,663510000.0,,858279000.0,,356478000.0,1214757000,1859304000.0,-103498000.0,1413582000.0,3256581000.0,4471338000,165556000.0,34205000.0,-7547000.0,32644000.0,,,,,224858000.0,-6038000.0,-157117000.0,-1502000.0,-164029000.0,-155928000.0,,-5207000.0,-159364000.0,-102246000,2011-12-30,40.18000030517578,40.400001525878906,39.810001373291016,39.810001373291016,28.09982109069824,1101300.0
2012-03-31,556597000.0,-272838000.0,283759000.0,-193426000.0,-113707000.0,-79719000.0,,90333000.0,9223000.0,9671000.0,99556000,,99556000,-12698000.0,86858000,,86858000,86858000,1375147000.0,430145000.0,407476000.0,2349266000.0,412592000.0,1161109000.0,401826000.0,1975527000.0,4324793000,388565000.0,,594542000.0,,350846000.0,945388000,1868123000.0,-98778000.0,1500390000.0,3379405000.0,4324793000,86858000.0,25399000.0,19469000.0,-9498000.0,,,,,122228000.0,-8685000.0,-43288000.0,-2816000.0,-54846000.0,-77915000.0,,2572000.0,-74483000.0,-1369000,2012-03-30,47.459999084472656,47.63000106811523,46.93000030517578,46.97999954223633,33.44260787963867,1016900.0
2012-06-30,718154000.0,-296341000.0,421813000.0,-217807000.0,-137504000.0,-80303000.0,,204006000.0,3430000.0,8620000.0,207436000,,207436000,-21532000.0,185904000,,185904000,185904000,1364896000.0,486395000.0,384207000.0,2381214000.0,407850000.0,1280354000.0,393344000.0,2081548000.0,4462762000,682487000.0,,901952000.0,,350123000.0,1252075000,1875825000.0,-96780000.0,1336460000.0,3210687000.0,4462762000,185903000.0,25661000.0,15942000.0,-4601000.0,,,,,222905000.0,-13409000.0,-131995000.0,-2000.0,-145403000.0,-87723000.0,,1101000.0,-86178000.0,-18072000,2012-06-29,37.400001525878906,38.38999938964844,37.349998474121094,38.290000915527344,27.570659637451172,1664400.0
2012-09-30,672376000.0,-313321000.0,359055000.0,-198993000.0,-116504000.0,-82489000.0,,160062000.0,2565000.0,7987000.0,162627000,,162627000,-22279000.0,140348000,,140348000,140348000,1369521000.0,508725000.0,443416000.0,2473048000.0,407853000.0,1349176000.0,400665000.0,2157694000.0,4630742000,644457000.0,,883554000.0,,359441000.0,1242995000,1883948000.0,-95322000.0,1477504000.0,3387747000.0,4630742000,140348000.0,10157000.0,13460000.0,936000.0,,,,,164901000.0,-9936000.0,-93217000.0,-1192000.0,-104350000.0,-87748000.0,,756000.0,-86486000.0,-20646000,2012-09-28,41.900001525878906,42.2400016784668,41.4900016784668,41.7400016784668,30.394309997558594,973400.0
2012-12-31,768548000.0,-394695000.0,373853000.0,-224094000.0,-140832000.0,-83262000.0,,149759000.0,5150000.0,8830000.0,154909000,,154909000,-25616000.0,129293000,,129293000,129293000,1384263000.0,603673000.0,389931000.0,2536120000.0,409751000.0,1488312000.0,384941000.0,2283004000.0,4819124000,656319000.0,,909026000.0,,378302000.0,1287328000,1869897000.0,-81280000.0,1604625000.0,3531796000.0,4819124000,129294000.0,29250000.0,-1032000.0,17199000.0,,,,,174711000.0,-12441000.0,-175495000.0,-3687000.0,-191629000.0,0.0,,-376000.0,-2702000.0,-15893000,2012-12-31,40.0,40.81999969482422,39.900001525878906,40.75,29.991722106933594,592500.0
2013-03-31,531957000.0,-255824000.0,276133000.0,-196207000.0,-108518000.0,-87689000.0,,79926000.0,1708000.0,8898000.0,81634000,,81634000,7032000.0,88666000,,88666000,88666000,1238918000.0,450594000.0,396010000.0,2313955000.0,407591000.0,1479764000.0,369110000.0,2256465000.0,4570420000,354670000.0,,605101000.0,,346994000.0,952095000,1875158000.0,-79479000.0,1693291000.0,3618325000.0,4570420000,88666000.0,20890000.0,12159000.0,-62352000.0,,,,,59363000.0,-11951000.0,12321000.0,,-17955000.0,-175956000.0,,1412000.0,-174286000.0,-137740000,2013-03-28,32.97999954223633,33.22999954223633,32.799999237060554,33.049999237060554,24.63510322570801,1509200.0
2013-06-30,696563000.0,-312923000.0,383640000.0,-213754000.0,-117522000.0,-96232000.0,,169886000.0,36699000.0,8179000.0,206585000,,206585000,-34094000.0,172491000,,172491000,172491000,1226072000.0,484246000.0,383492000.0,2346259000.0,410533000.0,1475761000.0,366628000.0,2252922000.0,4599181000,638501000.0,,889735000.0,,343089000.0,1232824000,1880948000.0,-93587000.0,1514153000.0,3366357000.0,4599181000,172491000.0,19028000.0,-1110000.0,13889000.0,,,,,204298000.0,-18382000.0,-30750000.0,-25000.0,-112265000.0,-87901000.0,,-13947000.0,-101806000.0,-9950000,2013-06-28,36.0099983215332,36.79999923706055,36.0,36.16999816894531,27.315876007080078,2137400.0
2013-09-30,643637000.0,-290748000.0,352889000.0,-201140000.0,-112713000.0,-88427000.0,,151749000.0,9051000.0,8435000.0,160800000,,160800000,26869000.0,187669000,,187669000,187669000,1202953000.0,475707000.0,416725000.0,2444638000.0,413675000.0,1594144000.0,370769000.0,2378588000.0,4823226000,718140000.0,,974033000.0,,291689000.0,1265722000,1884812000.0,-100912000.0,1701823000.0,3557504000.0,4823226000,187670000.0,20551000.0,4203000.0,4186000.0,,,,,216610000.0,-12501000.0,-119333000.0,-5661000.0,-229186000.0,0.0,,-8201000.0,-8090000.0,-14790000,2013-09-30,44.77000045776367,45.209999084472656,44.52000045776367,45.18999862670898,34.486846923828125,1407000.0
2013-12-31,759694000.0,-365056000.0,394638000.0,-222167000.0,-129592000.0,-92575000.0,,172471000.0,32068000.0,9759000.0,204539000,,204539000,-40953000.0,163586000,,163586000,163586000,1329011000.0,701965000.0,382226000.0,2595636000.0,414848000.0,1502106000.0,367013000.0,2283967000.0,4879603000,647407000.0,,905304000.0,,314593000.0,1219897000,1876698000.0,-120620000.0,1865587000.0,3659706000.0,4879603000,163585000.0,18335000.0,-9006000.0,-23101000.0,,,,,149813000.0,-13486000.0,62102000.0,6000.0,84964000.0,-87850000.0,,-38979000.0,-122656000.0,110449000,2013-12-31,46.61000061035156,46.849998474121094,46.1500015258789,46.18999862670898,35.58218765258789,693200.0
2014-03-31,583221000.0,-252387000.0,330834000.0,-210465000.0,-114301000.0,-96164000.0,,120369000.0,22098000.0,9768000.0,142467000,,142467000,-23649000.0,118818000,,118818000,118818000,1300351000.0,470319000.0,442025000.0,2387495000.0,417164000.0,1571166000.0,363089000.0,2351419000.0,4738914000,456849000.0,,697108000.0,,289436000.0,986544000,1878272000.0,-145609000.0,1984405000.0,3752370000.0,4738914000,118818000.0,18412000.0,1055000.0,-67112000.0,,,,,71173000.0,-16039000.0,-74909000.0,0.0,3562000.0,-87853000.0,,-31937000.0,-117591000.0,-42458000,2014-03-31,55.93999862670898,56.5,55.25,55.2599983215332,42.92647552490234,1435500.0
2014-06-30,777848000.0,-333363000.0,444485000.0,-225731000.0,-127327000.0,-98404000.0,,218754000.0,-10034000.0,9670000.0,208720000,,208720000,-26737000.0,181983000,,181983000,181983000,1395787000.0,496979000.0,429673000.0,2496569000.0,428482000.0,1456103000.0,360648000.0,2245233000.0,4741802000,747793000.0,,969250000.0,,291936000.0,1261186000,1884792000.0,-274030000.0,1796561000.0,3480616000.0,4741802000,181982000.0,19046000.0,41285000.0,-78134000.0,,,,,164179000.0,-21609000.0,130844000.0,0.0,152103000.0,-87721000.0,,-130273000.0,-216759000.0,98195000,2014-06-30,60.36000061035156,61.06000137329102,60.22000122070313,60.9000015258789,47.68854904174805,941700.0
2014-09-30,706283000.0,-308037000.0,398246000.0,-222742000.0,-123744000.0,-98998000.0,,175504000.0,-2842000.0,9344000.0,172662000,,172662000,-319496000.0,-146834000,,-146834000,-146834000,1305924000.0,478722000.0,466482000.0,2421485000.0,431753000.0,1453047000.0,363079000.0,2247879000.0,4669364000,906039000.0,,1123483000.0,,309468000.0,1432951000,1889579000.0,-350063000.0,1649727000.0,3236413000.0,4669364000,-146834000.0,18107000.0,76265000.0,194804000.0,,,,,142342000.0,-25855000.0,5538000.0,-18871000.0,-39231000.0,-92449000.0,,-77763000.0,-169224000.0,-80328000,2014-09-30,51.81999969482422,52.38000106811523,51.61999893188477,51.9900016784668,41.07815933227539,1054400.0
2014-12-31,803306000.0,-372459000.0,430847000.0,-254848000.0,-153293000.0,-101555000.0,,175999000.0,23897000.0,6802000.0,199896000,,199896000,10348000.0,210244000,,210244000,210244000,1364257000.0,570191000.0,420475000.0,2510976000.0,430887000.0,1407344000.0,344096000.0,2182327000.0,4693303000,811990000.0,,1033261000.0,,256675000.0,1289936000,1870956000.0,-330132000.0,1859972000.0,3403367000.0,4693303000,210245000.0,21450000.0,21247000.0,-107925000.0,,,,,145017000.0,-13808000.0,28721000.0,0.0,14898000.0,-92052000.0,,510000.0,-96048000.0,41710000,2014-12-31,53.41999816894531,53.84000015258789,52.77000045776367,52.83000183105469,42.10976791381836,638500.0
2015-03-31,585394000.0,-241272000.0,344122000.0,-232424000.0,-126422000.0,-106002000.0,,111698000.0,-35502000.0,8024000.0,76196000,,76196000,-9403000.0,66793000,,66793000,66793000,1441600000.0,425650000.0,470444000.0,2500307000.0,436104000.0,1259102000.0,347766000.0,2042972000.0,4543279000,624992000.0,,824261000.0,,241388000.0,1065649000,1878033000.0,-345143000.0,1928165000.0,3477630000.0,4543279000,66793000.0,18864000.0,54947000.0,-58949000.0,,,,,81655000.0,-18196000.0,54010000.0,-12632000.0,23177000.0,-91964000.0,,-16103000.0,-107668000.0,-24880000,2015-03-31,47.88000106811523,48.290000915527344,47.459999084472656,47.52000045776367,38.247989654541016,1724500.0
2015-06-30,773830000.0,-354580000.0,419250000.0,-252586000.0,-143346000.0,-109240000.0,,166664000.0,6894000.0,7420000.0,173558000,,173558000,-35805000.0,137753000,,137753000,137753000,1137190000.0,502034000.0,458451000.0,2283296000.0,445672000.0,1309405000.0,385036000.0,2140113000.0,4423409000,783468000.0,,961681000.0,,253223000.0,1214904000,1882668000.0,-374839000.0,1676601000.0,3208505000.0,4423409000,137752000.0,19266000.0,14642000.0,-269019000.0,,,,,-97359000.0,-22810000.0,6685000.0,0.0,-16091000.0,-91961000.0,,-32872000.0,-123993000.0,-233205000,2015-06-30,44.38999938964844,44.38999938964844,43.65999984741211,43.93000030517578,35.7546272277832,1333500.0
2015-09-30,679690000.0,-317500000.0,362190000.0,-236733000.0,-130944000.0,-105789000.0,,125457000.0,39434000.0,6851000.0,164891000,,164891000,-45592000.0,119299000,,119299000,119299000,1126741000.0,431942000.0,503183000.0,2231953000.0,439094000.0,1290147000.0,427278000.0,2156519000.0,4388472000,712132000.0,,894656000.0,,259131000.0,1153787000,1887314000.0,-425380000.0,1795900000.0,3234685000.0,4388472000,119299000.0,20253000.0,-5846000.0,4129000.0,,,,,137835000.0,-14438000.0,10141000.0,0.0,-4278000.0,-97322000.0,,-50769000.0,-148073000.0,-23276000,2015-09-30,35.47999954223633,35.959999084472656,35.310001373291016,35.880001068115234,29.618167877197266,1313700.0
2015-12-31,781356000.0,-368214000.0,413142000.0,-267380000.0,-161368000.0,-106012000.0,,145762000.0,6780000.0,7358000.0,152542000,,152542000,-20160000.0,132382000,,132382000,132382000,1048231000.0,531481000.0,500554000.0,2211087000.0,446089000.0,1343387000.0,498828000.0,2288304000.0,4499391000,701016000.0,,865998000.0,,288267000.0,1154265000,1859674000.0,-414637000.0,1930517000.0,3345126000.0,4499391000,132383000.0,19977000.0,26858000.0,-20882000.0,,,,,158336000.0,-21116000.0,-67616000.0,-26055000.0,-114787000.0,-96870000.0,,-20182000.0,-120358000.0,-81837000,2015-12-31,37.0,37.43999862670898,36.88000106811523,37.16999816894531,31.110469818115234,1155500.0
2016-03-31,624040000.0,-284190000.0,339850000.0,-236047000.0,-127843000.0,-108204000.0,,103803000.0,3744000.0,7428000.0,107547000,,107547000,-19455000.0,88092000,,88092000,88092000,1055826000.0,408283000.0,517767000.0,2129133000.0,448967000.0,1279799000.0,552425000.0,2281191000.0,4410324000,525755000.0,,680720000.0,,292357000.0,973077000,1867848000.0,-434346000.0,2018609000.0,3437247000.0,4410324000,88092000.0,20193000.0,14563000.0,6539000.0,,,,,129387000.0,-15624000.0,86394000.0,-62137000.0,8631000.0,-96566000.0,,-19709000.0,-116273000.0,24609000,2016-03-31,39.97000122070313,40.290000915527344,39.68000030517578,39.959999084472656,33.880661010742195,1221900.0
2016-06-30,811609000.0,-348651000.0,462958000.0,-262284000.0,-147929000.0,-114355000.0,,200674000.0,3127000.0,8455000.0,203801000,,203801000,-42737000.0,161064000,,161064000,161064000,1053717000.0,510309000.0,508161000.0,2212587000.0,450654000.0,1306159000.0,558183000.0,2314996000.0,4527583000,859842000.0,,1010429000.0,,298319000.0,1308748000,1870714000.0,-445268000.0,1794792000.0,3218835000.0,4527583000,161063000.0,21316000.0,19384000.0,-51778000.0,,,,,149985000.0,-15821000.0,-77301000.0,0.0,-93118000.0,-96545000.0,,-16591000.0,-113136000.0,-56215000,2016-06-30,41.83000183105469,42.43000030517578,41.11000061035156,42.41999816894531,36.40617370605469,909500.0
2016-09-30,722250000.0,-316270000.0,405980000.0,-246364000.0,-129915000.0,-116449000.0,,159616000.0,-9851000.0,8226000.0,149765000,,149765000,-24711000.0,125054000,,125054000,125054000,1114119000.0,461355000.0,534683000.0,2247459000.0,454246000.0,1327347000.0,562854000.0,2344447000.0,4591906000,773611000.0,,919995000.0,,309682000.0,1229677000,1880780000.0,-464163000.0,1919846000.0,3362229000.0,4591906000,125054000.0,21033000.0,30568000.0,36339000.0,,,,,212994000.0,-15403000.0,23964000.0,0.0,8553000.0,-96220000.0,,-18895000.0,-114752000.0,111095000,2016-09-30,48.47000122070313,48.86999893188477,48.02999877929688,48.11000061035156,41.73423385620117,1059300.0
2016-12-31,887898000.0,-408161000.0,479737000.0,-310966000.0,-182014000.0,-128952000.0,,168771000.0,8741000.0,9297000.0,177512000,,177512000,-33998000.0,143514000,,143514000,143514000,1113835000.0,527062000.0,484821000.0,2263016000.0,482878000.0,1213285000.0,565954000.0,2262117000.0,4525133000,636171000.0,,782735000.0,,324395000.0,1107130000,1854026000.0,-455964000.0,2056702000.0,3418003000.0,4525133000,143515000.0,23798000.0,22874000.0,23129000.0,,,,,213316000.0,-49151000.0,19204000.0,-15808000.0,-45749000.0,-192121000.0,,-26721000.0,-217515000.0,-65822000,2016-12-30,49.13000106811523,49.31999969482422,48.4000015258789,48.4900016784668,42.49717330932617,750700.0
2017-03-31,641510000.0,-268704000.0,372806000.0,-255778000.0,-133576000.0,-122202000.0,,117028000.0,-28653000.0,8444000.0,88375000,,88375000,150029000.0,238404000,,238404000,238404000,1091977000.0,391345000.0,533151000.0,2156910000.0,503840000.0,1211141000.0,728790000.0,2443771000.0,4600681000,431007000.0,,571459000.0,,327160000.0,898619000,1849803000.0,-474859000.0,2294654000.0,3702062000.0,4600681000,238404000.0,21728000.0,-113457000.0,-26280000.0,,,,,120395000.0,-26753000.0,13477000.0,0.0,-13276000.0,-96028000.0,,-31325000.0,-127353000.0,-13302000,2017-03-31,50.959999084472656,51.40999984741211,50.81999969482422,51.11000061035156,45.23269271850586,735200.0
2017-06-30,831486000.0,-347356000.0,484130000.0,-274508000.0,-147260000.0,-127248000.0,,209622000.0,24705000.0,9281000.0,234327000,,234327000,-57348000.0,176979000,,176979000,176979000,1108464000.0,514942000.0,525167000.0,2304934000.0,517290000.0,1200432000.0,726116000.0,2443838000.0,4748772000,782906000.0,,928509000.0,,335816000.0,1264325000,1857566000.0,-496342000.0,2083076000.0,3484447000.0,4748772000,176978000.0,21103000.0,12734000.0,-67383000.0,,,,,143432000.0,-19274000.0,21362000.0,-7500000.0,-5412000.0,-95663000.0,,-25898000.0,-121561000.0,25983000,2017-06-30,50.81000137329102,51.25,50.66999816894531,51.02999877929688,45.61165237426758,852600.0
2017-09-30,751244000.0,-313721000.0,437523000.0,-263875000.0,-134243000.0,-129632000.0,,173648000.0,16266000.0,9207000.0,189914000,,189914000,-38840000.0,151074000,,151074000,151074000,1144978000.0,457391000.0,575335000.0,2332474000.0,554441000.0,1210323000.0,738153000.0,2502917000.0,4835391000,707475000.0,,846045000.0,,349661000.0,1195706000,1869508000.0,-506799000.0,2230489000.0,3639685000.0,4835391000,151074000.0,20868000.0,25101000.0,1707000.0,,,,,198750000.0,-47989000.0,-17509000.0,-4900000.0,-70398000.0,-95627000.0,,-10571000.0,-106198000.0,31719000,2017-09-29,53.95000076293945,54.1500015258789,53.45000076293945,53.97000122070313,48.717201232910156,780400.0
2017-12-31,897320000.0,-393838000.0,503482000.0,-320143000.0,-187591000.0,-132552000.0,,183339000.0,1116000.0,9993000.0,184455000,,184455000,-41905000.0,142550000,,142550000,142550000,1053175000.0,590882000.0,517644000.0,2346138000.0,595684000.0,1260033000.0,746434000.0,2602151000.0,4948289000,688975000.0,,792115000.0,,303755000.0,1095870000,1846365000.0,-468818000.0,2418444000.0,3852419000.0,4948289000,142551000.0,22553000.0,84891000.0,-51730000.0,,,,,198265000.0,-57551000.0,30325000.0,-78071000.0,-105297000.0,-95658000.0,,2358000.0,-93300000.0,363000,2017-12-29,59.77000045776367,59.97999954223633,59.38999938964844,59.56999969482422,54.2267951965332,497100.0
2018-03-31,710872000.0,-284337000.0,426535000.0,-284333000.0,-142376000.0,-141957000.0,,142202000.0,11778000.0,10227000.0,153980000,,153980000,-24606000.0,129374000,,129374000,129374000,1066726000.0,409704000.0,547412000.0,2191283000.0,604813000.0,1309185000.0,749941000.0,2663939000.0,4855222000,459183000.0,,557843000.0,,300186000.0,858029000,1836511000.0,-450160000.0,2546400000.0,3997193000.0,4855222000,129374000.0,23146000.0,17536000.0,44134000.0,,,,,214190000.0,-27837000.0,-75370000.0,-9417000.0,-112624000.0,-96146000.0,,-4636000.0,-100782000.0,7501000,2018-03-29,58.61000061035156,59.27000045776367,58.20000076293945,58.93000030517578,54.09537124633789,736200.0
2018-06-30,894452000.0,-371182000.0,523270000.0,-305762000.0,-164049000.0,-141713000.0,,217508000.0,18560000.0,10995000.0,236068000,,236068000,-45726000.0,190342000,,190342000,190342000,1119974000.0,533076000.0,501490000.0,2323582000.0,637245000.0,1302447000.0,725446000.0,2665138000.0,4988720000,830621000.0,,929147000.0,,300692000.0,1229839000,1846494000.0,-433959000.0,2336614000.0,3758881000.0,4988720000,190341000.0,25074000.0,35142000.0,-26684000.0,,,,,223873000.0,-66405000.0,-6865000.0,0.0,-73270000.0,-99940000.0,,11878000.0,-88062000.0,47607000,2018-06-29,61.0,61.41999816894531,60.45000076293945,61.0,56.47880935668945,1058300.0
2018-09-30,810011000.0,-329264000.0,480747000.0,-284788000.0,-145809000.0,-138979000.0,,195959000.0,5368000.0,11089000.0,201327000,,201327000,-17113000.0,184214000,,184214000,184214000,1230094000.0,467784000.0,556640000.0,2400619000.0,650805000.0,1301111000.0,743432000.0,2695348000.0,5095967000,756422000.0,,854026000.0,,289233000.0,1143259000,1860530000.0,-433274000.0,2520828000.0,3952708000.0,5095967000,184215000.0,23256000.0,32725000.0,23523000.0,,,,,263719000.0,-30290000.0,-2878000.0,-19753000.0,-52921000.0,-100063000.0,,373000.0,-99690000.0,109675000,2018-09-28,69.30999755859375,70.12000274658203,69.19999694824219,70.05000305175781,65.36415863037111,1130800.0
2018-12-31,932109000.0,-382942000.0,549167000.0,-326493000.0,-181337000.0,-145156000.0,,222674000.0,9198000.0,14836000.0,231872000,,231872000,-41722000.0,190150000,,190150000,190150000,1384721000.0,569833000.0,561840000.0,2665368000.0,663527000.0,1330123000.0,723840000.0,2717490000.0,5382858000,824941000.0,,921313000.0,,298571000.0,1219884000,1841617000.0,-397692000.0,2710619000.0,4162974000.0,5382858000,190150000.0,24718000.0,24104000.0,-21234000.0,,,,,217738000.0,-34223000.0,-34465000.0,0.0,-68688000.0,1000.0,,2372000.0,2373000.0,145263000,2018-12-31,63.040000915527344,63.6500015258789,62.66999816894531,63.31999969482422,59.5606918334961,688100.0
2019-03-31,766050000.0,-314352000.0,451698000.0,-300315000.0,-154396000.0,-145919000.0,,151383000.0,14882000.0,13704000.0,166265000,,166265000,-26092000.0,140173000,,140173000,140173000,1313336000.0,453069000.0,598387000.0,2512137000.0,672299000.0,1337771000.0,757938000.0,2768008000.0,5280145000,528873000.0,,622526000.0,,342333000.0,964859000,1828175000.0,-381815000.0,2850588000.0,4315286000.0,5280145000,140173000.0,24011000.0,35632000.0,-35234000.0,,,,,164582000.0,-30460000.0,-2161000.0,0.0,-32621000.0,-200687000.0,,-12694000.0,-213381000.0,-85706000,2019-03-29,85.87999725341797,86.44999694824219,85.29000091552734,86.3499984741211,81.73949432373047,1320700.0
2019-06-30,954840000.0,-379475000.0,575365000.0,-319144000.0,-170261000.0,-148883000.0,,256221000.0,19557000.0,13735000.0,275778000,,275778000,-52122000.0,223656000,,223656000,223656000,1059946000.0,583913000.0,648140000.0,2460578000.0,702108000.0,1319026000.0,1043071000.0,3064205000.0,5524783000,932721000.0,,1027701000.0,,346116000.0,1373817000,1843114000.0,-368200000.0,2641371000.0,4150966000.0,5524783000,223656000.0,26723000.0,14131000.0,-153874000.0,,,,,110636000.0,-30617000.0,-7147000.0,-276014000.0,-313778000.0,-108218000.0,,12722000.0,-95496000.0,-295845000,2019-06-28,80.08000183105469,80.12000274658203,79.47000122070312,79.80000305175781,76.07799530029297,2479100.0
2019-09-30,934383000.0,-366925000.0,567458000.0,-305998000.0,-157437000.0,-148561000.0,,261460000.0,-3693000.0,12309000.0,257767000,,257767000,-29901000.0,227866000,,227866000,227866000,1276944000.0,558299000.0,749825000.0,2757843000.0,710591000.0,1252219000.0,1034452000.0,2997262000.0,5755105000,947383000.0,,1042955000.0,,331256000.0,1374211000,1859675000.0,-368187000.0,2868816000.0,4380894000.0,5755105000,227866000.0,26881000.0,45481000.0,-111276000.0,,,,,188952000.0,-31884000.0,9771000.0,704000.0,-21409000.0,0.0,,-18000.0,-18000.0,157184000,2019-09-30,84.7699966430664,85.08999633789062,84.33000183105469,84.69000244140625,81.28164672851562,723000.0
2019-12-31,1102232000.0,-462777000.0,639455000.0,-362933000.0,-200930000.0,-162003000.0,,276522000.0,10890000.0,13069000.0,287412000,,287412000,73379000.0,360791000,,360791000,360791000,1404030000.0,706763000.0,752908000.0,3057850000.0,728921000.0,1205475000.0,1174553000.0,3108949000.0,6166799000,941371000.0,,1035933000.0,,337370000.0,1373303000,1853601000.0,-345040000.0,3229061000.0,4793496000.0,6166799000,360791000.0,28560000.0,-102571000.0,-52401000.0,,,,,234379000.0,-26918000.0,-31041000.0,-24979000.0,-82938000.0,-108359000.0,,1226000.0,-107133000.0,50200000,2019-12-31,97.69000244140624,97.97000122070312,97.45999908447266,97.55999755859376,94.18272399902344,794500.0
2020-03-31,856108000.0,-349168000.0,506940000.0,-329458000.0,-164066000.0,-165392000.0,,177482000.0,153000.0,12026000.0,177635000,,177635000,-16455000.0,161180000,,161180000,161180000,1440250000.0,500242000.0,790180000.0,2928886000.0,754549000.0,1199613000.0,1170945000.0,3125107000.0,6053993000,692055000.0,,781872000.0,,337721000.0,1119593000,1848031000.0,-335491000.0,3390053000.0,4934400000.0,6053993000,161180000.0,28204000.0,40675000.0,-4185000.0,,,,,225874000.0,-40407000.0,-32407000.0,-6058000.0,-78872000.0,-108571000.0,,-11580000.0,-120151000.0,21249000,2020-03-31,76.04000091552734,76.9800033569336,74.56999969482422,74.95999908447266,72.93551635742188,1023300.0
2020-06-30,869867000.0,-354437000.0,515430000.0,-327041000.0,-161301000.0,-165740000.0,,188389000.0,9203000.0,10455000.0,197592000,,197592000,-13412000.0,184180000,,184180000,184180000,1735804000.0,523901000.0,813243000.0,3258439000.0,791175000.0,993021000.0,1177407000.0,2961603000.0,6220042000,1076200000.0,,1163927000.0,,315254000.0,1479181000,1869674000.0,-326310000.0,3107768000.0,4740861000.0,6220042000,184180000.0,29328000.0,5621000.0,-19892000.0,,,,,199237000.0,-57321000.0,252966000.0,-1835000.0,193810000.0,-108879000.0,,14899000.0,-93980000.0,306320000,2020-06-30,96.66999816894531,98.06999969482422,96.18000030517578,97.5,95.50401306152344,1003500.0
