Report Date,Revenue,Cost of Revenue,Gross Profit,Operating Expenses,"Selling, General & Administrative",Research & Development,Depreciation & Amortization,Operating Income (Loss),Non-Operating Income (Loss),"Interest Expense, Net","Pretax Income (Loss), Adj.",Abnormal Gains (Losses),Pretax Income (Loss),"Income Tax (Expense) Benefit, Net",Income (Loss) from Continuing Operations,Net Extraordinary Gains (Losses),Net Income,Net Income (Common),"Cash, Cash Equivalents & Short Term Investments",Accounts & Notes Receivable,Inventories,Total Current Assets,"Property, Plant & Equipment, Net",Long Term Investments & Receivables,Other Long Term Assets,Total Noncurrent Assets,Total Assets,Payables & Accruals,Short Term Debt,Total Current Liabilities,Long Term Debt,Total Noncurrent Liabilities,Total Liabilities,Share Capital & Additional Paid-In Capital,Treasury Stock,Retained Earnings,Total Equity,Total Liabilities & Equity,Net Income/Starting Line,Depreciation & Amortization,Non-Cash Items,Change in Working Capital,Change in Accounts Receivable,Change in Inventories,Change in Accounts Payable,Change in Other,Net Cash from Operating Activities,Change in Fixed Assets & Intangibles,Net Change in Long Term Investment,Net Cash from Acquisitions & Divestitures,Net Cash from Investing Activities,Dividends Paid,Cash from (Repayment of) Debt,Cash from (Repurchase of) Equity,Net Cash from Financing Activities,Net Change in Cash,Price Date,Open,High,Low,Close,Adj Close,Volume
2009-09-30,1279221000.0,-550026000.0,729195000.0,-498486000.0,-333936000.0,-43870000.0,-20955000.0,230709000.0,-12850000.0,-17165000.0,217859000,,217859000,-67497000.0,150362000,,150362000,150362000,297358000.0,1116033000.0,399917000.0,1991905000.0,216256000.0,,1653166000.0,1869422000.0,3861327000,854053000.0,33062000.0,887115000.0,1134723000.0,1486280000.0,2373395000,562671000.0,-1699595000.0,2582267000.0,1487932000.0,3861327000,150362000.0,51449000.0,-13310000.0,-219164000.0,,,,,-30663000.0,-22173000.0,,-175000.0,-36315000.0,-27981000.0,21466000.0,-23976000.0,-30161000.0,-94676000,2009-09-30,27.6299991607666,27.809999465942386,27.1200008392334,27.75,19.67450714111328,2526600.0
2009-12-31,1375184000.0,-562105000.0,813079000.0,-569480000.0,-384773000.0,-56665000.0,-25395000.0,243599000.0,-17202000.0,-16366000.0,226397000,,226397000,-60834000.0,165563000,,165563000,165563000,636045000.0,1038802000.0,207895000.0,2045032000.0,220706000.0,,1631154000.0,1851860000.0,3896892000,801775000.0,14113000.0,815888000.0,1131998000.0,1486232000.0,2302120000,572030000.0,-1756438000.0,2720549000.0,1594772000.0,3896892000,165563000.0,50325000.0,19466000.0,240800000.0,,,,,476154000.0,-30418000.0,,0.0,-33524000.0,-27654000.0,-19958000.0,-56339000.0,-103605000.0,338687000,2009-12-31,32.36999893188477,32.56999969482422,32.060001373291016,32.060001373291016,22.899131774902344,891100.0
2010-03-31,672371000.0,-262679000.0,409692000.0,-340365000.0,-244875000.0,-40324000.0,-11384000.0,69327000.0,-15097000.0,-15962000.0,54230000,,54230000,4713000.0,58943000,,58943000,58943000,1259799000.0,526031000.0,226784000.0,2212840000.0,220522000.0,,1644661000.0,1865183000.0,4078023000,541754000.0,150089000.0,691843000.0,1390484000.0,1716326000.0,2408169000,621335000.0,-1752041000.0,2744517000.0,1669854000.0,4078023000,58943000.0,29300000.0,-5562000.0,182436000.0,,,,,265117000.0,-20783000.0,,,-21115000.0,-27292000.0,490580000.0,-83737000.0,382143000.0,623754000,2010-03-31,39.04999923706055,39.06999969482422,38.25,38.27999877929688,27.51630210876465,1372400.0
2010-06-30,737791000.0,-300322000.0,437469000.0,-357743000.0,-248910000.0,-47466000.0,-11315000.0,79726000.0,-18689000.0,-19816000.0,61037000,,61037000,-17406000.0,43631000,,43631000,43631000,872275000.0,663484000.0,342113000.0,2079834000.0,218851000.0,,1674991000.0,1893842000.0,3973676000,646223000.0,10632000.0,656855000.0,1396980000.0,1727895000.0,2384750000,694547000.0,-1884530000.0,2751106000.0,1588926000.0,3973676000,43631000.0,38890000.0,-606000.0,-174003000.0,,,,,-92088000.0,-28906000.0,,0.0,-29510000.0,-36826000.0,-944000.0,-228895000.0,-262152000.0,-387524000,2010-06-30,41.900001525878906,42.38999938964844,41.040000915527344,41.099998474121094,29.73382568359375,2359900.0
2010-09-30,1313302000.0,-591600000.0,721702000.0,-483945000.0,-336062000.0,-51618000.0,-20645000.0,237757000.0,-18684000.0,-20818000.0,219073000,,219073000,-63909000.0,155164000,,155164000,155164000,497903000.0,1210460000.0,467953000.0,2346710000.0,221165000.0,,1647742000.0,1868907000.0,4215617000,874861000.0,103625000.0,978486000.0,1404556000.0,1749820000.0,2728306000,711831000.0,-2120340000.0,2872699000.0,1487311000.0,4215617000,155164000.0,43114000.0,12338000.0,-377879000.0,,,,,-167263000.0,-26163000.0,,0.0,-23422000.0,-34802000.0,91821000.0,-252731000.0,-188355000.0,-374372000,2010-09-30,45.2599983215332,45.849998474121094,44.33000183105469,44.5099983215332,32.395809173583984,1463400.0
2010-12-31,1278697000.0,-535456000.0,743241000.0,-542192000.0,-371996000.0,-61950000.0,-29130000.0,201049000.0,-27669000.0,-19867000.0,173380000,,173380000,-33366000.0,140014000,,140014000,140014000,727796000.0,961252000.0,364194000.0,2221049000.0,233580000.0,,1638597000.0,1872177000.0,4093226000,704233000.0,14568000.0,718801000.0,1397681000.0,1759005000.0,2477806000,730808000.0,-2101854000.0,2978317000.0,1615420000.0,4093226000,140014000.0,35026000.0,11817000.0,175358000.0,,,,,362215000.0,-36745000.0,,0.0,-30141000.0,-34128000.0,-89496000.0,19322000.0,-102231000.0,229893000,2010-12-31,48.1500015258789,48.290000915527344,46.90999984741211,47.18000030517578,34.52709197998047,972200.0
2011-03-31,671986000.0,-267246000.0,404740000.0,-355817000.0,-252960000.0,-45818000.0,-13813000.0,48923000.0,-26085000.0,-19963000.0,22838000,,22838000,-5642000.0,17196000,,17196000,17196000,927422000.0,558980000.0,401309000.0,2060781000.0,238403000.0,,1641157000.0,1879560000.0,3940341000,588609000.0,37923000.0,626532000.0,1396695000.0,1782821000.0,2409353000,729513000.0,-2151279000.0,2954517000.0,1530988000.0,3940341000,17196000.0,31018000.0,330000.0,227950000.0,,,,,276494000.0,-22396000.0,,,-24433000.0,-34297000.0,23622000.0,-48588000.0,-57395000.0,199626000,2011-03-31,47.209999084472656,47.41999816894531,46.81999969482422,46.84000015258789,34.46987152099609,1067600.0
2011-06-30,908454000.0,-378010000.0,530444000.0,-450037000.0,-295156000.0,-54965000.0,-17719000.0,80407000.0,-27453000.0,-21384000.0,52954000,,52954000,5097000.0,58051000,,58051000,58051000,584778000.0,837972000.0,426930000.0,2046105000.0,239201000.0,,1655439000.0,1894640000.0,3940745000,694095000.0,12430000.0,706525000.0,1403031000.0,1765601000.0,2472126000,737749000.0,-2245622000.0,2972323000.0,1468619000.0,3940745000,58051000.0,38925000.0,-28270000.0,-216345000.0,,,,,-147639000.0,-28720000.0,,-10000000.0,-33355000.0,-40813000.0,-25597000.0,-100273000.0,-163609000.0,-342644000,2011-06-30,44.40999984741211,44.599998474121094,43.79999923706055,43.93000030517578,32.53961563110352,2098500.0
2011-09-30,1375811000.0,-599524000.0,776287000.0,-528215000.0,-350526000.0,-49504000.0,-18928000.0,248072000.0,-26615000.0,-19462000.0,221457000,,221457000,-50467000.0,170990000,,170990000,170990000,186962000.0,1260521000.0,518866000.0,2210305000.0,220412000.0,,1654009000.0,1874421000.0,4084726000,929275000.0,13168000.0,942443000.0,1405071000.0,1761041000.0,2703484000,746061000.0,-2454592000.0,3104738000.0,1381242000.0,4084726000,170990000.0,47474000.0,-15443000.0,-330830000.0,,,,,-127809000.0,-20559000.0,,-1585000.0,-20570000.0,-40220000.0,1962000.0,-210218000.0,-244449000.0,-397816000,2011-09-30,33.630001068115234,33.779998779296875,32.560001373291016,32.610000610351555,24.337764739990234,2504500.0
2011-12-31,1329338000.0,-591483000.0,737855000.0,-521276000.0,-337403000.0,-47351000.0,-31985000.0,216579000.0,-27435000.0,-21379000.0,189144000,,189144000,-50014000.0,139130000,,139130000,139130000,641688000.0,1034580000.0,333993000.0,2253692000.0,218021000.0,,1659061000.0,1877082000.0,4130774000,761914000.0,180430000.0,942344000.0,1400872000.0,1770915000.0,2713259000,734891000.0,-2486853000.0,3205420000.0,1417515000.0,4130774000,139130000.0,43051000.0,-5514000.0,218356000.0,,,,,395023000.0,-27727000.0,,0.0,-29257000.0,-38698000.0,167352000.0,-34131000.0,89768000.0,454726000,2011-12-30,32.139999389648445,32.150001525878906,31.790000915527344,31.88999938964844,23.98590660095215,1371800.0
2012-03-31,648850000.0,-257036000.0,391814000.0,-376088000.0,-264935000.0,-44926000.0,-13793000.0,15726000.0,-20592000.0,-20637000.0,-4866000,,-4866000,2287000.0,-2579000,,-2579000,-2579000,883824000.0,456580000.0,396981000.0,2018902000.0,222821000.0,,1655414000.0,1878235000.0,3897137000,554700000.0,171177000.0,725877000.0,1400942000.0,1773867000.0,2499744000,734909000.0,-2469438000.0,3156152000.0,1397393000.0,3897137000,-2579000.0,29963000.0,-2335000.0,259689000.0,,,,,284738000.0,-23034000.0,,,-16361000.0,-38593000.0,-10137000.0,11931000.0,-30445000.0,242136000,2012-03-30,37.4900016784668,37.4900016784668,36.709999084472656,36.72000122070313,27.857135772705078,1207600.0
2012-06-30,811467000.0,-311984000.0,499483000.0,-413201000.0,-270676000.0,-50113000.0,-21519000.0,86282000.0,-26623000.0,-20724000.0,59659000,,59659000,-16232000.0,43427000,,43427000,43427000,779931000.0,651410000.0,416905000.0,2145826000.0,223383000.0,,1645512000.0,1868895000.0,4014721000,618088000.0,220605000.0,838693000.0,1399557000.0,1776538000.0,2615231000,745859000.0,-2459373000.0,3152647000.0,1399490000.0,4014721000,43427000.0,35932000.0,11024000.0,-174340000.0,,,,,-83957000.0,-27050000.0,,,-27782000.0,-46724000.0,49893000.0,11565000.0,16360000.0,-103893000,2012-06-29,33.639999389648445,33.950000762939446,33.540000915527344,33.86999893188477,25.951045989990234,1331300.0
2012-09-30,1345137000.0,-586516000.0,758621000.0,-508999000.0,-345873000.0,-48472000.0,-25430000.0,249622000.0,-24673000.0,-21773000.0,224949000,,224949000,-60097000.0,164852000,,164852000,164852000,696733000.0,1195517000.0,463433000.0,2618980000.0,217636000.0,,1609671000.0,1827307000.0,4446287000,861874000.0,264745000.0,1126619000.0,1398906000.0,1792779000.0,2919398000,753082000.0,-2458492000.0,3270534000.0,1526889000.0,4446287000,164852000.0,44010000.0,13763000.0,-279790000.0,,,,,-57165000.0,-24812000.0,,0.0,-28195000.0,-46914000.0,43624000.0,2086000.0,-663000.0,-83198000,2012-09-28,37.61999893188477,38.27999877929688,37.47000122070313,38.16999816894531,29.53896522521973,1202200.0
2012-12-31,1283529000.0,-516444000.0,767085000.0,-566930000.0,-388102000.0,-57686000.0,-31627000.0,200155000.0,-26495000.0,-21674000.0,173660000,,173660000,-43361000.0,130299000,,130299000,130299000,849701000.0,1029959000.0,316049000.0,2508202000.0,230414000.0,,1586771000.0,1817185000.0,4325387000,736070000.0,224365000.0,960435000.0,1396421000.0,1857573000.0,2818008000,760790000.0,-2535649000.0,3354545000.0,1507379000.0,4325387000,130299000.0,40382000.0,-9345000.0,229844000.0,,,,,391180000.0,-37195000.0,,0.0,-33834000.0,-93233000.0,-40274000.0,-68624000.0,-204631000.0,152968000,2012-12-31,35.20000076293945,35.91999816894531,35.040000915527344,35.900001525878906,28.330188751220703,1071800.0
2013-03-31,663694000.0,-267572000.0,396122000.0,-385495000.0,-271779000.0,-47185000.0,-17139000.0,10627000.0,-27120000.0,-21498000.0,-16493000,,-16493000,9822000.0,-6671000,,-6671000,-6671000,1067039000.0,509276000.0,323754000.0,2250396000.0,232902000.0,,1577347000.0,1810249000.0,4060645000,579705000.0,161968000.0,741673000.0,1394387000.0,1855884000.0,2597557000,772779000.0,-2537665000.0,3296140000.0,1463088000.0,4060645000,-6671000.0,30767000.0,-1848000.0,275206000.0,,,,,297454000.0,-24201000.0,,,-20603000.0,0.0,-62605000.0,-314000.0,-59355000.0,217338000,2013-03-28,43.81999969482422,44.0,43.61000061035156,43.93999862670898,34.67487335205078,993000.0
2013-06-30,766342000.0,-300570000.0,465772000.0,-391684000.0,-271205000.0,-47904000.0,-22346000.0,74088000.0,-23012000.0,-20793000.0,51076000,,51076000,-14596000.0,36480000,,36480000,36480000,1022345000.0,640503000.0,359969000.0,2366202000.0,237774000.0,,1574323000.0,1812097000.0,4178299000,671346000.0,625376000.0,1296722000.0,959895000.0,1425551000.0,2722273000,799618000.0,-2545941000.0,3280215000.0,1456026000.0,4178299000,36480000.0,35867000.0,-2476000.0,-69189000.0,,,,,682000.0,-29354000.0,,,-28493000.0,-52125000.0,31458000.0,6847000.0,-7784000.0,-44694000,2013-06-28,44.68999862670898,45.2400016784668,44.36000061035156,44.83000183105469,35.67914962768555,1353500.0
2013-09-30,1370348000.0,-568582000.0,801766000.0,-603060000.0,-367532000.0,-59366000.0,-32215000.0,198706000.0,-42793000.0,-39868000.0,155913000,,155913000,-30070000.0,125843000,,126574000,126574000,588668000.0,1215289000.0,447113000.0,2597285000.0,231199000.0,,1761661000.0,1992860000.0,4590145000,1005529000.0,643350000.0,1648879000.0,959895000.0,1370567000.0,3019446000,813852000.0,-2566519000.0,3354820000.0,1570699000.0,4590145000,125843000.0,46569000.0,-82340000.0,-340891000.0,,,,,-250819000.0,-24691000.0,,-109955000.0,-135984000.0,-52039000.0,19912000.0,-19105000.0,-48060000.0,-433677000,2013-09-30,47.11000061035156,47.27999877929688,46.83000183105469,47.13999938964844,37.83861923217773,1089200.0
2013-12-31,1281773000.0,-536177000.0,745596000.0,-561924000.0,-359261000.0,-53136000.0,-54176000.0,183672000.0,-22346000.0,-18501000.0,161326000,,161326000,-33050000.0,128276000,,129815000,129815000,682449000.0,1093620000.0,348794000.0,2480457000.0,236263000.0,,1685547000.0,1921810000.0,4402267000,926558000.0,436722000.0,1363280000.0,959895000.0,1311199000.0,2674479000,839028000.0,-2554726000.0,3432176000.0,1727788000.0,4402267000,128276000.0,67782000.0,11939000.0,145818000.0,,,,,353815000.0,-33785000.0,,-743000.0,-32663000.0,-51965000.0,-204038000.0,27206000.0,-225810000.0,93781000,2013-12-31,55.15999984741211,55.15999984741211,54.68999862670898,55.0099983215332,44.48912811279297,776800.0
2014-03-31,679453000.0,-258545000.0,420908000.0,-377460000.0,-262562000.0,-47257000.0,-18060000.0,43448000.0,-17453000.0,-21102000.0,25995000,,25995000,5519000.0,31514000,,32087000,32087000,792249000.0,552471000.0,390824000.0,2142105000.0,236898000.0,,1650434000.0,1887332000.0,4029437000,654507000.0,439214000.0,1093721000.0,959895000.0,1297114000.0,2390835000,857990000.0,-2623262000.0,3408259000.0,1638602000.0,4029437000,31514000.0,34907000.0,3593000.0,172027000.0,,,,,242041000.0,-22239000.0,,0.0,-27078000.0,-52388000.0,5035000.0,-59789000.0,-103387000.0,109800000,2014-03-31,55.36000061035156,55.75,55.2400016784668,55.61999893188477,45.33638381958008,752900.0
2014-06-30,829262000.0,-320336000.0,508926000.0,-426362000.0,-285520000.0,-51707000.0,-18602000.0,82564000.0,-18047000.0,-21637000.0,64517000,,64517000,-31697000.0,32820000,,33475000,33475000,586151000.0,738899000.0,492822000.0,2204205000.0,236881000.0,,1697509000.0,1934390000.0,4138595000,715504000.0,9188000.0,724692000.0,1559895000.0,1917661000.0,2642353000,872442000.0,-2755616000.0,3387006000.0,1496242000.0,4138595000,32820000.0,40465000.0,-14704000.0,-191352000.0,,,,,-132771000.0,-29397000.0,,0.0,-25586000.0,-55709000.0,131381000.0,-127370000.0,-50760000.0,-206098000,2014-06-30,50.81999969482422,53.75,50.81999969482422,53.04999923706055,43.57802963256836,682500.0
2014-09-30,1469899000.0,-602766000.0,867133000.0,-581319000.0,-391564000.0,-58220000.0,-37183000.0,285814000.0,-41760000.0,-23965000.0,244054000,,244054000,-63899000.0,180155000,,180457000,180457000,452184000.0,1314022000.0,499150000.0,2646189000.0,228019000.0,,1634594000.0,1862613000.0,4508802000,936005000.0,78023000.0,1014028000.0,1559895000.0,1952261000.0,2966289000,891176000.0,-2869353000.0,3513546000.0,1542513000.0,4508802000,180155000.0,45267000.0,31145000.0,-339011000.0,,,,,-82444000.0,37781000.0,,0.0,42818000.0,-54692000.0,69742000.0,-107578000.0,-88714000.0,-133967000,2014-09-30,55.04999923706055,55.38999938964844,54.7400016784668,55.0,45.566383361816406,956400.0
2014-12-31,1298593000.0,-516725000.0,781868000.0,-558319000.0,-376147000.0,-65372000.0,-25949000.0,223549000.0,-18127000.0,-22635000.0,205422000,,205422000,-36601000.0,168821000,,169911000,169911000,893167000.0,1094673000.0,339572000.0,2643505000.0,237489000.0,,1637106000.0,1874595000.0,4518100000,819203000.0,252481000.0,1071684000.0,1545853000.0,1938022000.0,3009706000,911112000.0,-2980066000.0,3630072000.0,1508394000.0,4518100000,168821000.0,37327000.0,-25392000.0,246829000.0,,,,,427585000.0,-35133000.0,,0.0,9361000.0,-54066000.0,174882000.0,-104308000.0,11905000.0,440983000,2014-12-31,55.11999893188477,55.47000122070313,54.91999816894531,54.9900016784668,45.90066146850586,885000.0
2015-03-31,713500000.0,-247735000.0,465765000.0,-411560000.0,-276527000.0,-51897000.0,-24047000.0,54205000.0,-19890000.0,-23655000.0,34315000,,34315000,-8494000.0,25821000,,26667000,26667000,1081397000.0,563301000.0,340654000.0,2332078000.0,243589000.0,,1671449000.0,1915038000.0,4247116000,585155000.0,231914000.0,817069000.0,1546169000.0,1942306000.0,2759375000,930336000.0,-2997404000.0,3599571000.0,1487741000.0,4247116000,25821000.0,34355000.0,9433000.0,245672000.0,,,,,315281000.0,-31151000.0,,,-33111000.0,-53470000.0,-20325000.0,-12484000.0,-82489000.0,188230000,2015-03-31,62.599998474121094,63.59000015258789,62.22999954223633,63.2400016784668,53.19717407226562,1437300.0
2015-06-30,797658000.0,-295399000.0,502259000.0,-426759000.0,-291513000.0,-57609000.0,-20568000.0,75500000.0,-21854000.0,-23496000.0,53646000,,53646000,-13364000.0,40282000,,41809000,41809000,858458000.0,709437000.0,403789000.0,2331785000.0,225911000.0,,1659993000.0,1885904000.0,4217689000,633011000.0,167877000.0,800888000.0,1546477000.0,1946909000.0,2747797000,955429000.0,-3007251000.0,3583803000.0,1469892000.0,4217689000,40282000.0,42693000.0,12664000.0,-174816000.0,,,,,-79177000.0,-36558000.0,,,-25892000.0,-57432000.0,-64095000.0,-2375000.0,-119826000.0,-222939000,2015-06-30,75.9000015258789,76.13999938964844,74.69000244140625,74.79000091552734,63.32260131835938,1998700.0
2015-09-30,1470997000.0,-579149000.0,891848000.0,-588321000.0,-389051000.0,-64793000.0,-20527000.0,303527000.0,-18910000.0,-23373000.0,284617000,,284617000,-78242000.0,206375000,,207599000,207599000,551292000.0,1390274000.0,447090000.0,2709551000.0,219656000.0,,1637940000.0,1857596000.0,4567147000,925599000.0,113970000.0,1039569000.0,1546796000.0,1943568000.0,2983137000,968390000.0,-3033363000.0,3733995000.0,1584010000.0,4567147000,206375000.0,44675000.0,-13099000.0,-404497000.0,,,,,-166546000.0,-11532000.0,,-3000000.0,209000.0,-57491000.0,-53681000.0,-25322000.0,-133628000.0,-307166000,2015-09-30,72.23999786376953,72.58999633789062,70.5,72.13999938964844,61.42880630493164,2280300.0
2015-12-31,1465354000.0,-554750000.0,910604000.0,-651903000.0,-413092000.0,-68645000.0,-21029000.0,258701000.0,-27364000.0,-23453000.0,231337000,,231337000,-56943000.0,174394000,,175763000,175763000,976750000.0,1217850000.0,384492000.0,2865598000.0,237527000.0,,1617592000.0,1855119000.0,4720717000,900084000.0,164563000.0,1064647000.0,1547115000.0,1951998000.0,3016645000,998477000.0,-3040895000.0,3852321000.0,1704072000.0,4720717000,174394000.0,33604000.0,35622000.0,258188000.0,,,,,501808000.0,-44149000.0,,3000000.0,-44853000.0,-57404000.0,50791000.0,-3721000.0,-29435000.0,425458000,2015-12-31,67.37000274658203,67.86000061035156,67.22000122070311,67.36000061035156,57.69801330566406,892700.0
2016-03-31,831180000.0,-290240000.0,540940000.0,-455024000.0,-313014000.0,-57164000.0,-14877000.0,85916000.0,-26703000.0,-21831000.0,59213000,,59213000,-12242000.0,46971000,,48751000,48751000,1095880000.0,670663000.0,461734000.0,2524083000.0,241253000.0,,1599359000.0,1840612000.0,4364695000,679373000.0,89000000.0,768373000.0,1547434000.0,1949780000.0,2718153000,1011058000.0,-3076687000.0,3837372000.0,1646542000.0,4364695000,46971000.0,33817000.0,9078000.0,223413000.0,,,,,313279000.0,-31218000.0,,,-27592000.0,-57406000.0,-75526000.0,-25557000.0,-171327000.0,119130000,2016-03-31,78.55000305175781,80.33000183105469,78.55000305175781,80.0999984741211,69.04961395263672,1970200.0
2016-06-30,878945000.0,-321676000.0,557269000.0,-472395000.0,-325592000.0,-63671000.0,-13724000.0,84874000.0,-17854000.0,-21602000.0,67020000,,67020000,-17601000.0,49419000,,52106000,52106000,924098000.0,703821000.0,572391000.0,2523356000.0,242607000.0,,1578422000.0,1821029000.0,4344385000,739620000.0,5400000.0,745020000.0,1547753000.0,1950367000.0,2695387000,1050649000.0,-3089104000.0,3825289000.0,1648998000.0,4344385000,49419000.0,40656000.0,8840000.0,-106258000.0,,,,,-7343000.0,-35172000.0,,,-18367000.0,-63905000.0,-83610000.0,4608000.0,-147979000.0,-171782000,2016-06-30,82.73999786376953,84.12999725341797,82.58000183105469,83.98999786376953,72.82911682128906,2309100.0
2016-09-30,1679757000.0,-658986000.0,1020771000.0,-658670000.0,-439320000.0,-70083000.0,-14973000.0,362101000.0,-15777000.0,-22361000.0,346324000,,346324000,-90162000.0,256162000,,257798000,257798000,830372000.0,1452931000.0,607701000.0,3146987000.0,247231000.0,,1560929000.0,1808160000.0,4955147000,1087442000.0,528277000.0,1615719000.0,1198461000.0,1562839000.0,3178558000,1064706000.0,-3138327000.0,4019370000.0,1776589000.0,4955147000,256162000.0,40927000.0,-18781000.0,-388837000.0,,,,,-110529000.0,-37249000.0,,-12436000.0,-44540000.0,-63954000.0,173296000.0,-45809000.0,60291000.0,-93726000,2016-09-30,79.33999633789062,79.76000213623047,78.86000061035156,79.33000183105469,69.22444152832031,1296400.0
2016-12-31,1629940000.0,-634572000.0,995368000.0,-740211000.0,-501783000.0,-75457000.0,-27120000.0,255157000.0,-35225000.0,-22244000.0,219932000,,219932000,-39333000.0,180599000,,192725000,192725000,1282285000.0,1319963000.0,387675000.0,3227607000.0,267398000.0,,1596361000.0,1863759000.0,5091366000,1095564000.0,522295000.0,1617859000.0,1198679000.0,1588067000.0,3205926000,1090265000.0,-3181681000.0,4148722000.0,1885440000.0,5091366000,180599000.0,39070000.0,38898000.0,363339000.0,,,,,621906000.0,-51261000.0,,0.0,-47892000.0,-63616000.0,-5182000.0,-41110000.0,-116483000.0,451913000,2016-12-30,78.19999694824219,78.63999938964844,77.43000030517578,77.79000091552734,68.30126190185547,1049600.0
2017-03-31,849663000.0,-306082000.0,543581000.0,-465238000.0,-324821000.0,-62586000.0,-13451000.0,78343000.0,-7506000.0,-18892000.0,70837000,,70837000,-2238000.0,68599000,,68599000,68599000,1463081000.0,676945000.0,416232000.0,2799733000.0,270023000.0,,1576114000.0,1846137000.0,4645870000,786706000.0,415108000.0,1201814000.0,1198896000.0,1592412000.0,2794226000,1113584000.0,-3210238000.0,4145469000.0,1851644000.0,4645870000,68599000.0,35583000.0,18603000.0,289143000.0,,,,,411928000.0,-30243000.0,,,-31024000.0,-63404000.0,-107336000.0,-9569000.0,-211700000.0,180796000,2017-03-31,99.5999984741211,100.54000091552734,99.44000244140624,99.81999969482422,88.18861389160156,840400.0
2017-06-30,972506000.0,-368233000.0,604273000.0,-504289000.0,-349275000.0,-62793000.0,-13069000.0,99984000.0,-13098000.0,-19108000.0,86886000,,86886000,-19163000.0,67723000,,67723000,67723000,1433500000.0,846547000.0,557507000.0,3094805000.0,268973000.0,,1548965000.0,1817938000.0,4912743000,935468000.0,536779000.0,1472247000.0,1199114000.0,1608002000.0,3080249000,1126537000.0,-3209333000.0,4141903000.0,1832494000.0,4912743000,67723000.0,45970000.0,31805000.0,-191320000.0,,,,,-45822000.0,-36078000.0,,0.0,-36762000.0,-71251000.0,121594000.0,910000.0,51244000.0,-29581000,2017-06-30,110.9800033569336,112.08000183105469,110.47000122070312,111.51000213623048,99.0753936767578,768200.0
2017-09-30,1791502000.0,-730656000.0,1060846000.0,-699902000.0,-481408000.0,-67386000.0,-11886000.0,360944000.0,-11103000.0,-19710000.0,349841000,,349841000,-84258000.0,265583000,,265583000,265583000,1244778000.0,1655752000.0,629120000.0,3762240000.0,263862000.0,,1518546000.0,1782408000.0,5544648000,1295745000.0,189012000.0,1484757000.0,1693261000.0,2103639000.0,3588396000,1148828000.0,-3294204000.0,4336420000.0,1956252000.0,5544648000,265583000.0,48554000.0,9534000.0,-487981000.0,,,,,-164310000.0,-36191000.0,,0.0,-29210000.0,-71357000.0,145283000.0,-74150000.0,-797000.0,-188722000,2017-09-29,97.0,97.87000274658205,96.81999969482422,97.66999816894531,87.24504089355469,934100.0
2017-12-31,1596111000.0,-628722000.0,967389000.0,-696301000.0,-471102000.0,-76255000.0,-26210000.0,271088000.0,7498000.0,-18403000.0,278586000,,278586000,-283884000.0,-5298000,,-5298000,-5298000,1581234000.0,1405399000.0,433293000.0,3633926000.0,259710000.0,,1396347000.0,1656057000.0,5289983000,1096740000.0,154957000.0,1251697000.0,1693609000.0,2208329000.0,3460026000,1155452000.0,-3346292000.0,4260222000.0,1829957000.0,5289983000,-5298000.0,41729000.0,227681000.0,258470000.0,,,,,522582000.0,-32365000.0,,0.0,-34485000.0,-70961000.0,-34082000.0,-39071000.0,-150920000.0,336456000,2017-12-29,91.47000122070312,91.58999633789062,90.08000183105469,90.88999938964844,81.67635345458984,854700.0
2018-03-31,716341000.0,-255187000.0,461154000.0,-541573000.0,-396025000.0,-57384000.0,-18512000.0,-80419000.0,-7969000.0,-16561000.0,-88388000,,-88388000,-24104000.0,-112492000,,-112492000,-112492000,1598944000.0,612698000.0,517439000.0,3021837000.0,262418000.0,,1444817000.0,1707235000.0,4729072000,830915000.0,21611000.0,852526000.0,1693977000.0,2305187000.0,3157713000,1158215000.0,-3385098000.0,4090637000.0,1571359000.0,4729072000,-112492000.0,32699000.0,41890000.0,355642000.0,,,,,317739000.0,-28235000.0,,,-26228000.0,-70781000.0,-133698000.0,-18608000.0,-275724000.0,17710000,2018-03-29,83.95999908447266,84.86000061035156,83.95999908447266,84.30000305175781,76.21524047851562,1084300.0
2018-06-30,904458000.0,-338306000.0,566152000.0,-478564000.0,-340809000.0,-59859000.0,-11851000.0,87588000.0,-19464000.0,-16495000.0,68124000,,68124000,-7825000.0,60299000,,60299000,60299000,1159072000.0,739268000.0,610248000.0,2827633000.0,265904000.0,,2020319000.0,2286223000.0,5113856000,1032323000.0,20121000.0,1052444000.0,1694350000.0,2294662000.0,3347106000,1368504000.0,-3377339000.0,4070661000.0,1766750000.0,5113856000,60299000.0,40625000.0,-54522000.0,-123340000.0,,,,,-76938000.0,-43520000.0,,-155451000.0,-197594000.0,-78747000.0,116000.0,-64777000.0,-145501000.0,-439872000,2018-06-29,92.98999786376952,93.0,91.68000030517578,92.30999755859376,84.06326293945312,1786000.0
2018-09-30,1569686000.0,-655597000.0,914089000.0,-600753000.0,-406752000.0,-65807000.0,-22929000.0,313336000.0,-17542000.0,-18108000.0,295794000,,295794000,-31933000.0,263861000,,263861000,263861000,907107000.0,1391242000.0,610918000.0,3192450000.0,255150000.0,,2047729000.0,2302879000.0,5495329000,1301616000.0,20307000.0,1321923000.0,1694721000.0,2286125000.0,3608048000,1387252000.0,-3458152000.0,4254919000.0,1887281000.0,5495329000,263861000.0,51464000.0,-15323000.0,-366057000.0,,,,,-66055000.0,-32260000.0,,0.0,-27057000.0,-80034000.0,1953000.0,-75638000.0,-157325000.0,-251965000,2018-09-28,105.91999816894531,106.6999969482422,104.8499984741211,105.12000274658205,96.3406982421875,1253500.0
2018-12-31,1389161000.0,-601588000.0,787573000.0,-777026000.0,-583896000.0,-63115000.0,-19317000.0,10547000.0,-15675000.0,-17305000.0,-5128000,,-5128000,13894000.0,8766000,,8766000,8766000,1182371000.0,1188052000.0,443383000.0,3082504000.0,256473000.0,,1924011000.0,2180484000.0,5262988000,1264584000.0,9740000.0,1274324000.0,1695092000.0,2234178000.0,3508502000,1379906000.0,-3515280000.0,4184374000.0,1754486000.0,5262988000,8766000.0,43170000.0,152118000.0,267197000.0,,,,,471251000.0,-36411000.0,,0.0,-35598000.0,-79696000.0,-10728000.0,-91031000.0,-158551000.0,275264000,2018-12-31,81.29000091552734,81.62999725341797,80.13999938964844,81.25,74.97858428955078,1147100.0
2019-03-31,732510000.0,-259987000.0,472523000.0,-436396000.0,-301857000.0,-56260000.0,-18391000.0,36127000.0,-6532000.0,-14632000.0,29595000,,29595000,-2868000.0,26727000,,26727000,26727000,1196634000.0,638417000.0,491751000.0,2631858000.0,395624000.0,,1907291000.0,2302915000.0,4934773000,935316000.0,13409000.0,948725000.0,1695462000.0,2331517000.0,3280242000,1374077000.0,-3562893000.0,4125686000.0,1654531000.0,4934773000,26727000.0,38844000.0,-1967000.0,200890000.0,,,,,264494000.0,-25201000.0,,,-27001000.0,-79274000.0,3419000.0,-47479000.0,-220379000.0,14263000,2019-03-29,85.81999969482422,85.88999938964844,84.95999908447266,85.0199966430664,79.00423431396484,1204400.0
2019-06-30,984537000.0,-343694000.0,640843000.0,-512510000.0,-340500000.0,-65632000.0,-35317000.0,128333000.0,-122225000.0,-16022000.0,6108000,,6108000,7325000.0,13433000,,13433000,13433000,1151042000.0,805288000.0,564769000.0,2830095000.0,387372000.0,,1821143000.0,2208515000.0,5038610000,1059909000.0,12787000.0,1072696000.0,1695833000.0,2250045000.0,3322741000,1395387000.0,-3559609000.0,4053266000.0,1715869000.0,5038610000,13433000.0,47195000.0,82331000.0,-71177000.0,,,,,71782000.0,-32994000.0,,0.0,-33475000.0,-85634000.0,-324000.0,-11154000.0,-86177000.0,-45592000,2019-06-28,106.02999877929688,107.13999938964844,105.36000061035156,105.68000030517578,98.86329650878906,1782300.0
2019-09-30,1575173000.0,-627119000.0,948054000.0,-650844000.0,-415640000.0,-67354000.0,-39842000.0,297210000.0,-37464000.0,-17278000.0,259746000,,259746000,-46797000.0,212949000,,212949000,212949000,1060432000.0,1416879000.0,589132000.0,3413130000.0,371881000.0,,1769613000.0,2141494000.0,5554624000,1458832000.0,7903000.0,1466735000.0,1696204000.0,2246982000.0,3713717000,1406213000.0,-3560261000.0,4180331000.0,1840907000.0,5554624000,212949000.0,50422000.0,129310000.0,-339389000.0,,,,,53292000.0,-32605000.0,,0.0,-25984000.0,-85852000.0,-4520000.0,-1504000.0,-110624000.0,-90610000,2019-09-30,119.06999969482422,119.91999816894531,118.62999725341795,118.69000244140624,111.6444854736328,672100.0
2019-12-31,1428007000.0,-577049000.0,850958000.0,-660578000.0,-392782000.0,-72910000.0,-39294000.0,190380000.0,108381000.0,-23839000.0,298761000,,298761000,-31416000.0,267345000,,267345000,267345000,4580369000.0,1410597000.0,446105000.0,6747521000.0,382248000.0,,1725859000.0,2108107000.0,8855628000,1256579000.0,503000.0,1257082000.0,4046457000.0,4603016000.0,5860098000,2385869000.0,-3560738000.0,4354619000.0,2995530000.0,8855628000,267345000.0,44326000.0,-73755000.0,25577000.0,,,,,263493000.0,-42836000.0,,-8761000.0,25505000.0,-85844000.0,2347554000.0,973935000.0,3227753000.0,3519937000,2019-12-31,105.19000244140624,106.2699966430664,105.19000244140624,105.61000061035156,100.02597045898438,530800.0
2020-03-31,1105600000.0,-262700000.0,842900000.0,-716399999.0,-512999999.0,-53800000.0,-36800000.0,126500001.0,-48700000.0,-50000000.0,77800001,-149800000.0,-71999999,4099999.0,-67900000,,-69700000,-69700000,1237900000.0,963800000.0,444400000.0,3318500000.0,455900000.0,,6650000000.0,7105900000.0,10424400000,1664700000.0,73900000.0,1738600000.0,5156300000.0,5895300000.0,7633900000,2392500000.0,-3560300000.0,4191800000.0,2790500000.0,10424400000,-67900000.0,60600000.0,165899999.0,133000000.0,,,,,291599999.0,-30800000.0,,-4403900000.0,-4430500000.0,-93100000.0,966100000.0,,819500000.0,-3342500001,2020-03-31,70.80000305175781,72.76000213623047,70.27999877929689,71.55000305175781,68.21161651611328,2456300.0
2020-06-30,860300000.0,-253200000.0,607100000.0,-594600000.0,-404100000.0,-58400000.0,-34700000.0,12500000.0,-45900000.0,-48700000.0,-33400000,-10300000.0,-43700000,10800000.0,-32900000,,-33900000,-33900000,1038000000.0,911300000.0,564200000.0,3185700000.0,482200000.0,,6554200000.0,7036400000.0,10222100000,1596600000.0,385000000.0,1981600000.0,4802500000.0,5574200000.0,7555800000,2407400000.0,-3560000000.0,4064800000.0,2666300000.0,10222100000,-32900000.0,67500000.0,73400001.0,-141400000.0,,,,,-33399999.0,-33200000.0,,0.0,-24300000.0,-93100000.0,-45300000.0,,-141000000.0,-199999999,2020-06-30,73.29000091552734,75.25,72.4000015258789,74.94999694824219,72.12564849853516,981400.0
