Report Date,Revenue,Cost of Revenue,Gross Profit,Operating Expenses,"Selling, General & Administrative",Research & Development,Depreciation & Amortization,Operating Income (Loss),Non-Operating Income (Loss),"Interest Expense, Net","Pretax Income (Loss), Adj.",Abnormal Gains (Losses),Pretax Income (Loss),"Income Tax (Expense) Benefit, Net",Income (Loss) from Continuing Operations,Net Extraordinary Gains (Losses),Net Income,Net Income (Common),"Cash, Cash Equivalents & Short Term Investments",Accounts & Notes Receivable,Inventories,Total Current Assets,"Property, Plant & Equipment, Net",Long Term Investments & Receivables,Other Long Term Assets,Total Noncurrent Assets,Total Assets,Payables & Accruals,Short Term Debt,Total Current Liabilities,Long Term Debt,Total Noncurrent Liabilities,Total Liabilities,Share Capital & Additional Paid-In Capital,Treasury Stock,Retained Earnings,Total Equity,Total Liabilities & Equity,Net Income/Starting Line,Depreciation & Amortization,Non-Cash Items,Change in Working Capital,Change in Accounts Receivable,Change in Inventories,Change in Accounts Payable,Change in Other,Net Cash from Operating Activities,Change in Fixed Assets & Intangibles,Net Change in Long Term Investment,Net Cash from Acquisitions & Divestitures,Net Cash from Investing Activities,Dividends Paid,Cash from (Repayment of) Debt,Cash from (Repurchase of) Equity,Net Cash from Financing Activities,Net Change in Cash,Price Date,Open,High,Low,Close,Adj Close,Volume
2010-09-30,8139000000.0,-6170000000.0,1969000000.0,-1129000000.0,-1129000000.0,,,840000000.0,-18000000.0,-96000000.0,822000000,,822000000,-245000000.0,577000000,19000000.0,598000000,598000000,2640000000.0,6916000000.0,4027000000.0,15163000000.0,4738000000.0,601000000.0,17617000000.0,22956000000.0,38119000000,10561000000.0,985000000.0,11546000000.0,6265000000.0,16107000000.0,27653000000,4887000000.0,-8405000000.0,18130000000.0,10466000000.0,38119000000,598000000.0,242000000.0,560000000.0,-75000000.0,-381000000.0,-225000000.0,232000000.0,299000000.0,1325000000.0,-160000000.0,-40000000.0,-322000000.0,-488000000.0,-240000000.0,-574000000.0,56000000.0,-757000000.0,189000000,2010-09-30,42.28193664550781,42.79675674438477,41.66224670410156,41.891056060791016,33.022953033447266,5700413.0
2010-12-31,8509000000.0,-6726000000.0,1783000000.0,-1268000000.0,-1268000000.0,,,515000000.0,-84000000.0,-92000000.0,431000000,,431000000,-105000000.0,326000000,43000000.0,369000000,369000000,2650000000.0,6841000000.0,3822000000.0,15486000000.0,4724000000.0,616000000.0,17008000000.0,22348000000.0,37834000000,10645000000.0,889000000.0,11724000000.0,5755000000.0,15323000000.0,27047000000,4935000000.0,-8299000000.0,15097000000.0,10787000000.0,37834000000,369000000.0,271000000.0,81000000.0,324000000.0,-119000000.0,56000000.0,263000000.0,124000000.0,1045000000.0,-294000000.0,0.0,22000000.0,-289000000.0,-240000000.0,-598000000.0,84000000.0,-746000000.0,10000000,2010-12-31,50.47138214111328,50.88133239746094,50.26164245605469,50.68112564086914,40.203697204589844,1706369.0
2011-03-31,8672000000.0,-6424000000.0,2248000000.0,-1232000000.0,-1232000000.0,,,1016000000.0,-70000000.0,-99000000.0,946000000,,946000000,-256000000.0,690000000,18000000.0,705000000,705000000,3076000000.0,7201000000.0,4290000000.0,16031000000.0,4832000000.0,476000000.0,17563000000.0,22871000000.0,38902000000,10895000000.0,875000000.0,11770000000.0,6763000000.0,15322000000.0,27092000000,4994000000.0,-8155000000.0,15538000000.0,11810000000.0,38902000000,705000000.0,242000000.0,-804000000.0,-586000000.0,-172000000.0,-330000000.0,-4000000.0,-80000000.0,-443000000.0,-123000000.0,-102000000.0,210000000.0,16000000.0,-264000000.0,936000000.0,101000000.0,786000000.0,426000000,2011-03-31,56.83035659790039,57.154502868652344,56.78268814086914,56.92569351196289,45.42096328735352,3372774.0
2011-06-30,9086000000.0,-6664000000.0,2422000000.0,-1248000000.0,-1248000000.0,,,1174000000.0,-74000000.0,-96000000.0,1100000000,,1100000000,-304000000.0,796000000,14000000.0,810000000,810000000,3548000000.0,7344000000.0,4197000000.0,17386000000.0,4718000000.0,516000000.0,17030000000.0,22264000000.0,39650000000,10997000000.0,932000000.0,12111000000.0,6790000000.0,15355000000.0,27466000000,5047000000.0,-8524000000.0,16085000000.0,12184000000.0,39650000000,810000000.0,236000000.0,87000000.0,5000000.0,-365000000.0,-59000000.0,264000000.0,165000000.0,1138000000.0,-163000000.0,49000000.0,-3000000.0,-90000000.0,-266000000.0,58000000.0,-405000000.0,-596000000.0,472000000,2011-06-30,56.0485954284668,57.154502868652344,56.01999282836914,56.8112907409668,45.58705139160156,4078167.0
2011-09-30,9298000000.0,-7033000000.0,2265000000.0,-1303000000.0,-1303000000.0,,,962000000.0,-69000000.0,-90000000.0,893000000,,893000000,-207000000.0,686000000,177000000.0,862000000,862000000,3885000000.0,7316000000.0,4369000000.0,17044000000.0,4725000000.0,465000000.0,17211000000.0,22401000000.0,39445000000,11584000000.0,1275000000.0,12859000000.0,6880000000.0,14819000000.0,27678000000,5071000000.0,-8973000000.0,16686000000.0,11767000000.0,39445000000,862000000.0,226000000.0,-575000000.0,148000000.0,104000000.0,-51000000.0,105000000.0,-10000000.0,661000000.0,-177000000.0,19000000.0,336000000.0,187000000.0,-266000000.0,353000000.0,-473000000.0,-385000000.0,337000000,2011-09-30,41.96732711791992,43.23530960083008,41.77665328979492,41.86245727539063,33.83644485473633,5752439.0
2011-12-31,9473000000.0,-8435000000.0,1038000000.0,-1616000000.0,-1616000000.0,,,-578000000.0,-79000000.0,-91000000.0,-657000000,,-657000000,350000000.0,-307000000,0.0,-310000000,-310000000,3698000000.0,7228000000.0,4264000000.0,16134000000.0,4804000000.0,494000000.0,18376000000.0,23674000000.0,39808000000,11601000000.0,674000000.0,12275000000.0,6881000000.0,16631000000.0,28906000000,5115000000.0,-8948000000.0,16083000000.0,10902000000.0,39808000000,-310000000.0,253000000.0,1229000000.0,305000000.0,117000000.0,130000000.0,162000000.0,-104000000.0,1477000000.0,-329000000.0,8000000.0,-360000000.0,-724000000.0,-295000000.0,-631000000.0,-4000000.0,-919000000.0,-187000000,2011-12-30,52.21604919433594,52.3399887084961,51.73936462402344,51.815635681152344,42.16849899291992,2197154.0
2012-03-31,9307000000.0,-6880000000.0,2427000000.0,-1231000000.0,-1231000000.0,,,1196000000.0,-74000000.0,-89000000.0,1122000000,,1122000000,-297000000.0,825000000,,823000000,823000000,3988000000.0,7268000000.0,4368000000.0,16553000000.0,4814000000.0,533000000.0,18470000000.0,23817000000.0,40370000000,11034000000.0,1632000000.0,12666000000.0,6269000000.0,15862000000.0,28528000000,5114000000.0,-8802000000.0,16613000000.0,11842000000.0,40370000000,823000000.0,230000000.0,-71000000.0,-786000000.0,-40000000.0,-108000000.0,-203000000.0,-435000000.0,196000000.0,-151000000.0,8000000.0,-1000000.0,-122000000.0,-291000000.0,358000000.0,90000000.0,169000000.0,290000000,2012-03-30,58.37481689453125,58.536888122558594,58.00300216674805,58.203208923339844,47.66557693481445,2816012.0
2012-06-30,9435000000.0,-6922000000.0,2513000000.0,-1226000000.0,-1226000000.0,,,1287000000.0,-64000000.0,-87000000.0,1223000000,,1223000000,-318000000.0,905000000,,902000000,902000000,4221000000.0,7250000000.0,4342000000.0,16644000000.0,4735000000.0,566000000.0,18229000000.0,23530000000.0,40174000000,11179000000.0,1633000000.0,12812000000.0,6342000000.0,15279000000.0,28091000000,5159000000.0,-8751000000.0,17222000000.0,12083000000.0,40174000000,902000000.0,225000000.0,-281000000.0,127000000.0,20000000.0,30000000.0,12000000.0,65000000.0,973000000.0,-200000000.0,-95000000.0,-45000000.0,-421000000.0,-291000000.0,44000000.0,26000000.0,-217000000.0,233000000,2012-06-29,51.84423446655274,53.25522232055664,51.50102233886719,53.23615264892578,43.88258361816406,5108932.0
2012-09-30,9342000000.0,-6808000000.0,2534000000.0,-1238000000.0,-1238000000.0,,,1296000000.0,-72000000.0,-88000000.0,1224000000,,1224000000,-278000000.0,946000000,,950000000,950000000,4760000000.0,7388000000.0,4314000000.0,17746000000.0,4830000000.0,600000000.0,17898000000.0,23328000000.0,41074000000,11115000000.0,1598000000.0,12713000000.0,6391000000.0,15142000000.0,27855000000,5200000000.0,-8651000000.0,17877000000.0,13219000000.0,41074000000,950000000.0,226000000.0,7000000.0,-184000000.0,-140000000.0,25000000.0,-29000000.0,-40000000.0,999000000.0,-233000000.0,-108000000.0,2000000.0,-322000000.0,-298000000.0,3000000.0,63000000.0,-220000000.0,539000000,2012-09-28,57.04963302612305,57.345176696777344,56.55387878417969,56.963829040527344,47.25676727294922,3199913.0
2012-12-31,9581000000.0,-7681000000.0,1900000000.0,-1523000000.0,-1523000000.0,,,377000000.0,-71000000.0,-87000000.0,306000000,,306000000,-51000000.0,255000000,,251000000,251000000,4634000000.0,7429000000.0,4235000000.0,17598000000.0,5001000000.0,623000000.0,18631000000.0,24255000000.0,41853000000,11944000000.0,1101000000.0,13045000000.0,6395000000.0,15593000000.0,28638000000,5316000000.0,-8801000000.0,17799000000.0,13215000000.0,41853000000,251000000.0,245000000.0,468000000.0,385000000.0,41000000.0,78000000.0,207000000.0,59000000.0,1349000000.0,-295000000.0,52000000.0,-373000000.0,-563000000.0,-331000000.0,-481000000.0,-154000000.0,-938000000.0,-126000000,2012-12-31,59.79533767700195,60.56756591796875,59.30911636352539,60.5103645324707,50.54826736450195,4185470.0
2013-03-31,9328000000.0,-6783000000.0,2545000000.0,-1229000000.0,-1229000000.0,,,1316000000.0,-56000000.0,-84000000.0,1260000000,,1260000000,-291000000.0,969000000,,966000000,966000000,4539000000.0,7585000000.0,4297000000.0,17681000000.0,4948000000.0,738000000.0,18433000000.0,24119000000.0,41800000000,11199000000.0,1912000000.0,13111000000.0,5787000000.0,15004000000.0,28115000000,5404000000.0,-8748000000.0,18442000000.0,13685000000.0,41800000000,966000000.0,248000000.0,-116000000.0,-757000000.0,-142000000.0,-51000000.0,-295000000.0,-269000000.0,341000000.0,-148000000.0,-8000000.0,-122000000.0,-311000000.0,-322000000.0,215000000.0,25000000.0,-58000000.0,-95000000,2013-03-28,71.64572143554688,72.00800323486328,71.50271606445312,71.83639526367188,60.36140823364258,3661225.0
2013-06-30,9693000000.0,-7027000000.0,2666000000.0,-1281000000.0,-1281000000.0,,,1385000000.0,-56000000.0,-80000000.0,1329000000,,1329000000,-307000000.0,1022000000,,1021000000,1021000000,4549000000.0,7655000000.0,4295000000.0,17849000000.0,4997000000.0,756000000.0,18564000000.0,24317000000.0,42166000000,11557000000.0,1923000000.0,13480000000.0,5779000000.0,14674000000.0,28154000000,5471000000.0,-9062000000.0,19135000000.0,14012000000.0,42166000000,1021000000.0,247000000.0,-78000000.0,66000000.0,-53000000.0,15000000.0,265000000.0,-161000000.0,1256000000.0,-190000000.0,-76000000.0,-338000000.0,-552000000.0,-343000000.0,18000000.0,-324000000.0,-592000000.0,10000000,2013-06-28,76.26956176757812,76.46023559570312,75.60220336914062,75.64033508300781,63.88558578491211,3645281.0
2013-09-30,9647000000.0,-6942000000.0,2705000000.0,-1242000000.0,-1242000000.0,,,1463000000.0,-79000000.0,-80000000.0,1384000000,,1384000000,-377000000.0,1007000000,,990000000,990000000,5499000000.0,7950000000.0,4455000000.0,19304000000.0,5107000000.0,830000000.0,19165000000.0,25102000000.0,44406000000,11844000000.0,2819000000.0,14663000000.0,5789000000.0,14509000000.0,29172000000,5540000000.0,-9166000000.0,19796000000.0,15234000000.0,44406000000,990000000.0,245000000.0,102000000.0,-267000000.0,-187000000.0,-58000000.0,-2000000.0,-20000000.0,1070000000.0,-202000000.0,29000000.0,-603000000.0,-691000000.0,-330000000.0,907000000.0,-108000000.0,517000000.0,950000000,2013-09-30,78.93899536132812,79.53961944580078,78.52904510498047,79.16780853271484,67.20085144042969,2611265.0
2013-12-31,10387000000.0,-7612000000.0,2775000000.0,-1438000000.0,-1438000000.0,,,1337000000.0,102000000.0,-83000000.0,1439000000,,1439000000,-475000000.0,964000000,,947000000,947000000,6422000000.0,7929000000.0,4293000000.0,21164000000.0,5278000000.0,393000000.0,18600000000.0,24271000000.0,45435000000,12153000000.0,2028000000.0,14181000000.0,6801000000.0,13508000000.0,27689000000,5640000000.0,-9374000000.0,20383000000.0,17746000000.0,45435000000,947000000.0,249000000.0,108000000.0,364000000.0,17000000.0,135000000.0,384000000.0,-172000000.0,1668000000.0,-392000000.0,-43000000.0,-67000000.0,-405000000.0,-358000000.0,246000000.0,-219000000.0,-300000000.0,923000000,2013-12-31,86.6326904296875,87.29051208496094,86.49921417236328,87.109375,74.319091796875,1527739.0
2014-03-31,9679000000.0,-6967000000.0,2712000000.0,-1339000000.0,-1339000000.0,,,1373000000.0,38000000.0,-79000000.0,1411000000,,1411000000,-375000000.0,1036000000,,1017000000,1017000000,6672000000.0,8081000000.0,4407000000.0,21531000000.0,5284000000.0,465000000.0,18497000000.0,24246000000.0,45777000000,11801000000.0,2552000000.0,14353000000.0,6804000000.0,13205000000.0,27558000000,5730000000.0,-9590000000.0,21039000000.0,18219000000.0,45777000000,1017000000.0,238000000.0,-101000000.0,-466000000.0,-154000000.0,-115000000.0,-41000000.0,-156000000.0,688000000.0,-185000000.0,-221000000.0,0.0,-345000000.0,-363000000.0,513000000.0,-228000000.0,-48000000.0,250000000,2014-03-31,87.38584899902344,88.58709716796875,87.15704345703125,88.43455505371094,75.81356811523438,3493294.0
2014-06-30,10253000000.0,-7296000000.0,2957000000.0,-1375000000.0,-1375000000.0,,,1582000000.0,-59000000.0,-80000000.0,1523000000,,1523000000,-397000000.0,1126000000,,1099000000,1099000000,6582000000.0,8350000000.0,4511000000.0,22453000000.0,5316000000.0,488000000.0,18339000000.0,24143000000.0,46596000000,11919000000.0,2405000000.0,14324000000.0,6839000000.0,13266000000.0,27590000000,5826000000.0,-9740000000.0,21773000000.0,19006000000.0,46596000000,1099000000.0,233000000.0,206000000.0,-197000000.0,-271000000.0,-107000000.0,141000000.0,40000000.0,1341000000.0,-225000000.0,-560000000.0,-1000000.0,-860000000.0,-373000000.0,-130000000.0,-162000000.0,-646000000.0,-90000000,2014-06-30,88.83496856689453,88.87310791015625,88.28202056884766,88.6156997680664,76.34272003173828,2469347.0
2014-09-30,10108000000.0,-7128000000.0,2980000000.0,-1344000000.0,-1344000000.0,,,1636000000.0,-56000000.0,-77000000.0,1580000000,,1580000000,-388000000.0,1192000000,,1167000000,1167000000,6428000000.0,8315000000.0,4485000000.0,22358000000.0,5189000000.0,447000000.0,18187000000.0,23823000000.0,46181000000,11818000000.0,2129000000.0,13947000000.0,6760000000.0,12967000000.0,26914000000,5895000000.0,-9815000000.0,22576000000.0,19267000000.0,46181000000,1167000000.0,227000000.0,-200000000.0,39000000.0,-104000000.0,-57000000.0,54000000.0,146000000.0,1233000000.0,-258000000.0,-234000000.0,154000000.0,-434000000.0,-365000000.0,-366000000.0,-93000000.0,-809000000.0,-154000000,2014-09-30,89.07331848144531,89.34979248046875,88.3487548828125,88.77777099609375,76.84537506103516,2688045.0
2014-12-31,10266000000.0,-7566000000.0,2700000000.0,-1460000000.0,-1460000000.0,,,1240000000.0,64000000.0,-82000000.0,1304000000,,1304000000,-329000000.0,975000000,,956000000,956000000,6959000000.0,7960000000.0,4405000000.0,22191000000.0,5383000000.0,465000000.0,17412000000.0,23260000000.0,45451000000,12136000000.0,2637000000.0,14773000000.0,6046000000.0,12675000000.0,27448000000,5996000000.0,-9995000000.0,23115000000.0,18003000000.0,45451000000,956000000.0,226000000.0,-224000000.0,860000000.0,357000000.0,79000000.0,153000000.0,271000000.0,1818000000.0,-408000000.0,229000000.0,3000000.0,-237000000.0,-409000000.0,-220000000.0,-176000000.0,-825000000.0,531000000,2014-12-31,96.26171875,96.6240005493164,95.2130126953125,95.26068115234376,82.90180206298828,1828357.0
2015-03-31,9213000000.0,-6362000000.0,2851000000.0,-1230000000.0,-1230000000.0,,,1621000000.0,-57000000.0,-77000000.0,1564000000,,1564000000,-418000000.0,1146000000,,1116000000,1116000000,6575000000.0,8158000000.0,4507000000.0,22272000000.0,5300000000.0,464000000.0,17321000000.0,23085000000.0,45357000000,11386000000.0,4046000000.0,15432000000.0,5661000000.0,12006000000.0,27438000000,6111000000.0,-10281000000.0,23811000000.0,17919000000.0,45357000000,1116000000.0,216000000.0,-73000000.0,-838000000.0,-170000000.0,-86000000.0,-112000000.0,-470000000.0,421000000.0,-164000000.0,-395000000.0,-183000000.0,-920000000.0,-415000000.0,1020000000.0,-285000000.0,367000000.0,-384000000,2015-03-31,99.3887710571289,99.93219757080078,98.95022583007812,99.44597625732422,86.97572326660156,2885555.0
2015-06-30,9775000000.0,-6814000000.0,2961000000.0,-1242000000.0,-1242000000.0,,,1719000000.0,-57000000.0,-77000000.0,1662000000,,1662000000,-440000000.0,1222000000,,1194000000,1194000000,5954000000.0,8237000000.0,4447000000.0,23180000000.0,5381000000.0,491000000.0,17360000000.0,23232000000.0,46412000000,11417000000.0,4157000000.0,15574000000.0,5562000000.0,11982000000.0,27556000000,6192000000.0,-10351000000.0,24585000000.0,18856000000.0,46412000000,1194000000.0,226000000.0,151000000.0,-163000000.0,-80000000.0,61000000.0,88000000.0,-232000000.0,1408000000.0,-241000000.0,-1412000000.0,0.0,-1625000000.0,-436000000.0,66000000.0,-76000000.0,-437000000.0,-621000000,2015-06-30,97.8824462890625,98.31146240234376,96.833740234375,97.215087890625,85.43907165527344,2302885.0
2015-09-30,9611000000.0,-6654000000.0,2957000000.0,-1202000000.0,-1202000000.0,,,1755000000.0,-48000000.0,-72000000.0,1707000000,,1707000000,-431000000.0,1276000000,,1264000000,1264000000,6563000000.0,7936000000.0,4441000000.0,23479000000.0,5451000000.0,471000000.0,17224000000.0,23146000000.0,46625000000,11399000000.0,4968000000.0,16367000000.0,5599000000.0,12091000000.0,28458000000,6250000000.0,-11550000000.0,25433000000.0,18167000000.0,46625000000,1264000000.0,219000000.0,130000000.0,114000000.0,302000000.0,5000000.0,11000000.0,-204000000.0,1727000000.0,-277000000.0,156000000.0,1000000.0,-39000000.0,-410000000.0,825000000.0,-1210000000.0,-843000000.0,609000000,2015-09-30,89.2830581665039,90.41756439208984,89.12097930908203,90.2745590209961,79.72787475585938,4613321.0
2015-12-31,9982000000.0,-6917000000.0,3065000000.0,-1332000000.0,-1332000000.0,,,1733000000.0,-80000000.0,-84000000.0,1653000000,,1653000000,-450000000.0,1203000000,,1194000000,1194000000,5455000000.0,8075000000.0,4420000000.0,20053000000.0,5789000000.0,517000000.0,22957000000.0,29263000000.0,49316000000,11857000000.0,6514000000.0,18371000000.0,5554000000.0,12237000000.0,30608000000,6335000000.0,-11664000000.0,26147000000.0,18708000000.0,49316000000,1194000000.0,222000000.0,-177000000.0,724000000.0,149000000.0,250000000.0,-4000000.0,329000000.0,1963000000.0,-376000000.0,1524000000.0,-5045000000.0,-3930000000.0,-465000000.0,1534000000.0,-127000000.0,950000000.0,-1108000000,2015-12-31,99.2171630859375,99.70338439941406,98.65467834472656,98.740478515625,87.71163940429688,2181106.0
2016-03-31,9522000000.0,-6547000000.0,2975000000.0,-1280000000.0,-1280000000.0,,,1695000000.0,-67000000.0,-85000000.0,1628000000,,1628000000,-402000000.0,1226000000,,1216000000,1216000000,4473000000.0,8397000000.0,4743000000.0,19532000000.0,6027000000.0,592000000.0,24214000000.0,30833000000.0,50365000000,11402000000.0,4257000000.0,15659000000.0,9700000000.0,16331000000.0,31990000000,6497000000.0,-12719000000.0,26874000000.0,18375000000.0,50365000000,1216000000.0,253000000.0,-17000000.0,-1133000000.0,-208000000.0,-241000000.0,-113000000.0,-571000000.0,319000000.0,-193000000.0,44000000.0,-1056000000.0,-1196000000.0,-499000000.0,1579000000.0,-1051000000.0,-223000000.0,-982000000,2016-03-31,106.88225555419922,107.27313995361328,105.95748901367188,106.82505798339844,95.43309783935548,2621124.0
2016-06-30,9991000000.0,-6821000000.0,3170000000.0,-1329000000.0,-1329000000.0,,,1841000000.0,-86000000.0,-85000000.0,1755000000,,1755000000,-428000000.0,1327000000,,1319000000,1319000000,5045000000.0,8730000000.0,4678000000.0,20380000000.0,6086000000.0,561000000.0,24154000000.0,30801000000.0,51181000000,11505000000.0,4406000000.0,15911000000.0,9607000000.0,16325000000.0,32236000000,6639000000.0,-13071000000.0,27702000000.0,18945000000.0,51181000000,1319000000.0,260000000.0,-130000000.0,134000000.0,-149000000.0,29000000.0,113000000.0,141000000.0,1583000000.0,-281000000.0,-80000000.0,-28000000.0,-346000000.0,-458000000.0,200000000.0,-339000000.0,-598000000.0,572000000,2016-06-30,109.6374969482422,110.91500854492188,109.26567840576172,110.89594268798828,99.58583068847656,3542803.0
2016-09-30,9804000000.0,-6903000000.0,2901000000.0,-1367000000.0,-1367000000.0,,,1534000000.0,98000000.0,-82000000.0,1632000000,,1632000000,-384000000.0,1248000000,,1240000000,1240000000,6431000000.0,8627000000.0,4587000000.0,21834000000.0,5725000000.0,639000000.0,25358000000.0,31722000000.0,53556000000,11963000000.0,6250000000.0,18213000000.0,9608000000.0,15969000000.0,34182000000,6665000000.0,-13182000000.0,28190000000.0,19374000000.0,53556000000,1240000000.0,260000000.0,-205000000.0,259000000.0,-135000000.0,-21000000.0,-18000000.0,433000000.0,1554000000.0,-271000000.0,-389000000.0,-1180000000.0,-1734000000.0,-453000000.0,1828000000.0,-90000000.0,1529000000.0,1386000000,2016-09-30,111.20101928710938,111.5442352294922,110.63853454589844,111.15335083007812,100.33060455322266,4025407.0
2016-12-31,9985000000.0,-6879000000.0,3106000000.0,-1493000000.0,-1493000000.0,,,1613000000.0,-181000000.0,-86000000.0,1432000000,,1432000000,-387000000.0,1045000000,,1034000000,1034000000,9363000000.0,8177000000.0,4366000000.0,23058000000.0,5793000000.0,587000000.0,24708000000.0,31088000000.0,54146000000,12738000000.0,3593000000.0,16331000000.0,12182000000.0,18265000000.0,34596000000,6739000000.0,-13366000000.0,28710000000.0,19550000000.0,54146000000,1034000000.0,257000000.0,195000000.0,556000000.0,-55000000.0,215000000.0,272000000.0,124000000.0,2042000000.0,-329000000.0,152000000.0,-13000000.0,-66000000.0,-505000000.0,335000000.0,-190000000.0,-362000000.0,1412000000,2016-12-30,111.37181091308594,111.37181091308594,110.6242218017578,111.0363540649414,100.81764221191406,2384477.0
2017-03-31,9492000000.0,-6529000000.0,2963000000.0,-1422000000.0,-1422000000.0,,,1541000000.0,183000000.0,-75000000.0,1724000000,,1724000000,-392000000.0,1332000000,,1326000000,1326000000,9595000000.0,8155000000.0,4652000000.0,23580000000.0,5816000000.0,533000000.0,24850000000.0,31199000000.0,54779000000,12595000000.0,4686000000.0,17281000000.0,11181000000.0,17020000000.0,34301000000,6885000000.0,-13526000000.0,29526000000.0,20478000000.0,54779000000,1326000000.0,271000000.0,-193000000.0,-464000000.0,23000000.0,-286000000.0,115000000.0,-316000000.0,940000000.0,-144000000.0,-431000000.0,,-604000000.0,-503000000.0,7000000.0,-89000000.0,-618000000.0,-133000000,2017-03-31,119.91159057617188,120.33331298828124,119.51863098144531,119.68156433105469,109.24980926513672,2783454.0
2017-06-30,10078000000.0,-7024000000.0,3054000000.0,-1456000000.0,-1456000000.0,,,1598000000.0,180000000.0,-79000000.0,1778000000,,1778000000,-378000000.0,1400000000,,1392000000,1392000000,9821000000.0,8442000000.0,4651000000.0,24064000000.0,5718000000.0,570000000.0,25316000000.0,31604000000.0,55668000000,12800000000.0,5181000000.0,17981000000.0,11329000000.0,17134000000.0,35115000000,6991000000.0,-14135000000.0,30406000000.0,20553000000.0,55668000000,1392000000.0,276000000.0,-144000000.0,-77000000.0,-299000000.0,-12000000.0,199000000.0,35000000.0,1447000000.0,-232000000.0,-57000000.0,-15000000.0,-388000000.0,-546000000.0,180000000.0,-527000000.0,-965000000.0,167000000,2017-06-30,127.87630462646484,128.30760192871094,127.1766357421875,127.751708984375,117.20697021484376,1844646.0
2017-09-30,10121000000.0,-7054000000.0,3067000000.0,-1524000000.0,-1524000000.0,,,1543000000.0,235000000.0,-81000000.0,1778000000,,1778000000,-416000000.0,1362000000,,1345000000,1345000000,10170000000.0,8587000000.0,4751000000.0,24644000000.0,5757000000.0,643000000.0,25724000000.0,32124000000.0,56768000000,12895000000.0,5330000000.0,18225000000.0,11453000000.0,17312000000.0,35537000000,7073000000.0,-14406000000.0,31247000000.0,21231000000.0,56768000000,1346000000.0,285000000.0,-86000000.0,-138000000.0,-132000000.0,-102000000.0,90000000.0,6000000.0,1407000000.0,-191000000.0,-868000000.0,-57000000.0,-1199000000.0,-505000000.0,-17000000.0,-256000000.0,-804000000.0,-488000000,2017-09-29,133.96246337890622,135.87936401367188,133.4161376953125,135.85060119628906,125.24343872070312,3832858.0
2017-12-31,10843000000.0,-7537000000.0,3306000000.0,-1685000000.0,-1685000000.0,,,1621000000.0,49000000.0,-81000000.0,1670000000,,1670000000,-4176000000.0,-2506000000,,-2518000000,-2518000000,10817000000.0,8866000000.0,4613000000.0,26002000000.0,5926000000.0,667000000.0,26875000000.0,33468000000.0,59470000000,13552000000.0,5309000000.0,18861000000.0,12573000000.0,23939000000.0,42800000000,7170000000.0,-15914000000.0,27481000000.0,16670000000.0,59470000000,-2519000000.0,283000000.0,4292000000.0,116000000.0,-274000000.0,141000000.0,520000000.0,-271000000.0,2172000000.0,-378000000.0,-973000000.0,-10000000.0,-1383000000.0,-565000000.0,945000000.0,-1497000000.0,-1129000000.0,-330000000,2017-12-29,147.95582580566406,148.29127502441406,146.98779296875,146.98779296875,136.20429992675778,1741667.0
2018-03-31,10392000000.0,-7193000000.0,3199000000.0,-1475000000.0,-1475000000.0,,,1724000000.0,185000000.0,-83000000.0,1909000000,,1909000000,-458000000.0,1451000000,,1438000000,1438000000,10280000000.0,8778000000.0,4766000000.0,25587000000.0,6083000000.0,737000000.0,28541000000.0,35361000000.0,60948000000,13206000000.0,5549000000.0,18755000000.0,12738000000.0,24414000000.0,43169000000,7208000000.0,-16834000000.0,29395000000.0,17779000000.0,60948000000,1438000000.0,288000000.0,-138000000.0,-452000000.0,-61000000.0,-163000000.0,57000000.0,-285000000.0,1136000000.0,-138000000.0,1255000000.0,,994000000.0,-556000000.0,104000000.0,-880000000.0,-1448000000.0,838000000,2018-03-29,138.02629089355472,139.79942321777344,137.62373352050778,138.50550842285156,128.96798706054688,2684753.0
2018-06-30,10919000000.0,-7613000000.0,3306000000.0,-1528000000.0,-1528000000.0,,,1778000000.0,221000000.0,-95000000.0,1999000000,,1999000000,-719000000.0,1280000000,,1267000000,1267000000,9850000000.0,8600000000.0,4792000000.0,24779000000.0,5968000000.0,897000000.0,28216000000.0,35081000000.0,59860000000,13438000000.0,4580000000.0,18018000000.0,12504000000.0,24064000000.0,42082000000,7275000000.0,-17557000000.0,30104000000.0,17778000000.0,59860000000,1267000000.0,288000000.0,-4000000.0,310000000.0,158000000.0,-26000000.0,167000000.0,11000000.0,1861000000.0,-198000000.0,466000000.0,0.0,611000000.0,-560000000.0,-779000000.0,-697000000.0,-2038000000.0,185000000,2018-06-29,137.38412475585938,139.60772705078122,137.2403564453125,138.06462097167972,129.20988464355472,2951225.0
2018-09-30,10762000000.0,-7556000000.0,3206000000.0,-1524000000.0,-1524000000.0,,,1682000000.0,176000000.0,-99000000.0,1858000000,,1858000000,498000000.0,2356000000,,2338000000,2338000000,11653000000.0,8568000000.0,5061000000.0,26628000000.0,5966000000.0,754000000.0,28579000000.0,35299000000.0,61927000000,13708000000.0,4192000000.0,17900000000.0,14059000000.0,25604000000.0,43504000000,7356000000.0,-18102000000.0,31110000000.0,18423000000.0,61927000000,2339000000.0,286000000.0,-971000000.0,224000000.0,34000000.0,-270000000.0,242000000.0,218000000.0,1878000000.0,-182000000.0,31000000.0,-51000000.0,-172000000.0,-553000000.0,-455000000.0,-489000000.0,84000000.0,1721000000,2018-09-28,158.5083465576172,159.77349853515625,158.30706787109375,159.4859619140625,149.98683166503906,2289636.0
2018-12-31,9729000000.0,-6684000000.0,3045000000.0,-1524000000.0,-1524000000.0,,,1521000000.0,200000000.0,-90000000.0,1721000000,,1721000000,20000000.0,1741000000,,1722000000,1722000000,10910000000.0,7508000000.0,4326000000.0,24362000000.0,5296000000.0,742000000.0,27373000000.0,33411000000.0,57773000000,12466000000.0,6458000000.0,18924000000.0,9756000000.0,20484000000.0,39408000000,7410000000.0,-19771000000.0,33978000000.0,18365000000.0,57773000000,1721000000.0,254000000.0,-620000000.0,204000000.0,-367000000.0,-44000000.0,267000000.0,348000000.0,1559000000.0,-295000000.0,221000000.0,-484000000.0,-406000000.0,-603000000.0,-377000000.0,-1667000000.0,-1630000000.0,-516000000,2018-12-31,131.55999755859378,132.16000366210938,130.47000122070312,132.1199951171875,124.94525909423828,2199900.0
2019-03-31,8884000000.0,-5879000000.0,3005000000.0,-1363000000.0,-1363000000.0,,,1642000000.0,200000000.0,-85000000.0,1842000000,,1842000000,-406000000.0,1436000000,,1416000000,1416000000,10684000000.0,7307000000.0,4548000000.0,24334000000.0,5276000000.0,747000000.0,28203000000.0,34226000000.0,58560000000,12079000000.0,7514000000.0,19593000000.0,8598000000.0,20004000000.0,39597000000,7610000000.0,-20392000000.0,34794000000.0,18963000000.0,58560000000,1416000000.0,261000000.0,-26000000.0,-517000000.0,198000000.0,-221000000.0,-29000000.0,-465000000.0,1134000000.0,-139000000.0,-430000000.0,,-609000000.0,-606000000.0,6000000.0,-605000000.0,-1235000000.0,-662000000,2019-03-29,159.19000244140625,159.49000549316406,157.97999572753906,158.9199981689453,151.09140014648438,2704700.0
2019-06-30,9243000000.0,-6094000000.0,3149000000.0,-1387000000.0,-1387000000.0,,,1762000000.0,220000000.0,-85000000.0,1982000000,,1982000000,-426000000.0,1556000000,,1541000000,1541000000,9943000000.0,7407000000.0,4600000000.0,23768000000.0,5260000000.0,747000000.0,27975000000.0,33982000000.0,57750000000,12319000000.0,7575000000.0,19894000000.0,8608000000.0,19789000000.0,39683000000,7738000000.0,-22156000000.0,35741000000.0,18067000000.0,57750000000,1541000000.0,295000000.0,-92000000.0,-66000000.0,-100000000.0,-52000000.0,21000000.0,65000000.0,1678000000.0,-163000000.0,319000000.0,,266000000.0,-597000000.0,-62000000.0,-1667000000.0,-2328000000.0,-400000000,2019-06-28,174.19000244140625,175.3800048828125,174.0,174.58999633789062,166.7973175048828,3551300.0
2019-09-30,9086000000.0,-6038000000.0,3048000000.0,-1296000000.0,-1296000000.0,,,1752000000.0,215000000.0,-96000000.0,1967000000,,1967000000,-319000000.0,1648000000,,1624000000,1624000000,12364000000.0,7583000000.0,4601000000.0,26188000000.0,5240000000.0,631000000.0,28045000000.0,33916000000.0,60104000000,12405000000.0,7510000000.0,19915000000.0,11101000000.0,21876000000.0,41791000000,7764000000.0,-23135000000.0,36775000000.0,18313000000.0,60104000000,1624000000.0,263000000.0,-355000000.0,-61000000.0,-176000000.0,-3000000.0,-81000000.0,199000000.0,1471000000.0,-161000000.0,211000000.0,,221000000.0,-595000000.0,2660000000.0,-953000000.0,1072000000.0,2683000000,2019-09-30,168.8300018310547,169.5399932861328,168.05999755859375,169.1999969482422,162.45997619628906,2079500.0
2019-12-31,9496000000.0,-6328000000.0,3168000000.0,-1473000000.0,-1473000000.0,,,1695000000.0,73000000.0,-91000000.0,1768000000,,1768000000,-178000000.0,1590000000,,1562000000,1562000000,10416000000.0,7493000000.0,4421000000.0,24303000000.0,5325000000.0,588000000.0,28463000000.0,34376000000.0,58679000000,13206000000.0,4892000000.0,18098000000.0,11110000000.0,21868000000.0,39966000000,7834000000.0,-23836000000.0,37693000000.0,18713000000.0,58679000000,1562000000.0,269000000.0,95000000.0,688000000.0,89000000.0,176000000.0,207000000.0,216000000.0,2614000000.0,-333000000.0,111000000.0,-50000000.0,-411000000.0,-644000000.0,-2781000000.0,-677000000.0,-4109000000.0,-1841000000,2019-12-31,176.4600067138672,177.0800018310547,175.4600067138672,177.0,170.79409790039062,1728900.0
2020-03-31,8463000000.0,-5534000000.0,2929000000.0,-1238000000.0,-1238000000.0,,,1691000000.0,244000000.0,-73000000.0,1935000000,,1935000000,-329000000.0,1606000000,,1581000000,1581000000,8791000000.0,7452000000.0,4584000000.0,22613000000.0,5214000000.0,613000000.0,28981000000.0,34808000000.0,57421000000,12807000000.0,4570000000.0,17377000000.0,11542000000.0,22173000000.0,39550000000,8005000000.0,-25643000000.0,38635000000.0,17872000000.0,57422000000,1581000000.0,243000000.0,-468000000.0,-417000000.0,41000000.0,-163000000.0,-54000000.0,-241000000.0,939000000.0,-132000000.0,195000000.0,,350000000.0,-635000000.0,84000000.0,-1857000000.0,-2446000000.0,-1346000000,2020-03-31,131.83999633789062,136.11000061035156,130.0,133.78999328613278,129.79786682128906,5296000.0
2020-06-30,7477000000.0,-5276000000.0,2201000000.0,-1183000000.0,-1183000000.0,,,1018000000.0,201000000.0,-90000000.0,1219000000,,1219000000,-120000000.0,1099000000,,1081000000,1081000000,15127000000.0,6717000000.0,4753000000.0,28321000000.0,5327000000.0,626000000.0,29330000000.0,35283000000.0,63604000000,12843000000.0,4498000000.0,17341000000.0,17591000000.0,27890000000.0,45231000000,8062000000.0,-25685000000.0,39080000000.0,18373000000.0,63604000000,1081000000.0,250000000.0,-429000000.0,578000000.0,735000000.0,-168000000.0,-310000000.0,321000000.0,1480000000.0,-227000000.0,-277000000.0,,-708000000.0,-650000000.0,5870000000.0,-31000000.0,5187000000.0,6057000000,2020-06-30,142.25999450683594,145.52000427246094,142.02000427246094,144.58999633789062,141.30982971191406,3688000.0
