Report Date,Revenue,Cost of Revenue,Gross Profit,Operating Expenses,"Selling, General & Administrative",Research & Development,Depreciation & Amortization,Operating Income (Loss),Non-Operating Income (Loss),"Interest Expense, Net","Pretax Income (Loss), Adj.",Abnormal Gains (Losses),Pretax Income (Loss),"Income Tax (Expense) Benefit, Net",Income (Loss) from Continuing Operations,Net Extraordinary Gains (Losses),Net Income,Net Income (Common),"Cash, Cash Equivalents & Short Term Investments",Accounts & Notes Receivable,Inventories,Total Current Assets,"Property, Plant & Equipment, Net",Long Term Investments & Receivables,Other Long Term Assets,Total Noncurrent Assets,Total Assets,Payables & Accruals,Short Term Debt,Total Current Liabilities,Long Term Debt,Total Noncurrent Liabilities,Total Liabilities,Share Capital & Additional Paid-In Capital,Treasury Stock,Retained Earnings,Total Equity,Total Liabilities & Equity,Net Income/Starting Line,Depreciation & Amortization,Non-Cash Items,Change in Working Capital,Change in Accounts Receivable,Change in Inventories,Change in Accounts Payable,Change in Other,Net Cash from Operating Activities,Change in Fixed Assets & Intangibles,Net Change in Long Term Investment,Net Cash from Acquisitions & Divestitures,Net Cash from Investing Activities,Dividends Paid,Cash from (Repayment of) Debt,Cash from (Repurchase of) Equity,Net Cash from Financing Activities,Net Change in Cash,Price Date,Open,High,Low,Close,Adj Close,Volume
2015-10-31,-7582000000.0,6692000000.0,-890000000.0,1258000000.0,845000000.0,10000000.0,403000000.0,368000000.0,33000000.0,35000000.0,401000000,174000000.0,575000000,989000000.0,1564000000,-179000000.0,1385000000,1385000000,9842000000.0,8538000000.0,2198000000.0,29964000000.0,9886000000.0,0.0,40066000000.0,49952000000.0,79916000000,6304000000.0,691000000.0,21993000000.0,15103000000.0,62555000000.0,84548000000,0.0,,0.0,-4632000000.0,79916000000,1385000000.0,988000000.0,-711000000.0,-1820000000.0,-582000000.0,40000000.0,861000000.0,-2139000000.0,-158000000.0,-625000000.0,-14000000.0,60000000.0,-579000000.0,10000000.0,-102000000.0,0.0,7805000000.0,7068000000,2015-10-30,9.241191864013672,9.357434272766113,8.555368423461914,8.555368423461914,7.381052494049072,4214161.0
2016-01-31,12724000000.0,-9112000000.0,3612000000.0,-2801000000.0,-1998000000.0,-585000000.0,-218000000.0,811000000.0,-80000000.0,-80000000.0,731000000,-412000000.0,319000000,-52000000.0,267000000,,267000000,267000000,8505000000.0,7898000000.0,2345000000.0,27756000000.0,9700000000.0,,39896000000.0,49596000000.0,77352000000,5305000000.0,910000000.0,20351000000.0,15229000000.0,25367000000.0,45718000000,36255000000.0,,86000000.0,31634000000.0,77352000000,267000000.0,989000000.0,802000000.0,-2133000000.0,612000000.0,-182000000.0,-788000000.0,-1775000000.0,-75000000.0,-756000000.0,-1000000.0,65000000.0,-692000000.0,-96000000.0,193000000.0,-1193000000.0,-570000000.0,-1337000000,2016-01-29,7.793986797332764,8.067153930664062,7.759113788604736,7.997408866882324,6.924703121185303,19548799.0
2016-04-30,8509000000.0,-5467000000.0,3042000000.0,-2370000000.0,-1648000000.0,-621000000.0,-101000000.0,672000000.0,-52000000.0,-52000000.0,620000000,-290000000.0,330000000,-8000000.0,322000000,-2000000.0,320000000,320000000,9010000000.0,7707000000.0,2099000000.0,31147000000.0,9674000000.0,,37243000000.0,46917000000.0,78064000000,5751000000.0,965000000.0,20597000000.0,15247000000.0,25443000000.0,46040000000,36500000000.0,,301000000.0,32024000000.0,78064000000,320000000.0,960000000.0,126000000.0,-299000000.0,-246000000.0,-4000000.0,376000000.0,-425000000.0,1107000000.0,-596000000.0,-70000000.0,237000000.0,-429000000.0,-94000000.0,-13000000.0,-1000000.0,-136000000.0,542000000,2016-04-29,9.816587448120117,9.828210830688477,9.595728874206543,9.682909965515137,8.414097785949707,12195481.0
2016-07-31,8005000000.0,-5089000000.0,2916000000.0,-2237000000.0,-1575000000.0,-551000000.0,-111000000.0,679000000.0,-141000000.0,-69000000.0,538000000,2026000000.0,2564000000,-107000000.0,2457000000,-185000000.0,2272000000,2272000000,10743000000.0,6951000000.0,1848000000.0,28470000000.0,9579000000.0,2675000000.0,38097000000.0,50351000000.0,78821000000,5396000000.0,911000000.0,19484000000.0,15354000000.0,26511000000.0,45995000000,35117000000.0,,2486000000.0,32826000000.0,78821000000,2272000000.0,954000000.0,-2493000000.0,981000000.0,622000000.0,189000000.0,-271000000.0,441000000.0,1714000000.0,-743000000.0,30000000.0,2464000000.0,1751000000.0,-91000000.0,-17000000.0,-1389000000.0,-1492000000.0,1973000000,2016-07-29,11.810128211975098,12.728434562683105,11.682262420654295,12.216973304748535,10.64802074432373,54130278.0
2016-10-31,1042000000.0,-839000000.0,203000000.0,42000000.0,-159000000.0,43000000.0,158000000.0,245000000.0,-87000000.0,-83000000.0,158000000,489000000.0,647000000,-456000000.0,191000000,111000000.0,302000000,302000000,12987000000.0,3151000000.0,1720000000.0,28917000000.0,6375000000.0,2648000000.0,41689000000.0,50712000000.0,79629000000,5106000000.0,3525000000.0,22529000000.0,12168000000.0,25582000000.0,48111000000,35265000000.0,,2782000000.0,31518000000.0,79629000000,302000000.0,872000000.0,77000000.0,961000000.0,3000000.0,31000000.0,749000000.0,178000000.0,2212000000.0,-735000000.0,-30000000.0,554000000.0,-211000000.0,281000000.0,7000000.0,40000000.0,-34000000.0,1967000000,2016-10-31,12.931857109069824,13.088783264160154,12.914421081542967,13.059722900390625,11.410210609436035,14006884.0
2017-01-31,6902000000.0,-4689000000.0,2213000000.0,-1626000000.0,-1204000000.0,-356000000.0,-66000000.0,587000000.0,-100000000.0,-78000000.0,487000000,-152000000.0,335000000,-84000000.0,251000000,16000000.0,267000000,267000000,9858000000.0,6482000000.0,1988000000.0,25525000000.0,9497000000.0,2620000000.0,39020000000.0,51137000000.0,76662000000,6073000000.0,3520000000.0,21686000000.0,12270000000.0,23402000000.0,45088000000,34865000000.0,,2760000000.0,31574000000.0,76662000000,267000000.0,840000000.0,351000000.0,-2648000000.0,466000000.0,-132000000.0,-231000000.0,-2751000000.0,-1190000000.0,-839000000.0,-6000000.0,-312000000.0,-1157000000.0,-109000000.0,10000000.0,-683000000.0,-782000000.0,-3129000000,2017-01-31,12.867923736572266,13.18758773803711,12.693561553955078,13.18177604675293,11.547470092773438,21481845.0
2017-04-30,6808000000.0,-4799000000.0,2009000000.0,-1677000000.0,-1229000000.0,-376000000.0,-72000000.0,332000000.0,-89000000.0,-86000000.0,243000000,-130000000.0,113000000,-591000000.0,-478000000,-134000000.0,-612000000,-612000000,8101000000.0,3810000000.0,2041000000.0,20273000000.0,6692000000.0,2620000000.0,37885000000.0,47197000000.0,67470000000,5949000000.0,2010000000.0,17578000000.0,11904000000.0,20845000000.0,38423000000,34422000000.0,,-1867000000.0,29047000000.0,67470000000,-612000000.0,792000000.0,1174000000.0,-615000000.0,-165000000.0,-78000000.0,360000000.0,-732000000.0,739000000.0,-700000000.0,-18000000.0,-1758000000.0,-2653000000.0,-107000000.0,-1543000000.0,-642000000.0,157000000.0,-1757000000,2017-04-28,14.445305824279785,14.507369995117188,14.344452857971193,14.45306396484375,12.698040008544922,11964369.0
2017-07-31,7501000000.0,-5306000000.0,2195000000.0,-1772000000.0,-1285000000.0,-390000000.0,-97000000.0,423000000.0,-86000000.0,-87000000.0,337000000,-212000000.0,125000000,160000000.0,285000000,-120000000.0,165000000,165000000,7757000000.0,3845000000.0,2144000000.0,23143000000.0,6730000000.0,2626000000.0,38432000000.0,47788000000.0,70931000000,6184000000.0,2069000000.0,18279000000.0,14527000000.0,23602000000.0,41881000000,34048000000.0,,-1676000000.0,29050000000.0,70931000000,165000000.0,737000000.0,25000000.0,28000000.0,-51000000.0,-131000000.0,523000000.0,-313000000.0,955000000.0,-463000000.0,7000000.0,0.0,-614000000.0,-107000000.0,2607000000.0,-570000000.0,-685000000.0,-344000000,2017-07-31,13.6539945602417,13.766486167907715,13.576416015625,13.584174156188965,11.980490684509276,11294347.0
2017-10-31,7660000000.0,-5383000000.0,2277000000.0,-1738000000.0,-1288000000.0,-364000000.0,-86000000.0,539000000.0,-75000000.0,-76000000.0,464000000,-765000000.0,-301000000,679000000.0,378000000,146000000.0,524000000,524000000,9579000000.0,3073000000.0,2315000000.0,21444000000.0,6269000000.0,2535000000.0,31158000000.0,39962000000.0,61406000000,6501000000.0,3850000000.0,18924000000.0,10182000000.0,18977000000.0,37901000000,33599000000.0,,-7238000000.0,23505000000.0,61406000000,524000000.0,682000000.0,-630000000.0,-191000000.0,207000000.0,-201000000.0,340000000.0,-537000000.0,385000000.0,-456000000.0,10000000.0,-152000000.0,-483000000.0,323000000.0,-2580000000.0,-250000000.0,1920000000.0,1822000000,2017-10-31,14.020000457763672,14.05500030517578,13.875,13.920000076293945,12.336740493774414,10261900.0
2018-01-31,7674000000.0,-5491000000.0,2183000000.0,-1668000000.0,-1202000000.0,-388000000.0,-78000000.0,515000000.0,1000000.0,-21000000.0,516000000,-1173000000.0,-657000000,2139000000.0,1482000000,-46000000.0,1436000000,1436000000,7673000000.0,3098000000.0,2431000000.0,20499000000.0,6338000000.0,2561000000.0,32221000000.0,41120000000.0,61619000000,6358000000.0,3915000000.0,19343000000.0,10040000000.0,18287000000.0,37630000000,32963000000.0,,-6057000000.0,23989000000.0,61619000000,1436000000.0,635000000.0,-937000000.0,-992000000.0,-34000000.0,-146000000.0,-107000000.0,-705000000.0,142000000.0,-554000000.0,-3000000.0,0.0,-1119000000.0,-120000000.0,14000000.0,-725000000.0,-929000000.0,-1906000000,2018-01-31,16.59000015258789,16.690000534057614,16.309999465942386,16.399999618530273,14.609816551208494,12419400.0
2018-04-30,7468000000.0,-5196000000.0,2272000000.0,-1701000000.0,-1227000000.0,-402000000.0,-72000000.0,571000000.0,-88000000.0,-78000000.0,483000000,-599000000.0,-116000000,966000000.0,850000000,-72000000.0,778000000,778000000,6986000000.0,3099000000.0,2848000000.0,19792000000.0,6208000000.0,2517000000.0,31359000000.0,40084000000.0,59876000000,6679000000.0,3855000000.0,19084000000.0,9970000000.0,16826000000.0,35910000000,32220000000.0,,-5306000000.0,23966000000.0,59876000000,778000000.0,655000000.0,440000000.0,-1626000000.0,-8000000.0,-441000000.0,284000000.0,-1461000000.0,247000000.0,-516000000.0,80000000.0,-16000000.0,-150000000.0,-116000000.0,-38000000.0,-835000000.0,-784000000.0,-687000000,2018-04-30,17.34000015258789,17.459999084472653,17.049999237060547,17.049999237060547,15.248836517333984,12473400.0
2018-07-31,7764000000.0,-5384000000.0,2380000000.0,-1709000000.0,-1203000000.0,-434000000.0,-72000000.0,671000000.0,-53000000.0,-64000000.0,618000000,-153000000.0,465000000,-13000000.0,452000000,-1000000.0,451000000,451000000,5193000000.0,2906000000.0,2771000000.0,17467000000.0,6184000000.0,2513000000.0,31349000000.0,40046000000.0,57513000000,6627000000.0,2326000000.0,17407000000.0,9963000000.0,16644000000.0,34051000000,31353000000.0,,-5021000000.0,23462000000.0,57513000000,451000000.0,641000000.0,139000000.0,18000000.0,179000000.0,42000000.0,-105000000.0,-98000000.0,1249000000.0,-498000000.0,-13000000.0,-178000000.0,-414000000.0,-170000000.0,-1536000000.0,-921000000.0,-2628000000.0,-1793000000,2018-07-31,15.449999809265135,15.550000190734865,15.369999885559082,15.4399995803833,13.907011985778807,6644700.0
2018-10-31,7946000000.0,-5489000000.0,2457000000.0,-1730000000.0,-1219000000.0,-439000000.0,-72000000.0,727000000.0,-96000000.0,-111000000.0,631000000,-55000000.0,576000000,-1348000000.0,-772000000,15000000.0,-757000000,-757000000,4880000000.0,3263000000.0,2447000000.0,17272000000.0,6138000000.0,2398000000.0,29685000000.0,38221000000.0,55493000000,6470000000.0,2005000000.0,17198000000.0,10136000000.0,17021000000.0,34219000000,30356000000.0,,-5899000000.0,21274000000.0,55493000000,-757000000.0,645000000.0,3677000000.0,-2239000000.0,-357000000.0,285000000.0,-99000000.0,-2068000000.0,1326000000.0,-294000000.0,1000000.0,0.0,-388000000.0,-164000000.0,-116000000.0,-971000000.0,-1251000000.0,-313000000,2018-10-31,15.140000343322756,15.520000457763672,15.140000343322756,15.25,13.831119537353516,9547400.0
2019-01-31,7553000000.0,-5207000000.0,2346000000.0,-1749000000.0,-1211000000.0,-466000000.0,-72000000.0,597000000.0,-36000000.0,-51000000.0,561000000,94000000.0,655000000,-478000000.0,177000000,0.0,177000000,177000000,3781000000.0,3183000000.0,2300000000.0,15432000000.0,6141000000.0,2413000000.0,27772000000.0,36326000000.0,51758000000,6084000000.0,2073000000.0,16459000000.0,10280000000.0,16964000000.0,33423000000,29621000000.0,,-8034000000.0,18335000000.0,51758000000,177000000.0,639000000.0,551000000.0,-985000000.0,113000000.0,99000000.0,-256000000.0,-941000000.0,382000000.0,-572000000.0,-4000000.0,-76000000.0,-616000000.0,-157000000.0,43000000.0,-814000000.0,-945000000.0,-1179000000,2019-01-31,15.470000267028807,15.649999618530273,15.350000381469727,15.59000015258789,14.250003814697266,11945800.0
2019-04-30,7150000000.0,-4845000000.0,2305000000.0,-1740000000.0,-1214000000.0,-457000000.0,-69000000.0,565000000.0,-15000000.0,-18000000.0,550000000,-110000000.0,440000000,-21000000.0,419000000,0.0,419000000,419000000,3585000000.0,3143000000.0,2182000000.0,15000000000.0,6138000000.0,2421000000.0,27581000000.0,36140000000.0,51140000000,5719000000.0,2114000000.0,16077000000.0,10332000000.0,16822000000.0,32899000000,29143000000.0,,-7765000000.0,18241000000.0,51140000000,419000000.0,648000000.0,139000000.0,-219000000.0,30000000.0,54000000.0,-309000000.0,6000000.0,987000000.0,-585000000.0,-19000000.0,0.0,-448000000.0,-154000000.0,47000000.0,-574000000.0,-655000000.0,-116000000,2019-04-30,15.68000030517578,15.8100004196167,15.529999732971193,15.8100004196167,14.554597854614258,10384900.0
2019-07-31,7217000000.0,-4768000000.0,2449000000.0,-1792000000.0,-1253000000.0,-481000000.0,-58000000.0,657000000.0,-67000000.0,-70000000.0,590000000,-855000000.0,-265000000,238000000.0,-27000000,0.0,-27000000,-27000000,3693000000.0,2965000000.0,2216000000.0,15117000000.0,6000000000.0,2346000000.0,27297000000.0,35643000000.0,50760000000,5363000000.0,2207000000.0,17158000000.0,10453000000.0,16022000000.0,33180000000,28642000000.0,,-7959000000.0,17580000000.0,50760000000,-27000000.0,632000000.0,913000000.0,-322000000.0,172000000.0,-87000000.0,-261000000.0,-146000000.0,1196000000.0,-548000000.0,2000000.0,-5000000.0,-335000000.0,-150000000.0,73000000.0,-577000000.0,-639000000.0,222000000,2019-07-31,14.630000114440918,14.664999961853027,14.229999542236328,14.369999885559082,13.334609031677244,8325300.0
2019-10-31,7215000000.0,-4822000000.0,2393000000.0,-1735000000.0,-1229000000.0,-438000000.0,-68000000.0,658000000.0,-39000000.0,-38000000.0,619000000,104000000.0,723000000,-243000000.0,480000000,0.0,480000000,480000000,3753000000.0,2957000000.0,2387000000.0,15143000000.0,6054000000.0,2254000000.0,28352000000.0,36660000000.0,51803000000,5781000000.0,4425000000.0,19159000000.0,9395000000.0,15495000000.0,34654000000,28457000000.0,,-7632000000.0,17149000000.0,51803000000,480000000.0,616000000.0,545000000.0,-209000000.0,59000000.0,-20000000.0,301000000.0,-549000000.0,1432000000.0,-554000000.0,8000000.0,-1445000000.0,-2058000000.0,-147000000.0,1098000000.0,-284000000.0,691000000.0,65000000,2019-10-31,16.350000381469727,16.430000305175778,16.100000381469727,16.40999984741211,15.34359645843506,5724900.0
2020-01-31,6949000000.0,-4667000000.0,2282000000.0,-1823000000.0,-1218000000.0,-485000000.0,-120000000.0,459000000.0,14000000.0,-19000000.0,473000000,-95000000.0,378000000,-45000000.0,333000000,,333000000,333000000,3171000000.0,2864000000.0,2560000000.0,14751000000.0,5711000000.0,2290000000.0,29492000000.0,37493000000.0,52244000000,5505000000.0,4510000000.0,18754000000.0,9362000000.0,16247000000.0,35001000000,28300000000.0,,-7411000000.0,17243000000.0,52244000000,333000000.0,690000000.0,121000000.0,-1223000000.0,82000000.0,-204000000.0,-250000000.0,-851000000.0,-79000000.0,-106000000.0,-51000000.0,-6000000.0,-64000000.0,-156000000.0,17000000.0,-204000000.0,-385000000.0,-528000000,2020-01-31,14.3100004196167,14.34000015258789,13.8100004196167,13.93000030517578,13.123868942260742,12204300.0
2020-04-30,6009000000.0,-4095000000.0,1914000000.0,-1643000000.0,-1109000000.0,-450000000.0,-84000000.0,271000000.0,-78000000.0,-68000000.0,193000000,-1104000000.0,-911000000,90000000.0,-821000000,,-821000000,-821000000,5131000000.0,2610000000.0,3476000000.0,17983000000.0,5588000000.0,2276000000.0,28668000000.0,36532000000.0,54515000000,5684000000.0,5162000000.0,20197000000.0,11553000000.0,18060000000.0,38257000000,28220000000.0,,-8385000000.0,16258000000.0,54515000000,-821000000.0,641000000.0,1162000000.0,-882000000.0,241000000.0,-992000000.0,177000000.0,-308000000.0,100000000.0,-502000000.0,6000000.0,-7000000.0,-40000000.0,156000000.0,2699000000.0,-151000000.0,2382000000.0,2442000000,2020-04-30,10.220000267028807,10.239999771118164,9.989999771118164,10.0600004196167,9.581033706665039,8172900.0
2020-07-31,6816000000.0,-4749000000.0,2067000000.0,-1681000000.0,-1131000000.0,-455000000.0,-95000000.0,386000000.0,-44000000.0,-71000000.0,342000000,-376000000.0,-34000000,43000000.0,9000000,,9000000,9000000,8465000000.0,2856000000.0,3469000000.0,21383000000.0,5709000000.0,2269000000.0,28878000000.0,36856000000.0,58239000000,6205000000.0,5727000000.0,21610000000.0,13730000000.0,20423000000.0,42033000000,28288000000.0,,-8377000000.0,16206000000.0,58239000000,9000000.0,642000000.0,444000000.0,377000000.0,-254000000.0,-57000000.0,504000000.0,184000000.0,1472000000.0,-548000000.0,-4000000.0,0.0,-1050000000.0,-464000000.0,2667000000.0,0.0,2525000000.0,2947000000,2020-07-31,9.600000381469727,9.899999618530273,9.449999809265137,9.869999885559082,9.498424530029297,24918200.0
