Report Date,Revenue,Cost of Revenue,Gross Profit,Operating Expenses,"Selling, General & Administrative",Research & Development,Depreciation & Amortization,Operating Income (Loss),Non-Operating Income (Loss),"Interest Expense, Net","Pretax Income (Loss), Adj.",Abnormal Gains (Losses),Pretax Income (Loss),"Income Tax (Expense) Benefit, Net",Income (Loss) from Continuing Operations,Net Extraordinary Gains (Losses),Net Income,Net Income (Common),"Cash, Cash Equivalents & Short Term Investments",Accounts & Notes Receivable,Inventories,Total Current Assets,"Property, Plant & Equipment, Net",Long Term Investments & Receivables,Other Long Term Assets,Total Noncurrent Assets,Total Assets,Payables & Accruals,Short Term Debt,Total Current Liabilities,Long Term Debt,Total Noncurrent Liabilities,Total Liabilities,Share Capital & Additional Paid-In Capital,Treasury Stock,Retained Earnings,Total Equity,Total Liabilities & Equity,Net Income/Starting Line,Depreciation & Amortization,Non-Cash Items,Change in Working Capital,Change in Accounts Receivable,Change in Inventories,Change in Accounts Payable,Change in Other,Net Cash from Operating Activities,Change in Fixed Assets & Intangibles,Net Change in Long Term Investment,Net Cash from Acquisitions & Divestitures,Net Cash from Investing Activities,Dividends Paid,Cash from (Repayment of) Debt,Cash from (Repurchase of) Equity,Net Cash from Financing Activities,Net Change in Cash,Price Date,Open,High,Low,Close,Adj Close,Volume
2009-07-31,27585000000.0,-21393000000.0,6192000000.0,-3920000000.0,-2874000000.0,-667000000.0,-379000000.0,2272000000.0,-177000000.0,,2095000000,-59000000.0,2036000000,-365000000.0,1671000000,,1671000000,1671000000,13587000000.0,14735000000.0,5850000000.0,48842000000.0,11194000000.0,,51036000000.0,62230000000.0,111072000000,13564000000.0,3288000000.0,41810000000.0,13892000000.0,27727000000.0,69537000000,13822000000.0,,28509000000.0,41535000000.0,111072000000,1671000000.0,1179000000.0,431000000.0,575000000.0,-141000000.0,-144000000.0,1278000000.0,-418000000.0,3856000000.0,-940000000.0,-50000000.0,0.0,-990000000.0,-191000000.0,-1488000000.0,-556000000.0,-2196000000.0,670000000,2009-07-31,19.323341369628906,19.777475357055664,19.26884651184082,19.663942337036133,14.632429122924805,46439299.0
2009-10-31,30777000000.0,-23478000000.0,7299000000.0,-4112000000.0,-3001000000.0,-704000000.0,-407000000.0,3187000000.0,-132000000.0,,3055000000,-54000000.0,3001000000,-589000000.0,2412000000,,2412000000,2412000000,13334000000.0,16537000000.0,6128000000.0,52539000000.0,11262000000.0,,50998000000.0,62260000000.0,114799000000,15719000000.0,1850000000.0,43003000000.0,13980000000.0,31032000000.0,74035000000,13828000000.0,,29936000000.0,40764000000.0,114799000000,2412000000.0,1234000000.0,219000000.0,-432000000.0,-2184000000.0,-311000000.0,2075000000.0,-12000000.0,3433000000.0,-852000000.0,13000000.0,-43000000.0,-882000000.0,-190000000.0,-1497000000.0,-1201000000.0,-2793000000.0,-242000000,2009-10-30,21.902816772460934,22.10263442993164,21.47138977050781,21.55313491821289,16.066112518310547,36841001.0
2010-01-31,31177000000.0,-24158000000.0,7019000000.0,-3978000000.0,-2967000000.0,-681000000.0,-330000000.0,3041000000.0,-199000000.0,,2842000000,-38000000.0,2804000000,-554000000.0,2250000000,,2250000000,2250000000,13607000000.0,14503000000.0,6630000000.0,51697000000.0,11164000000.0,,50757000000.0,61921000000.0,113618000000,16402000000.0,,40873000000.0,14009000000.0,30854000000.0,71727000000,14181000000.0,,30391000000.0,41891000000.0,113618000000,2250000000.0,1162000000.0,40000000.0,-1045000000.0,1875000000.0,-543000000.0,-1268000000.0,-1109000000.0,2407000000.0,-709000000.0,-9000000.0,7000000.0,-711000000.0,-189000000.0,27000000.0,-1394000000.0,-1428000000.0,268000000,2010-01-29,21.96639442443848,22.00272560119629,21.253406524658203,21.376022338867188,15.95959758758545,51719475.0
2010-04-30,30849000000.0,-23749000000.0,7100000000.0,-4165000000.0,-3096000000.0,-722000000.0,-347000000.0,2935000000.0,-91000000.0,,2844000000,-77000000.0,2767000000,-567000000.0,2200000000,,2200000000,2200000000,14170000000.0,14753000000.0,6436000000.0,51695000000.0,11242000000.0,,53057000000.0,64299000000.0,115994000000,14393000000.0,3934000000.0,42271000000.0,13728000000.0,29911000000.0,72182000000,14636000000.0,,31631000000.0,43812000000.0,115994000000,2200000000.0,1184000000.0,134000000.0,-427000000.0,-166000000.0,353000000.0,-280000000.0,-334000000.0,3091000000.0,-794000000.0,84000000.0,-2519000000.0,-3229000000.0,-196000000.0,1634000000.0,-851000000.0,722000000.0,584000000,2010-04-30,24.06902885437012,24.24159812927246,23.57856559753418,23.60127258300781,17.647964477539062,34641644.0
2010-07-31,30729000000.0,-23963000000.0,6766000000.0,-4316000000.0,-3191000000.0,-742000000.0,-383000000.0,2450000000.0,-134000000.0,,2316000000,-127000000.0,2189000000,-416000000.0,1773000000,,1773000000,1773000000,14723000000.0,15621000000.0,7206000000.0,54365000000.0,11477000000.0,,54175000000.0,65652000000.0,120017000000,15832000000.0,7842000000.0,49288000000.0,12204000000.0,27894000000.0,77182000000,13691000000.0,,31784000000.0,42835000000.0,120017000000,1773000000.0,1210000000.0,341000000.0,-51000000.0,-864000000.0,-791000000.0,1420000000.0,184000000.0,3273000000.0,-1045000000.0,72000000.0,-1380000000.0,-2353000000.0,-205000000.0,2179000000.0,-2327000000.0,-333000000.0,587000000,2010-07-30,20.881017684936523,21.171661376953125,20.75840187072754,20.90826416015625,15.660799980163574,27760834.0
2010-10-31,33278000000.0,-25126000000.0,8152000000.0,-4806000000.0,-3568000000.0,-814000000.0,-424000000.0,3346000000.0,-81000000.0,,3265000000,-51000000.0,3214000000,-676000000.0,2538000000,,2538000000,2538000000,10929000000.0,18481000000.0,6466000000.0,54184000000.0,11763000000.0,,58556000000.0,70319000000.0,124503000000,15167000000.0,7046000000.0,49403000000.0,15258000000.0,34319000000.0,83722000000,11591000000.0,,32695000000.0,40781000000.0,124503000000,2538000000.0,1264000000.0,570000000.0,-1221000000.0,-3243000000.0,711000000.0,-570000000.0,1881000000.0,3151000000.0,-983000000.0,2000000.0,-4085000000.0,-5066000000.0,-181000000.0,2149000000.0,-3853000000.0,-1874000000.0,-3789000000,2010-10-29,19.273387908935547,19.38237953186035,19.019073486328125,19.09173583984375,14.330122947692873,40048875.0
2011-01-31,32302000000.0,-24539000000.0,7763000000.0,-4340000000.0,-3117000000.0,-798000000.0,-425000000.0,3423000000.0,-97000000.0,,3326000000,-29000000.0,3297000000,-692000000.0,2605000000,,2605000000,2605000000,9934000000.0,16552000000.0,6747000000.0,51404000000.0,11575000000.0,,56954000000.0,68529000000.0,119933000000,14242000000.0,3381000000.0,43610000000.0,17022000000.0,34776000000.0,78386000000,10899000000.0,,34005000000.0,41547000000.0,119933000000,2605000000.0,1255000000.0,730000000.0,-1520000000.0,1752000000.0,-333000000.0,-912000000.0,-2027000000.0,3070000000.0,-383000000.0,34000000.0,-14000000.0,-363000000.0,-175000000.0,-1731000000.0,-1860000000.0,-3702000000.0,-995000000,2011-01-31,20.62216186523437,20.762943267822266,20.495004653930664,20.749319076538086,15.603580474853516,47145481.0
2011-04-30,31632000000.0,-23990000000.0,7642000000.0,-4653000000.0,-3425000000.0,-815000000.0,-413000000.0,2989000000.0,-76000000.0,,2913000000,-21000000.0,2892000000,-588000000.0,2304000000,,2304000000,2304000000,12738000000.0,18621000000.0,6778000000.0,56075000000.0,11890000000.0,,57162000000.0,69052000000.0,125127000000,15070000000.0,8406000000.0,51370000000.0,14512000000.0,31962000000.0,83332000000,9863000000.0,,35152000000.0,41795000000.0,125127000000,2304000000.0,1242000000.0,41000000.0,375000000.0,-2360000000.0,-82000000.0,769000000.0,2048000000.0,3962000000.0,-1010000000.0,23000000.0,-232000000.0,-1219000000.0,-182000000.0,2495000000.0,-2342000000.0,61000000.0,2804000000,2011-04-29,18.455949783325195,18.46503257751465,18.160762786865234,18.333332061767575,13.813233375549315,31813175.0
2011-07-31,31189000000.0,-24051000000.0,7138000000.0,-4600000000.0,-3430000000.0,-812000000.0,-358000000.0,2538000000.0,-121000000.0,,2417000000,-18000000.0,2399000000,-473000000.0,1926000000,,1926000000,1926000000,12953000000.0,18121000000.0,7427000000.0,56279000000.0,11959000000.0,,56679000000.0,68638000000.0,124917000000,15277000000.0,6666000000.0,48938000000.0,19030000000.0,36761000000.0,85699000000,6998000000.0,,35099000000.0,39218000000.0,124917000000,1926000000.0,1225000000.0,354000000.0,-298000000.0,388000000.0,-724000000.0,265000000.0,-227000000.0,3207000000.0,-979000000.0,2000000.0,66000000.0,-911000000.0,-248000000.0,2731000000.0,-4570000000.0,-2081000000.0,215000000,2011-07-29,16.25794792175293,16.29427719116211,15.940053939819336,15.971843719482422,12.075078010559082,45043451.0
2011-10-31,32122000000.0,-25483000000.0,6639000000.0,-4845000000.0,-3605000000.0,-829000000.0,-411000000.0,1794000000.0,-401000000.0,,1393000000,-999000000.0,394000000,-155000000.0,239000000,,239000000,239000000,8043000000.0,18224000000.0,7490000000.0,51021000000.0,12292000000.0,,66204000000.0,78496000000.0,129517000000,15798000000.0,8083000000.0,50442000000.0,22551000000.0,40071000000.0,90513000000,6857000000.0,,35266000000.0,39004000000.0,129517000000,239000000.0,1262000000.0,700000000.0,199000000.0,-7000000.0,-113000000.0,153000000.0,166000000.0,2400000000.0,-1168000000.0,-87000000.0,-10211000000.0,-11466000000.0,-239000000.0,4841000000.0,-449000000.0,4156000000.0,-4910000000,2011-10-31,12.443232536315918,12.515894889831545,12.084468841552734,12.084468841552734,9.184797286987305,36597901.0
2012-01-31,30036000000.0,-23353000000.0,6683000000.0,-4619000000.0,-3367000000.0,-786000000.0,-466000000.0,2064000000.0,-221000000.0,,1843000000,-22000000.0,1821000000,-353000000.0,1468000000,,1468000000,1468000000,8113000000.0,15892000000.0,7271000000.0,48749000000.0,12122000000.0,,65725000000.0,77847000000.0,126596000000,13304000000.0,5438000000.0,44293000000.0,25462000000.0,42731000000.0,87024000000,6486000000.0,,36183000000.0,39572000000.0,126596000000,1468000000.0,1303000000.0,150000000.0,-1728000000.0,2311000000.0,180000000.0,-2376000000.0,-1843000000.0,1193000000.0,-787000000.0,96000000.0,-60000000.0,-751000000.0,-244000000.0,328000000.0,-467000000.0,-372000000.0,70000000,2012-01-31,12.801998138427734,12.820162773132324,12.47502326965332,12.706629753112793,9.699387550354004,30277500.0
2012-04-30,30693000000.0,-23594000000.0,7099000000.0,-4860000000.0,-3540000000.0,-850000000.0,-470000000.0,2239000000.0,-243000000.0,,1996000000,-17000000.0,1979000000,-386000000.0,1593000000,,1593000000,1593000000,8311000000.0,16609000000.0,7306000000.0,49689000000.0,12236000000.0,,65764000000.0,78000000000.0,127689000000,13771000000.0,4252000000.0,42799000000.0,25825000000.0,43193000000.0,85992000000,6596000000.0,,37758000000.0,41697000000.0,127689000000,1593000000.0,1285000000.0,414000000.0,-819000000.0,-832000000.0,-91000000.0,525000000.0,-421000000.0,2473000000.0,-952000000.0,-315000000.0,0.0,-1267000000.0,-251000000.0,-729000000.0,-29000000.0,-1008000000.0,198000000,2012-04-30,11.198909759521484,11.262489318847654,11.139872550964355,11.244322776794434,8.625967025756836,20366078.0
2012-07-31,29669000000.0,-24615000000.0,5054000000.0,-4696000000.0,-3366000000.0,-854000000.0,-476000000.0,358000000.0,-224000000.0,,134000000,-9191000000.0,-9057000000,200000000.0,-8857000000,,-8857000000,-8857000000,9509000000.0,15686000000.0,7292000000.0,50237000000.0,12069000000.0,,55250000000.0,67319000000.0,117556000000,13266000000.0,5681000000.0,44919000000.0,24063000000.0,40627000000.0,85546000000,6498000000.0,,28379000000.0,32010000000.0,117556000000,-8857000000.0,1306000000.0,9000000000.0,1397000000.0,956000000.0,-91000000.0,-345000000.0,877000000.0,2846000000.0,-773000000.0,-58000000.0,6000000.0,-825000000.0,-260000000.0,-274000000.0,-289000000.0,-823000000.0,1198000000,2012-07-31,8.237964630126951,8.369664192199707,8.174386978149414,8.283378601074219,6.392331123352051,35438327.0
2012-10-31,29959000000.0,-23089000000.0,6870000000.0,-4508000000.0,-3227000000.0,-909000000.0,-372000000.0,2362000000.0,-188000000.0,,2174000000,-8850000000.0,-6676000000,-178000000.0,-6854000000,,-6854000000,-6854000000,11301000000.0,16407000000.0,6317000000.0,50637000000.0,11954000000.0,,46177000000.0,58131000000.0,108768000000,14196000000.0,6647000000.0,46666000000.0,21789000000.0,39269000000.0,85935000000,6474000000.0,,21521000000.0,22833000000.0,108768000000,-6854000000.0,1201000000.0,9067000000.0,645000000.0,-1166000000.0,892000000.0,782000000.0,137000000.0,4059000000.0,-577000000.0,-33000000.0,0.0,-610000000.0,-260000000.0,-1279000000.0,-118000000.0,-1657000000.0,1792000000,2012-10-31,6.4395999908447275,6.4623069763183585,6.267029762268066,6.289737224578857,4.890887260437012,42811064.0
2013-01-31,28359000000.0,-22159000000.0,6200000000.0,-4444000000.0,-3300000000.0,-794000000.0,-350000000.0,1756000000.0,-179000000.0,,1577000000,-4000000.0,1573000000,-341000000.0,1232000000,,1232000000,1232000000,12589000000.0,14236000000.0,6374000000.0,49552000000.0,11686000000.0,,45463000000.0,57149000000.0,106701000000,12511000000.0,6475000000.0,44386000000.0,21752000000.0,39025000000.0,83411000000,6328000000.0,,22239000000.0,23290000000.0,106701000000,1232000000.0,1163000000.0,975000000.0,-808000000.0,2246000000.0,-149000000.0,-1690000000.0,-1215000000.0,2562000000.0,-506000000.0,-138000000.0,,-644000000.0,-258000000.0,-174000000.0,-198000000.0,-630000000.0,1288000000,2013-01-31,7.438692092895508,7.570391178131103,7.338782787322997,7.4977288246154785,5.885955810546875,45152671.0
2013-04-30,27582000000.0,-21463000000.0,6119000000.0,-4507000000.0,-3342000000.0,-815000000.0,-350000000.0,1612000000.0,-193000000.0,,1419000000,-11000000.0,1408000000,-331000000.0,1077000000,,1077000000,1077000000,13240000000.0,14606000000.0,5999000000.0,49571000000.0,11476000000.0,,45207000000.0,56683000000.0,106254000000,13328000000.0,6928000000.0,44658000000.0,19863000000.0,37664000000.0,82322000000,5736000000.0,,23319000000.0,23932000000.0,106254000000,1077000000.0,1170000000.0,231000000.0,1078000000.0,-98000000.0,289000000.0,640000000.0,247000000.0,3556000000.0,-620000000.0,233000000.0,-167000000.0,-554000000.0,-283000000.0,-1428000000.0,-640000000.0,-2351000000.0,651000000,2013-04-30,9.332425117492676,9.400545120239258,9.191643714904783,9.355132102966307,7.390532493591309,33164762.0
2013-07-31,27226000000.0,-20940000000.0,6286000000.0,-4427000000.0,-3274000000.0,-797000000.0,-356000000.0,1859000000.0,-146000000.0,,1713000000,-4000000.0,1709000000,-319000000.0,1390000000,,1390000000,1390000000,13251000000.0,14336000000.0,6540000000.0,49958000000.0,11328000000.0,,44514000000.0,55842000000.0,105800000000,14272000000.0,7624000000.0,46012000000.0,17124000000.0,34810000000.0,80822000000,5887000000.0,,24149000000.0,24978000000.0,105800000000,1390000000.0,1158000000.0,341000000.0,-215000000.0,492000000.0,-585000000.0,980000000.0,-1102000000.0,2674000000.0,-647000000.0,-14000000.0,0.0,-661000000.0,-280000000.0,-1787000000.0,64000000.0,-2002000000.0,11000000,2013-07-31,11.71662139892578,11.88919162750244,11.612171173095705,11.662124633789062,9.26720905303955,39715052.0
2013-10-31,29131000000.0,-22808000000.0,6323000000.0,-4397000000.0,-3351000000.0,-729000000.0,-317000000.0,1926000000.0,-103000000.0,,1823000000,-3000000.0,1820000000,-406000000.0,1414000000,,1414000000,1414000000,12163000000.0,15876000000.0,6046000000.0,50364000000.0,11463000000.0,,43849000000.0,55312000000.0,105676000000,15222000000.0,5979000000.0,45521000000.0,16608000000.0,32499000000.0,78020000000,5484000000.0,,25563000000.0,27656000000.0,105676000000,1414000000.0,1120000000.0,-680000000.0,962000000.0,-1626000000.0,441000000.0,611000000.0,1536000000.0,2816000000.0,-773000000.0,-171000000.0,0.0,-944000000.0,-284000000.0,-2207000000.0,-470000000.0,-2960000000.0,-1088000000,2013-10-31,10.958219528198242,11.158038139343262,10.940053939819336,11.067212104797363,8.851716041564941,30393766.0
2014-01-31,28154000000.0,-21850000000.0,6304000000.0,-4304000000.0,-3210000000.0,-811000000.0,-283000000.0,2000000000.0,-163000000.0,,1837000000,-3000000.0,1834000000,-409000000.0,1425000000,,1425000000,1425000000,16165000000.0,13492000000.0,6004000000.0,50684000000.0,11259000000.0,,43082000000.0,54341000000.0,105025000000,13864000000.0,6621000000.0,43611000000.0,17971000000.0,33265000000.0,76876000000,4985000000.0,,26436000000.0,28149000000.0,105025000000,1425000000.0,1117000000.0,176000000.0,272000000.0,2687000000.0,-19000000.0,-1165000000.0,-1231000000.0,2990000000.0,-547000000.0,330000000.0,,-217000000.0,-278000000.0,1962000000.0,-482000000.0,1229000000.0,4002000000,2014-01-31,13.142598152160645,13.256131172180176,13.05177116394043,13.169845581054688,10.588859558105467,28481329.0
2014-04-30,27309000000.0,-20956000000.0,6353000000.0,-4528000000.0,-3391000000.0,-873000000.0,-264000000.0,1825000000.0,-174000000.0,,1651000000,-3000000.0,1648000000,-375000000.0,1273000000,,1273000000,1273000000,15096000000.0,14288000000.0,5840000000.0,49883000000.0,11350000000.0,,42739000000.0,54089000000.0,103972000000,14784000000.0,5396000000.0,43280000000.0,17190000000.0,32110000000.0,75390000000,4356000000.0,,27658000000.0,28582000000.0,103972000000,1273000000.0,1087000000.0,127000000.0,508000000.0,-843000000.0,126000000.0,765000000.0,460000000.0,2995000000.0,-720000000.0,-237000000.0,-20000000.0,-977000000.0,-298000000.0,-2012000000.0,-783000000.0,-3087000000.0,-1069000000,2014-04-30,14.886466979980467,15.108991622924805,14.822888374328613,15.01362419128418,12.129268646240234,24966716.0
2014-07-31,27585000000.0,-21623000000.0,5962000000.0,-4502000000.0,-3388000000.0,-887000000.0,-227000000.0,1460000000.0,-145000000.0,,1315000000,-2000000.0,1313000000,-328000000.0,985000000,,985000000,985000000,14474000000.0,14198000000.0,6249000000.0,49287000000.0,11434000000.0,,42449000000.0,53883000000.0,103170000000,16369000000.0,2705000000.0,42476000000.0,17128000000.0,31792000000.0,74268000000,4135000000.0,,27984000000.0,28902000000.0,103170000000,985000000.0,1055000000.0,220000000.0,1387000000.0,158000000.0,-476000000.0,1596000000.0,109000000.0,3647000000.0,-928000000.0,124000000.0,0.0,-804000000.0,-299000000.0,-2712000000.0,-470000000.0,-3465000000.0,-622000000,2014-07-31,16.226158142089847,16.285194396972653,16.099000930786133,16.171661376953125,13.126893997192385,23581658.0
2014-10-31,-26397000000.0,18822000000.0,-7575000000.0,6546000000.0,4628000000.0,1273000000.0,645000000.0,-1029000000.0,89000000.0,,-940000000,8000000.0,-932000000,173000000.0,-759000000,2089000000.0,1330000000,1330000000,15133000000.0,13832000000.0,6415000000.0,50145000000.0,11340000000.0,,41721000000.0,53061000000.0,103206000000,16920000000.0,3486000000.0,43735000000.0,16039000000.0,32344000000.0,76079000000,3448000000.0,,29164000000.0,27127000000.0,103206000000,1330000000.0,1075000000.0,292000000.0,4000000.0,435000000.0,-211000000.0,716000000.0,-936000000.0,2701000000.0,-815000000.0,44000000.0,-23000000.0,-794000000.0,-309000000.0,-252000000.0,-696000000.0,-1248000000.0,659000000,2014-10-31,16.235240936279293,16.326066970825195,16.112625122070312,16.29427719116211,13.28297519683838,44145696.0
2015-01-31,13858000000.0,-11187000000.0,2671000000.0,-1553000000.0,-1222000000.0,-304000000.0,-27000000.0,1118000000.0,-121000000.0,,997000000,,997000000,-227000000.0,770000000,596000000.0,1366000000,1366000000,12919000000.0,12295000000.0,6575000000.0,48198000000.0,11030000000.0,,41633000000.0,52663000000.0,100861000000,16438000000.0,3509000000.0,42529000000.0,15552000000.0,31428000000.0,73957000000,2556000000.0,,29626000000.0,26904000000.0,100861000000,1366000000.0,1028000000.0,105000000.0,-1755000000.0,1762000000.0,-224000000.0,-852000000.0,-2441000000.0,744000000.0,-817000000.0,-20000000.0,-1000000.0,-838000000.0,-304000000.0,-535000000.0,-1390000000.0,-2120000000.0,-2214000000,2015-01-30,16.993642807006836,17.020889282226562,16.376022338867188,16.40781021118164,13.429858207702635,38528394.0
2015-04-30,12977000000.0,-10422000000.0,2555000000.0,-1558000000.0,-1228000000.0,-305000000.0,-25000000.0,997000000.0,-78000000.0,,919000000,,919000000,-186000000.0,733000000,278000000.0,1011000000,1011000000,14768000000.0,12320000000.0,6227000000.0,48883000000.0,11014000000.0,,41499000000.0,52513000000.0,101396000000,16067000000.0,5594000000.0,43186000000.0,15464000000.0,31041000000.0,74227000000,2205000000.0,,30565000000.0,27169000000.0,101396000000,1011000000.0,1003000000.0,554000000.0,-1104000000.0,-23000000.0,277000000.0,-40000000.0,-1318000000.0,1464000000.0,-698000000.0,35000000.0,-138000000.0,-801000000.0,-291000000.0,2085000000.0,-617000000.0,1186000000.0,1849000000,2015-04-30,15.127157211303713,15.195277214050293,14.913715362548828,14.97275161743164,12.314640045166016,23163939.0
2015-07-31,12362000000.0,-10037000000.0,2325000000.0,-1382000000.0,-1058000000.0,-300000000.0,-24000000.0,943000000.0,-90000000.0,,853000000,64000000.0,917000000,-217000000.0,700000000,154000000.0,854000000,854000000,17171000000.0,12753000000.0,6700000000.0,51998000000.0,11028000000.0,,44007000000.0,55035000000.0,107033000000,16178000000.0,11034000000.0,49033000000.0,14468000000.0,30557000000.0,79590000000,2119000000.0,,30764000000.0,27443000000.0,107033000000,854000000.0,1023000000.0,1531000000.0,-1735000000.0,-348000000.0,-520000000.0,534000000.0,-1401000000.0,1673000000.0,-817000000.0,51000000.0,-2322000000.0,-3088000000.0,-318000000.0,4434000000.0,-272000000.0,3818000000.0,2403000000,2015-07-31,13.946412086486815,13.996367454528807,13.841961860656738,13.860127449035645,11.4608154296875,26260171.0
2015-10-31,12266000000.0,-9941000000.0,2325000000.0,-1519000000.0,-1211000000.0,-282000000.0,-26000000.0,806000000.0,-99000000.0,,707000000,-8000000.0,699000000,816000000.0,1515000000,-192000000.0,1323000000,1323000000,7584000000.0,4825000000.0,4288000000.0,51787000000.0,1492000000.0,,53603000000.0,55095000000.0,106882000000,10437000000.0,2194000000.0,42191000000.0,6677000000.0,36540000000.0,78731000000,1981000000.0,,32089000000.0,28151000000.0,106882000000,1323000000.0,1007000000.0,-755000000.0,1570000000.0,-819000000.0,137000000.0,389000000.0,1863000000.0,3145000000.0,-847000000.0,-23000000.0,63000000.0,-807000000.0,-337000000.0,-1019000000.0,-604000000.0,-2076000000.0,262000000,2015-10-30,12.316076278686525,12.438692092895508,12.13442325592041,12.243414878845215,10.187710762023926,58129717.0
2016-01-31,12246000000.0,-9981000000.0,2265000000.0,-1337000000.0,-1037000000.0,-292000000.0,-8000000.0,928000000.0,-94000000.0,,834000000,0.0,834000000,-184000000.0,650000000,-58000000.0,592000000,592000000,3688000000.0,4114000000.0,4052000000.0,15155000000.0,1529000000.0,,8833000000.0,10362000000.0,25517000000,9223000000.0,49000000.0,16761000000.0,6683000000.0,13665000000.0,30426000000,1239000000.0,,-5026000000.0,-4909000000.0,25517000000,592000000.0,79000000.0,617000000.0,-1390000000.0,704000000.0,202000000.0,-1104000000.0,-1192000000.0,-102000000.0,-120000000.0,9000000.0,,-111000000.0,-221000000.0,-2125000000.0,-797000000.0,-13532000000.0,-13745000000,2016-01-29,9.579999923706056,9.720000267028807,9.399999618530273,9.710000038146973,8.161811828613281,47468400.0
2016-04-30,11588000000.0,-9438000000.0,2150000000.0,-1309000000.0,-1002000000.0,-301000000.0,-6000000.0,841000000.0,-5000000.0,,836000000,0.0,836000000,-176000000.0,660000000,-31000000.0,629000000,629000000,4636000000.0,3884000000.0,3547000000.0,15385000000.0,1572000000.0,,8566000000.0,10138000000.0,25523000000,9235000000.0,64000000.0,16862000000.0,6708000000.0,13447000000.0,30309000000,984000000.0,,-1266000000.0,-4786000000.0,25523000000,629000000.0,85000000.0,38000000.0,827000000.0,190000000.0,520000000.0,41000000.0,76000000.0,1579000000.0,-86000000.0,-119000000.0,61000000.0,-144000000.0,-213000000.0,10000000.0,-305000000.0,-487000000.0,948000000,2016-04-29,12.489999771118164,12.510000228881836,12.130000114440918,12.270000457763672,10.42931079864502,13491900.0
2016-07-31,11892000000.0,-9756000000.0,2136000000.0,-1019000000.0,-719000000.0,-298000000.0,-2000000.0,1117000000.0,-36000000.0,,1081000000,0.0,1081000000,-238000000.0,843000000,-60000000.0,783000000,783000000,5636000000.0,4008000000.0,3961000000.0,17402000000.0,1607000000.0,,8215000000.0,9822000000.0,27224000000,10564000000.0,75000000.0,18114000000.0,6760000000.0,13036000000.0,31150000000,1003000000.0,,-3982000000.0,-3926000000.0,27224000000,783000000.0,85000000.0,173000000.0,30000000.0,-166000000.0,-471000000.0,1301000000.0,-634000000.0,1071000000.0,-81000000.0,121000000.0,99000000.0,139000000.0,-212000000.0,33000000.0,-57000000.0,-210000000.0,1000000000,2016-07-29,13.90999984741211,14.130000114440918,13.789999961853027,14.010000228881836,12.018681526184082,15759100.0
2016-10-31,12512000000.0,-10270000000.0,2242000000.0,-1393000000.0,-1075000000.0,-318000000.0,0.0,849000000.0,347000000.0,,1196000000,-186000000.0,1010000000,-497000000.0,513000000,-21000000.0,492000000,492000000,6288000000.0,4114000000.0,4484000000.0,18468000000.0,1736000000.0,,8783000000.0,10519000000.0,28987000000,11334000000.0,78000000.0,18808000000.0,6735000000.0,14068000000.0,32876000000,1047000000.0,,-3498000000.0,-3889000000.0,28987000000,492000000.0,83000000.0,-277000000.0,406000000.0,-163000000.0,-542000000.0,690000000.0,421000000.0,704000000.0,-140000000.0,-4000000.0,308000000.0,164000000.0,-212000000.0,-5000000.0,-2000000.0,-216000000.0,652000000,2016-10-31,14.130000114440918,14.489999771118164,14.029999732971193,14.489999771118164,12.540976524353027,16364200.0
2017-01-31,12684000000.0,-10499000000.0,2185000000.0,-1313000000.0,-1017000000.0,-296000000.0,0.0,872000000.0,-81000000.0,,791000000,-16000000.0,775000000,-164000000.0,611000000,0.0,611000000,611000000,6331000000.0,3478000000.0,4555000000.0,17775000000.0,1730000000.0,,8687000000.0,10417000000.0,28192000000,11218000000.0,100000000.0,18587000000.0,6688000000.0,13932000000.0,32519000000,681000000.0,,-3339000000.0,-4327000000.0,28192000000,611000000.0,84000000.0,161000000.0,-89000000.0,614000000.0,-69000000.0,-116000000.0,-518000000.0,767000000.0,-32000000.0,-54000000.0,,-86000000.0,-227000000.0,13000000.0,-386000000.0,-638000000.0,43000000,2017-01-31,14.770000457763672,15.109999656677244,14.56999969482422,15.050000190734865,13.136373519897461,14889600.0
2017-04-30,12385000000.0,-10142000000.0,2243000000.0,-1402000000.0,-1087000000.0,-314000000.0,-1000000.0,841000000.0,-64000000.0,,777000000,-23000000.0,754000000,-195000000.0,559000000,0.0,559000000,559000000,6223000000.0,3771000000.0,4756000000.0,18302000000.0,1661000000.0,,8723000000.0,10384000000.0,28686000000,11300000000.0,110000000.0,18604000000.0,6710000000.0,14037000000.0,32641000000,538000000.0,,-2779000000.0,-3955000000.0,28686000000,559000000.0,89000000.0,188000000.0,-381000000.0,-325000000.0,-203000000.0,142000000.0,5000000.0,455000000.0,-75000000.0,-80000000.0,0.0,-155000000.0,-224000000.0,22000000.0,-223000000.0,-408000000.0,-108000000,2017-04-28,18.739999771118164,18.82999992370605,18.520000457763672,18.81999969482422,16.553911209106445,7956900.0
2017-07-31,13060000000.0,-10679000000.0,2381000000.0,-1385000000.0,-1096000000.0,-289000000.0,0.0,996000000.0,-56000000.0,,940000000,-41000000.0,899000000,-203000000.0,696000000,0.0,696000000,696000000,6967000000.0,4233000000.0,5184000000.0,21443000000.0,1707000000.0,,8784000000.0,10491000000.0,31934000000,13003000000.0,1062000000.0,22060000000.0,6744000000.0,14213000000.0,36273000000,305000000.0,,-2526000000.0,-4339000000.0,31934000000,696000000.0,90000000.0,301000000.0,688000000.0,-504000000.0,-459000000.0,1712000000.0,-61000000.0,1775000000.0,-61000000.0,-1421000000.0,0.0,-1482000000.0,-222000000.0,951000000.0,-302000000.0,451000000.0,744000000,2017-07-31,19.200000762939453,19.31999969482422,19.049999237060547,19.100000381469727,16.926671981811527,12771600.0
2017-10-31,13927000000.0,-11520000000.0,2407000000.0,-1467000000.0,-1176000000.0,-291000000.0,0.0,940000000.0,-42000000.0,,898000000,-50000000.0,848000000,-188000000.0,660000000,0.0,660000000,660000000,6997000000.0,4414000000.0,5786000000.0,22318000000.0,1878000000.0,,8717000000.0,10595000000.0,32913000000,13493000000.0,1072000000.0,22412000000.0,6747000000.0,13909000000.0,36321000000,396000000.0,,-2386000000.0,-3408000000.0,32913000000,660000000.0,91000000.0,-54000000.0,-17000000.0,-238000000.0,-615000000.0,423000000.0,413000000.0,680000000.0,-165000000.0,171000000.0,0.0,6000000.0,-221000000.0,21000000.0,-501000000.0,-656000000.0,30000000,2017-10-31,21.43000030517578,21.709999084472656,21.43000030517578,21.549999237060547,19.230274200439453,9732500.0
2018-01-31,14517000000.0,-11966000000.0,2551000000.0,-1536000000.0,-1169000000.0,-347000000.0,-20000000.0,1015000000.0,-68000000.0,,947000000,-42000000.0,905000000,1033000000.0,1938000000,,1938000000,1938000000,5475000000.0,4396000000.0,5655000000.0,21217000000.0,2026000000.0,,12002000000.0,14028000000.0,35245000000,13061000000.0,1529000000.0,23349000000.0,6340000000.0,14638000000.0,37987000000,433000000.0,,-1346000000.0,-2742000000.0,35245000000,1938000000.0,129000000.0,-3615000000.0,2544000000.0,272000000.0,364000000.0,-478000000.0,2386000000.0,996000000.0,-19000000.0,-129000000.0,-1020000000.0,-1723000000.0,-230000000.0,-65000000.0,-462000000.0,-795000000.0,-1522000000,2018-01-31,23.559999465942386,23.739999771118164,23.290000915527344,23.31999969482422,20.94643783569336,13704700.0
2018-04-30,14003000000.0,-11358000000.0,2645000000.0,-1636000000.0,-1260000000.0,-356000000.0,-20000000.0,1009000000.0,-881000000.0,,128000000,-45000000.0,83000000,975000000.0,1058000000,,1058000000,1058000000,4247000000.0,4605000000.0,5557000000.0,19433000000.0,2061000000.0,,10593000000.0,12654000000.0,32087000000,13354000000.0,1617000000.0,23127000000.0,4494000000.0,10823000000.0,33950000000,526000000.0,,-1075000000.0,-1863000000.0,32087000000,1058000000.0,127000000.0,645000000.0,-780000000.0,-234000000.0,86000000.0,201000000.0,-833000000.0,1050000000.0,-113000000.0,170000000.0,0.0,621000000.0,-227000000.0,-1911000000.0,-801000000.0,-2899000000.0,-1228000000,2018-04-30,21.65999984741211,21.86000061035156,21.3799991607666,21.489999771118164,19.41595268249512,7536600.0
2018-07-31,14586000000.0,-11902000000.0,2684000000.0,-1594000000.0,-1227000000.0,-347000000.0,-20000000.0,1090000000.0,-62000000.0,,1028000000,-10000000.0,1018000000,-138000000.0,880000000,,880000000,880000000,6195000000.0,4615000000.0,6091000000.0,21776000000.0,2112000000.0,,10366000000.0,12478000000.0,34254000000,14510000000.0,2681000000.0,25506000000.0,4503000000.0,10515000000.0,36021000000,602000000.0,,-1039000000.0,-1767000000.0,34254000000,880000000.0,132000000.0,240000000.0,262000000.0,-15000000.0,-571000000.0,1187000000.0,-339000000.0,1514000000.0,-117000000.0,227000000.0,-16000000.0,299000000.0,-223000000.0,1022000000.0,-696000000.0,135000000.0,1948000000,2018-07-31,23.1200008392334,23.21999931335449,23.04999923706055,23.07999992370605,20.97391700744629,6092600.0
2018-10-31,15366000000.0,-12709000000.0,2657000000.0,-1577000000.0,-1203000000.0,-354000000.0,-20000000.0,1080000000.0,-40000000.0,,1040000000,-33000000.0,1007000000,444000000.0,1451000000,0.0,1451000000,1451000000,5166000000.0,5113000000.0,6062000000.0,21387000000.0,2198000000.0,,11037000000.0,13235000000.0,34622000000,15156000000.0,1463000000.0,25131000000.0,4524000000.0,10130000000.0,35261000000,679000000.0,,-473000000.0,-639000000.0,34622000000,1451000000.0,140000000.0,-336000000.0,-287000000.0,-514000000.0,-15000000.0,519000000.0,-277000000.0,968000000.0,-125000000.0,212000000.0,0.0,87000000.0,-219000000.0,-1285000000.0,-598000000.0,-2084000000.0,-1029000000,2018-10-31,23.84000015258789,24.3700008392334,23.78000068664551,24.13999938964844,22.061599731445312,9992200.0
2019-01-31,14710000000.0,-12153000000.0,2557000000.0,-1621000000.0,-1248000000.0,-344000000.0,-29000000.0,936000000.0,-26000000.0,,910000000,-10000000.0,900000000,-97000000.0,803000000,,803000000,803000000,3367000000.0,5113000000.0,5649000000.0,18936000000.0,2312000000.0,,11242000000.0,13554000000.0,32490000000,14840000000.0,297000000.0,24199000000.0,4706000000.0,10128000000.0,34327000000,681000000.0,,-1431000000.0,-1837000000.0,32490000000,803000000.0,168000000.0,205000000.0,-314000000.0,211000000.0,191000000.0,-184000000.0,-532000000.0,862000000.0,-189000000.0,275000000.0,-404000000.0,-318000000.0,-249000000.0,-1291000000.0,-720000000.0,-2343000000.0,-1799000000,2019-01-31,22.200000762939453,22.26000022888184,22.01000022888184,22.030000686645508,20.27713966369629,11203200.0
2019-04-30,14036000000.0,-11376000000.0,2660000000.0,-1721000000.0,-1339000000.0,-353000000.0,-29000000.0,939000000.0,-45000000.0,,894000000,-11000000.0,883000000,-101000000.0,782000000,,782000000,782000000,3556000000.0,5414000000.0,5394000000.0,18285000000.0,2412000000.0,,11249000000.0,13661000000.0,31946000000,14045000000.0,290000000.0,23203000000.0,4749000000.0,10230000000.0,33433000000,738000000.0,,-1325000000.0,-1487000000.0,31946000000,782000000.0,181000000.0,199000000.0,-301000000.0,-314000000.0,171000000.0,-779000000.0,621000000.0,861000000.0,-114000000.0,410000000.0,0.0,296000000.0,-245000000.0,-39000000.0,-691000000.0,-968000000.0,189000000,2019-04-30,19.600000381469727,19.959999084472656,19.57999992370605,19.950000762939453,18.518253326416016,8299200.0
2019-07-31,14603000000.0,-11715000000.0,2888000000.0,-1818000000.0,-1376000000.0,-413000000.0,-29000000.0,1070000000.0,-831000000.0,,239000000,9000000.0,248000000,931000000.0,1179000000,,1179000000,1179000000,4919000000.0,5295000000.0,5716000000.0,19683000000.0,2462000000.0,,10260000000.0,12722000000.0,32405000000,14792000000.0,328000000.0,24579000000.0,4730000000.0,8957000000.0,33536000000,800000000.0,,-1068000000.0,-1131000000.0,32405000000,1179000000.0,190000000.0,330000000.0,644000000.0,81000000.0,-386000000.0,825000000.0,124000000.0,2343000000.0,-172000000.0,6000000.0,-23000000.0,-189000000.0,-240000000.0,-36000000.0,-533000000.0,-791000000.0,1363000000,2019-07-31,21.479999542236328,21.57999992370605,20.88999938964844,21.040000915527344,19.6884880065918,12752200.0
2019-10-31,15407000000.0,-12617000000.0,2790000000.0,-1823000000.0,-1405000000.0,-389000000.0,-29000000.0,967000000.0,-452000000.0,,515000000,-23000000.0,492000000,-104000000.0,388000000,,388000000,388000000,4537000000.0,6031000000.0,5734000000.0,20177000000.0,2794000000.0,,10496000000.0,13290000000.0,33467000000,14793000000.0,357000000.0,25293000000.0,4780000000.0,9367000000.0,34660000000,850000000.0,,-818000000.0,-1193000000.0,33467000000,388000000.0,205000000.0,225000000.0,-230000000.0,-739000000.0,-44000000.0,85000000.0,468000000.0,588000000.0,-196000000.0,0.0,-31000000.0,-227000000.0,-236000000.0,-43000000.0,-461000000.0,-743000000.0,-382000000,2019-10-31,17.530000686645508,17.6200008392334,17.15999984741211,17.370000839233402,16.39219856262207,11414800.0
2020-01-31,14618000000.0,-11746000000.0,2872000000.0,-1716000000.0,-1290000000.0,-400000000.0,-26000000.0,1156000000.0,13000000.0,13000000.0,1169000000,-291000000.0,878000000,-200000000.0,678000000,,678000000,678000000,4205000000.0,4857000000.0,4946000000.0,17477000000.0,2756000000.0,,11423000000.0,14179000000.0,31656000000,12808000000.0,923000000.0,23867000000.0,3932000000.0,9423000000.0,33290000000,880000000.0,,-1306000000.0,-1634000000.0,31656000000,678000000.0,198000000.0,537000000.0,-128000000.0,1167000000.0,761000000.0,-1919000000.0,-137000000.0,1285000000.0,-198000000.0,-300000000.0,,-498000000.0,-256000000.0,-56000000.0,-691000000.0,-1119000000.0,-332000000,2020-01-31,21.450000762939453,21.530000686645508,21.15999984741211,21.31999969482422,20.29433250427246,11420500.0
2020-04-30,12469000000.0,-9976000000.0,2493000000.0,-1583000000.0,-1216000000.0,-338000000.0,-29000000.0,910000000.0,,,910000000,-84000000.0,826000000,-62000000.0,764000000,,764000000,764000000,4054000000.0,5146000000.0,6354000000.0,19660000000.0,2714000000.0,,11399000000.0,14113000000.0,33773000000,14195000000.0,1551000000.0,25276000000.0,3941000000.0,9240000000.0,34516000000,940000000.0,,-633000000.0,-743000000.0,33773000000,764000000.0,198000000.0,189000000.0,-1661000000.0,-311000000.0,-1406000000.0,1401000000.0,-1345000000.0,-510000000.0,-146000000.0,300000000.0,-36000000.0,118000000.0,-252000000.0,612000000.0,-123000000.0,241000000.0,-151000000,2020-04-30,16.170000076293945,16.180000305175778,15.489999771118164,15.510000228881836,14.902173042297365,11954700.0
2020-07-31,14294000000.0,-11960000000.0,2334000000.0,-1544000000.0,-1156000000.0,-359000000.0,-29000000.0,790000000.0,-28000000.0,,762000000,-11000000.0,751000000,-17000000.0,734000000,,734000000,734000000,4679000000.0,5269000000.0,5896000000.0,20269000000.0,2658000000.0,,11317000000.0,13975000000.0,34244000000,14276000000.0,276000000.0,25026000000.0,5981000000.0,11204000000.0,36230000000,972000000.0,,-1353000000.0,-1986000000.0,34244000000,734000000.0,197000000.0,241000000.0,495000000.0,-157000000.0,398000000.0,85000000.0,169000000.0,1667000000.0,-117000000.0,-230000000.0,36000000.0,-551000000.0,-251000000.0,726000000.0,-953000000.0,-491000000.0,625000000,2020-07-31,17.280000686645508,17.6299991607666,17.149999618530273,17.579999923706055,17.056264877319336,14603400.0
