Report Date,Revenue,Cost of Revenue,Gross Profit,Operating Expenses,"Selling, General & Administrative",Research & Development,Depreciation & Amortization,Operating Income (Loss),Non-Operating Income (Loss),"Interest Expense, Net","Pretax Income (Loss), Adj.",Abnormal Gains (Losses),Pretax Income (Loss),"Income Tax (Expense) Benefit, Net",Income (Loss) from Continuing Operations,Net Extraordinary Gains (Losses),Net Income,Net Income (Common),"Cash, Cash Equivalents & Short Term Investments",Accounts & Notes Receivable,Inventories,Total Current Assets,"Property, Plant & Equipment, Net",Long Term Investments & Receivables,Other Long Term Assets,Total Noncurrent Assets,Total Assets,Payables & Accruals,Short Term Debt,Total Current Liabilities,Long Term Debt,Total Noncurrent Liabilities,Total Liabilities,Share Capital & Additional Paid-In Capital,Treasury Stock,Retained Earnings,Total Equity,Total Liabilities & Equity,Net Income/Starting Line,Depreciation & Amortization,Non-Cash Items,Change in Working Capital,Change in Accounts Receivable,Change in Inventories,Change in Accounts Payable,Change in Other,Net Cash from Operating Activities,Change in Fixed Assets & Intangibles,Net Change in Long Term Investment,Net Cash from Acquisitions & Divestitures,Net Cash from Investing Activities,Dividends Paid,Cash from (Repayment of) Debt,Cash from (Repurchase of) Equity,Net Cash from Financing Activities,Net Change in Cash,Price Date,Open,High,Low,Close,Adj Close,Volume
2009-06-30,23251000000.0,-12669000000.0,10582000000.0,-6549000000.0,-5115000000.0,-1434000000.0,,4033000000.0,-73000000.0,-101000000.0,3960000000,302000000.0,4262000000,-1159000000.0,3103000000,,3103000000,3103000000,12526000000.0,9561000000.0,2691000000.0,44434000000.0,13948000000.0,4813000000.0,40458000000.0,59219000000.0,103653000000,5869000000.0,8504000000.0,36430000000.0,20868000000.0,51751000000.0,88181000000,39774000000.0,-77679000000.0,74328000000.0,15474000000.0,103655000000,3103000000.0,1242000000.0,90000000.0,306000000.0,,,,,4741000000.0,-705000000.0,-1006000000.0,-79000000.0,-1848000000.0,-732000000.0,-1621000000.0,-1391000000.0,-3744000000.0,-616000000,2009-06-30,105.69000244140624,106.02999877929688,103.80999755859376,104.41999816894531,70.67169952392578,7512600.0
2009-09-30,23566000000.0,-12938000000.0,10628000000.0,-6459000000.0,-5013000000.0,-1446000000.0,,4169000000.0,-89000000.0,-84000000.0,4080000000,294000000.0,4374000000,-1159000000.0,3215000000,,3215000000,3215000000,11512000000.0,9426000000.0,2546000000.0,43446000000.0,14189000000.0,5051000000.0,40989000000.0,60229000000.0,103675000000,6145000000.0,4885000000.0,32961000000.0,20583000000.0,52221000000.0,85182000000,40482000000.0,-78411000000.0,76812000000.0,18494000000.0,103676000000,3214000000.0,1258000000.0,137000000.0,587000000.0,,,,,5196000000.0,-817000000.0,-1393000000.0,25000000.0,-2339000000.0,-726000000.0,-4492000000.0,51000000.0,-5167000000.0,-2150000000,2009-09-30,119.18000030517578,120.0,117.5500030517578,119.61000061035156,81.32989501953125,7733300.0
2009-12-31,27231000000.0,-14084000000.0,13147000000.0,-7020000000.0,-5560000000.0,-1460000000.0,,6127000000.0,-57000000.0,-81000000.0,6070000000,313000000.0,6383000000,-1568000000.0,4815000000,,4815000000,4815000000,13974000000.0,10736000000.0,2494000000.0,48937000000.0,14165000000.0,5379000000.0,40543000000.0,60087000000.0,109024000000,7436000000.0,4168000000.0,36003000000.0,21932000000.0,50266000000.0,86269000000,41810000000.0,-81243000000.0,80900000000.0,22755000000.0,109024000000,4813000000.0,1265000000.0,1870000000.0,-1499000000.0,,,,,6449000000.0,-996000000.0,404000000.0,-1075000000.0,-2495000000.0,-727000000.0,1034000000.0,-1514000000.0,-1207000000.0,2652000000,2009-12-31,132.41000366210938,132.85000610351562,130.75,130.89999389648438,89.40608978271484,4223400.0
2010-03-31,22858000000.0,-12881000000.0,9977000000.0,-7186000000.0,-5677000000.0,-1509000000.0,,2791000000.0,463000000.0,-82000000.0,3254000000,261000000.0,3515000000,-914000000.0,2601000000,,2601000000,2601000000,13977000000.0,9324000000.0,2524000000.0,45698000000.0,13840000000.0,5794000000.0,39875000000.0,59509000000.0,105207000000,6345000000.0,5014000000.0,34576000000.0,21305000000.0,48483000000.0,83059000000,42665000000.0,-85238000000.0,82783000000.0,22148000000.0,105207000000,2601000000.0,1210000000.0,-409000000.0,1033000000.0,,,,,4435000000.0,-758000000.0,572000000.0,-824000000.0,-699000000.0,-718000000.0,481000000.0,-3132000000.0,-3369000000.0,286000000,2010-03-31,128.22999572753906,128.75,127.6500015258789,128.25,87.98793029785156,4904800.0
2010-06-30,23723000000.0,-12914000000.0,10809000000.0,-6536000000.0,-5061000000.0,-1475000000.0,,4273000000.0,5000000.0,-90000000.0,4278000000,297000000.0,4575000000,-1190000000.0,3385000000,,3385000000,3385000000,12241000000.0,9051000000.0,2595000000.0,44896000000.0,13534000000.0,6038000000.0,38952000000.0,58524000000.0,103420000000,7233000000.0,5633000000.0,34993000000.0,21017000000.0,47251000000.0,82244000000,43522000000.0,-89276000000.0,85323000000.0,21176000000.0,103420000000,3386000000.0,1183000000.0,139000000.0,-940000000.0,,,,,3768000000.0,-828000000.0,-617000000.0,-185000000.0,-1946000000.0,-833000000.0,249000000.0,-3162000000.0,-3746000000.0,-2144000000,2010-06-30,124.83000183105469,125.22000122070312,123.0,123.4800033569336,85.14961242675781,8018000.0
2010-09-30,24271000000.0,-13270000000.0,11001000000.0,-6613000000.0,-5149000000.0,-1464000000.0,,4388000000.0,11000000.0,-95000000.0,4399000000,278000000.0,4677000000,-1088000000.0,3589000000,,3589000000,3589000000,11086000000.0,9717000000.0,2629000000.0,44468000000.0,14009000000.0,6166000000.0,42530000000.0,62705000000.0,107173000000,7084000000.0,5556000000.0,35443000000.0,21899000000.0,49373000000.0,84816000000,44328000000.0,-92707000000.0,88095000000.0,22358000000.0,107174000000,3589000000.0,1203000000.0,73000000.0,-314000000.0,,,,,4551000000.0,-862000000.0,1321000000.0,-1984000000.0,-1780000000.0,-818000000.0,218000000.0,-2855000000.0,-3455000000.0,-466000000,2010-09-30,135.5,136.11000061035156,133.66999816894528,134.13999938964844,92.95890045166016,6425800.0
2010-12-31,29019000000.0,-14792000000.0,14227000000.0,-7528000000.0,-5950000000.0,-1578000000.0,,6699000000.0,-60000000.0,-101000000.0,6639000000,318000000.0,6957000000,-1698000000.0,5259000000,,5259000000,5259000000,11651000000.0,10834000000.0,2450000000.0,48116000000.0,14096000000.0,5778000000.0,45460000000.0,65334000000.0,113450000000,7804000000.0,6778000000.0,40562000000.0,21846000000.0,49716000000.0,90278000000,45418000000.0,-96161000000.0,92532000000.0,23172000000.0,113450000000,5257000000.0,1235000000.0,1319000000.0,-1016000000.0,,,,,6795000000.0,-967000000.0,472000000.0,-2874000000.0,-4083000000.0,-808000000.0,1402000000.0,-2452000000.0,-1858000000.0,802000000,2010-12-31,146.72999572753906,147.07000732421875,145.9600067138672,146.75999450683594,102.15650177001952,2969800.0
2011-03-31,24607000000.0,-13749000000.0,10858000000.0,-7413000000.0,-5826000000.0,-1587000000.0,,3445000000.0,109000000.0,-93000000.0,3554000000,262000000.0,3816000000,-954000000.0,2862000000,,2862000000,2862000000,13245000000.0,10148000000.0,2549000000.0,47523000000.0,14208000000.0,5380000000.0,45850000000.0,65438000000.0,112961000000,6747000000.0,8508000000.0,40388000000.0,21749000000.0,49798000000.0,90186000000,46278000000.0,-100078000000.0,94590000000.0,22775000000.0,112961000000,2863000000.0,1228000000.0,-150000000.0,-147000000.0,,,,,3794000000.0,-915000000.0,1066000000.0,-51000000.0,498000000.0,-795000000.0,1650000000.0,-3168000000.0,-2313000000.0,2105000000,2011-03-31,163.39999389648438,164.05999755859375,163.07000732421875,163.07000732421875,113.95897674560548,3860800.0
2011-06-30,26666000000.0,-14282000000.0,12384000000.0,-7599000000.0,-6030000000.0,-1569000000.0,,4785000000.0,-194000000.0,-97000000.0,4591000000,295000000.0,4886000000,-1221000000.0,3665000000,,3665000000,3665000000,11764000000.0,10539000000.0,2573000000.0,46937000000.0,14239000000.0,5329000000.0,46968000000.0,66536000000.0,113473000000,7112000000.0,7858000000.0,39843000000.0,21915000000.0,50421000000.0,90264000000,46975000000.0,-104073000000.0,97334000000.0,23211000000.0,113475000000,3663000000.0,1207000000.0,99000000.0,-692000000.0,,,,,4277000000.0,-810000000.0,535000000.0,-104000000.0,-585000000.0,-905000000.0,-698000000.0,-3302000000.0,-4905000000.0,-1054000000,2011-06-30,171.11000061035156,172.4499969482422,170.75,171.5500030517578,120.42125701904295,5105200.0
2011-09-30,26157000000.0,-13984000000.0,12173000000.0,-7208000000.0,-5662000000.0,-1546000000.0,,4965000000.0,-235000000.0,-107000000.0,4730000000,298000000.0,5028000000,-1188000000.0,3840000000,,3840000000,3840000000,11303000000.0,9719000000.0,2663000000.0,45372000000.0,13887000000.0,5422000000.0,45477000000.0,64786000000.0,110158000000,7093000000.0,6071000000.0,36028000000.0,24089000000.0,51752000000.0,87780000000,47558000000.0,-107434000000.0,100266000000.0,22378000000.0,110158000000,3839000000.0,1192000000.0,297000000.0,-649000000.0,,,,,4679000000.0,-855000000.0,193000000.0,-64000000.0,-805000000.0,-893000000.0,191000000.0,-2966000000.0,-3668000000.0,-409000000,2011-09-30,176.00999450683594,178.27000427246094,174.75,174.8699951171875,123.28626251220705,7807400.0
2011-12-31,29486000000.0,-14763000000.0,14723000000.0,-7632000000.0,-6076000000.0,-1556000000.0,,7091000000.0,-71000000.0,-114000000.0,7020000000,253000000.0,7273000000,-1785000000.0,5488000000,,5488000000,5488000000,11922000000.0,11179000000.0,2595000000.0,50928000000.0,13883000000.0,4895000000.0,46727000000.0,65505000000.0,116433000000,8517000000.0,8463000000.0,42124000000.0,22857000000.0,54074000000.0,96198000000,48129000000.0,-110963000000.0,104857000000.0,20235000000.0,116433000000,5490000000.0,1188000000.0,1321000000.0,-902000000.0,,,,,7097000000.0,-920000000.0,-43000000.0,-1578000000.0,-3504000000.0,-880000000.0,1227000000.0,-3157000000.0,-2810000000.0,620000000,2011-12-30,186.3300018310547,186.47999572753903,183.8500061035156,183.8800048828125,130.15959167480472,3530900.0
2012-03-31,24673000000.0,-13554000000.0,11119000000.0,-7487000000.0,-5886000000.0,-1601000000.0,,3632000000.0,-52000000.0,-110000000.0,3580000000,255000000.0,3835000000,-769000000.0,3066000000,,3066000000,3066000000,12335000000.0,10012000000.0,2754000000.0,48846000000.0,13945000000.0,4822000000.0,47732000000.0,66499000000.0,115345000000,7416000000.0,6293000000.0,38209000000.0,25760000000.0,56355000000.0,94564000000,48800000000.0,-114020000000.0,107036000000.0,20783000000.0,115347000000,3066000000.0,1157000000.0,25000000.0,43000000.0,,,,,4291000000.0,-842000000.0,-546000000.0,-1319000000.0,-2231000000.0,-870000000.0,951000000.0,-2396000000.0,-2315000000.0,-88000000,2012-03-30,208.7400054931641,209.1199951171875,208.00999450683597,208.6499938964844,148.26815795898438,3215200.0
2012-06-30,25782000000.0,-13502000000.0,12280000000.0,-7424000000.0,-5837000000.0,-1587000000.0,,4856000000.0,15000000.0,-117000000.0,4871000000,289000000.0,5160000000,-1280000000.0,3880000000,,3880000000,3880000000,11187000000.0,10172000000.0,2758000000.0,47393000000.0,13865000000.0,4730000000.0,47844000000.0,66439000000.0,113832000000,7482000000.0,7669000000.0,38903000000.0,24766000000.0,54365000000.0,93268000000,49157000000.0,-117116000000.0,109928000000.0,20563000000.0,113831000000,3882000000.0,1176000000.0,185000000.0,-807000000.0,,,,,4436000000.0,-1118000000.0,138000000.0,-593000000.0,-1683000000.0,-978000000.0,303000000.0,-2688000000.0,-3363000000.0,-970000000,2012-06-29,194.5500030517578,195.80999755859372,192.41000366210938,195.5800018310547,139.56277465820312,5259600.0
2012-09-30,24747000000.0,-13015000000.0,11732000000.0,-7442000000.0,-5908000000.0,-1534000000.0,,4290000000.0,482000000.0,-124000000.0,4772000000,303000000.0,5075000000,-1251000000.0,3824000000,,3824000000,3824000000,12254000000.0,9772000000.0,2586000000.0,48141000000.0,14028000000.0,5006000000.0,48605000000.0,67639000000.0,115780000000,7085000000.0,9334000000.0,39499000000.0,24333000000.0,54613000000.0,94112000000,49603000000.0,-120115000000.0,112773000000.0,21667000000.0,115779000000,3823000000.0,1191000000.0,-397000000.0,-104000000.0,,,,,4513000000.0,-889000000.0,-217000000.0,233000000.0,-997000000.0,-968000000.0,1167000000.0,-2706000000.0,-2507000000.0,1046000000,2012-09-28,205.66000366210938,208.32000732421875,205.30999755859372,207.4499969482422,148.66506958007812,4910900.0
2012-12-31,27672000000.0,-12442000000.0,15230000000.0,-6926000000.0,-5832000000.0,-1094000000.0,,8304000000.0,-61000000.0,-108000000.0,8243000000,227000000.0,8470000000,-2241000000.0,6229000000,-395000000.0,5834000000,5834000000,11129000000.0,10667000000.0,2287000000.0,49433000000.0,13996000000.0,5021000000.0,50764000000.0,69781000000.0,119214000000,7952000000.0,9181000000.0,43625000000.0,24088000000.0,56604000000.0,100229000000,50110000000.0,-123131000000.0,117641000000.0,18985000000.0,119214000000,5833000000.0,1152000000.0,943000000.0,-1581000000.0,,,,,6347000000.0,-823000000.0,-342000000.0,-1444000000.0,-4094000000.0,-957000000.0,-169000000.0,-2665000000.0,-3791000000.0,-1498000000,2012-12-31,189.22999572753903,191.67999267578125,188.83999633789062,191.5500030517578,137.87139892578122,4684900.0
2013-03-31,23408000000.0,-12730000000.0,10678000000.0,-7221000000.0,-5577000000.0,-1644000000.0,,3457000000.0,-34000000.0,-94000000.0,3423000000,183000000.0,3606000000,-574000000.0,3032000000,,3032000000,3032000000,11992000000.0,10084000000.0,2421000000.0,48948000000.0,13597000000.0,5011000000.0,49702000000.0,68310000000.0,117258000000,7203000000.0,8725000000.0,42124000000.0,24672000000.0,55921000000.0,98045000000,50522000000.0,-125677000000.0,119713000000.0,19214000000.0,117259000000,3032000000.0,1153000000.0,82000000.0,-244000000.0,,,,,4023000000.0,-591000000.0,-967000000.0,-48000000.0,-1013000000.0,-948000000.0,469000000.0,-2237000000.0,-2716000000.0,173000000,2013-03-28,209.8300018310547,213.44000244140625,209.7400054931641,213.3000030517578,154.17251586914062,3749900.0
2013-06-30,24924000000.0,-12792000000.0,12132000000.0,-8228000000.0,-6680000000.0,-1548000000.0,,3904000000.0,-7000000.0,-98000000.0,3897000000,247000000.0,4144000000,-918000000.0,3226000000,,3226000000,3226000000,10357000000.0,10277000000.0,2389000000.0,47912000000.0,13356000000.0,4721000000.0,49164000000.0,67241000000.0,115153000000,6821000000.0,7830000000.0,41037000000.0,26292000000.0,56232000000.0,97269000000,50886000000.0,-129239000000.0,121883000000.0,17883000000.0,115152000000,3226000000.0,1136000000.0,213000000.0,-1400000000.0,,,,,3175000000.0,-802000000.0,591000000.0,-119000000.0,-862000000.0,-1048000000.0,973000000.0,-3251000000.0,-3326000000.0,-1025000000,2013-06-28,191.72999572753903,192.66000366210938,188.41000366210938,191.1100006103516,138.78114318847656,10055800.0
2013-09-30,23338000000.0,-11908000000.0,11430000000.0,-6616000000.0,-5260000000.0,-1356000000.0,,4814000000.0,-34000000.0,-97000000.0,4780000000,191000000.0,4971000000,-832000000.0,4139000000,-98000000.0,4041000000,4041000000,10232000000.0,9865000000.0,2492000000.0,47533000000.0,13877000000.0,4718000000.0,51718000000.0,70313000000.0,117846000000,6263000000.0,7702000000.0,39222000000.0,28478000000.0,58616000000.0,97838000000,51203000000.0,-131240000000.0,124885000000.0,20008000000.0,117846000000,4041000000.0,1175000000.0,21000000.0,-1477000000.0,,,,,3760000000.0,-910000000.0,693000000.0,-2148000000.0,-2548000000.0,-1037000000.0,1958000000.0,-1748000000.0,-827000000.0,514000000,2013-09-30,185.55999755859372,186.7400054931641,184.33999633789062,185.17999267578125,135.1470947265625,3978200.0
2013-12-31,26698000000.0,-12253000000.0,14445000000.0,-7129000000.0,-5934000000.0,-1195000000.0,,7316000000.0,6000000.0,-113000000.0,7322000000,201000000.0,7523000000,-1039000000.0,6484000000,-300000000.0,6184000000,6184000000,11066000000.0,10465000000.0,2310000000.0,51351000000.0,13821000000.0,4639000000.0,56412000000.0,74872000000.0,126223000000,7461000000.0,6862000000.0,40154000000.0,32856000000.0,63140000000.0,103294000000,51594000000.0,-137242000000.0,130042000000.0,22929000000.0,126223000000,6184000000.0,1214000000.0,-1548000000.0,675000000.0,,,,,6525000000.0,-948000000.0,-52000000.0,-444000000.0,-2902000000.0,-1025000000.0,3561000000.0,-5549000000.0,-3013000000.0,642000000,2013-12-31,186.4900054931641,187.7899932861328,186.3000030517578,187.57000732421875,137.62651062011722,3619700.0
2014-03-31,22235000000.0,-11608000000.0,10627000000.0,-7674000000.0,-6272000000.0,-1402000000.0,,2953000000.0,22000000.0,-105000000.0,2975000000,207000000.0,3182000000,-653000000.0,2529000000,-146000000.0,2383000000,2383000000,9704000000.0,9682000000.0,2456000000.0,47959000000.0,13683000000.0,5030000000.0,55974000000.0,74687000000.0,122646000000,6865000000.0,9312000000.0,41059000000.0,34668000000.0,64847000000.0,105906000000,51943000000.0,-145612000000.0,131431000000.0,16739000000.0,122645000000,2384000000.0,1141000000.0,-37000000.0,-162000000.0,,,,,3326000000.0,-775000000.0,131000000.0,127000000.0,36000000.0,-990000000.0,4213000000.0,-7896000000.0,-4673000000.0,-1306000000,2014-03-31,191.63999938964844,193.7700042724609,191.3999938964844,192.4900054931641,142.01072692871094,8537300.0
2014-06-30,24047000000.0,-12004000000.0,12043000000.0,-6954000000.0,-5593000000.0,-1361000000.0,,5089000000.0,66000000.0,-136000000.0,5155000000,191000000.0,5346000000,-1096000000.0,4250000000,-115000000.0,4135000000,4135000000,9720000000.0,9902000000.0,2338000000.0,48181000000.0,13748000000.0,5369000000.0,57015000000.0,76132000000.0,124313000000,6271000000.0,12462000000.0,42433000000.0,34008000000.0,64368000000.0,106801000000,52163000000.0,-148900000000.0,134483000000.0,17513000000.0,124314000000,4137000000.0,1166000000.0,-122000000.0,-1601000000.0,,,,,3580000000.0,-799000000.0,275000000.0,-322000000.0,-1002000000.0,-1096000000.0,2367000000.0,-3531000000.0,-2260000000.0,305000000,2014-06-30,181.3300018310547,181.92999267578125,180.25999450683597,181.2700042724609,134.51177978515622,4223800.0
2014-09-30,22397000000.0,-11523000000.0,10874000000.0,-6635000000.0,-5281000000.0,-1354000000.0,,4239000000.0,-23000000.0,-126000000.0,4216000000,145000000.0,4361000000,-906000000.0,3455000000,-3437000000.0,18000000,18000000,9565000000.0,9122000000.0,2356000000.0,47164000000.0,11068000000.0,5126000000.0,55551000000.0,71745000000.0,118909000000,5855000000.0,12876000000.0,42305000000.0,32821000000.0,62210000000.0,104515000000,52446000000.0,-150616000000.0,133403000000.0,14395000000.0,118910000000,18000000.0,1139000000.0,3659000000.0,-912000000.0,,,,,3904000000.0,-894000000.0,-154000000.0,34000000.0,-799000000.0,-1090000000.0,-158000000.0,-1571000000.0,-2819000000.0,-153000000,2014-09-30,189.63999938964844,190.8500061035156,189.1499938964844,189.8300018310547,141.69680786132812,2932600.0
2014-12-31,24114000000.0,-11251000000.0,12863000000.0,-7354000000.0,-6034000000.0,-1320000000.0,,5509000000.0,1389000000.0,-117000000.0,6898000000,199000000.0,7097000000,-1579000000.0,5518000000,-31000000.0,5487000000,5487000000,8476000000.0,9090000000.0,2103000000.0,47377000000.0,10771000000.0,5520000000.0,53604000000.0,69895000000.0,117272000000,6864000000.0,5731000000.0,39581000000.0,34991000000.0,65676000000.0,105257000000,52666000000.0,-150715000000.0,137793000000.0,12015000000.0,117272000000,5483000000.0,1046000000.0,-1379000000.0,909000000.0,,,,,6059000000.0,-868000000.0,-97000000.0,1862000000.0,-1236000000.0,-1089000000.0,-4639000000.0,28000000.0,-5700000000.0,-1085000000,2014-12-31,160.41000366210938,161.5,160.3800048828125,160.44000244140625,120.5785675048828,4011900.0
2015-03-31,19590000000.0,-10138000000.0,9452000000.0,-6660000000.0,-5362000000.0,-1298000000.0,,2792000000.0,35000000.0,-108000000.0,2827000000,173000000.0,3000000000,-585000000.0,2415000000,-88000000.0,2327000000,2327000000,8804000000.0,8806000000.0,1970000000.0,46318000000.0,10510000000.0,5466000000.0,49746000000.0,65722000000.0,112040000000,6314000000.0,4532000000.0,35640000000.0,34295000000.0,64108000000.0,99748000000,52928000000.0,-151975000000.0,139030000000.0,12289000000.0,112037000000,2328000000.0,968000000.0,479000000.0,-165000000.0,,,,,3610000000.0,-810000000.0,-3000000.0,-129000000.0,560000000.0,-1088000000.0,-1310000000.0,-1004000000.0,-3402000000.0,319000000,2015-03-31,161.0800018310547,162.3300018310547,160.39999389648438,160.5,121.46981048583984,4255400.0
2015-06-30,20814000000.0,-10423000000.0,10391000000.0,-6479000000.0,-5179000000.0,-1300000000.0,,3912000000.0,186000000.0,-115000000.0,4098000000,128000000.0,4226000000,-698000000.0,3528000000,-77000000.0,3451000000,3451000000,8760000000.0,8632000000.0,1912000000.0,45185000000.0,10703000000.0,5377000000.0,51463000000.0,67543000000.0,112728000000,5943000000.0,5329000000.0,35535000000.0,33339000000.0,63356000000.0,98891000000,53059000000.0,-153162000000.0,141218000000.0,13836000000.0,112727000000,3449000000.0,961000000.0,-33000000.0,-494000000.0,,,,,3883000000.0,-730000000.0,-249000000.0,-498000000.0,-1931000000.0,-1278000000.0,-211000000.0,-1078000000.0,-2567000000.0,-402000000,2015-06-30,163.99000549316406,164.0,162.1199951171875,162.66000366210938,124.0361557006836,3597300.0
2015-09-30,19280000000.0,-9844000000.0,9436000000.0,-6018000000.0,-4731000000.0,-1287000000.0,,3418000000.0,16000000.0,-117000000.0,3434000000,188000000.0,3622000000,-659000000.0,2963000000,-12000000.0,2951000000,2951000000,9568000000.0,7987000000.0,1613000000.0,42112000000.0,10661000000.0,5586000000.0,50290000000.0,66537000000.0,108649000000,5166000000.0,7538000000.0,33732000000.0,32122000000.0,61466000000.0,95198000000,53220000000.0,-154669000000.0,142898000000.0,13451000000.0,108649000000,2950000000.0,936000000.0,555000000.0,-205000000.0,,,,,4236000000.0,-816000000.0,276000000.0,-682000000.0,-1343000000.0,-1270000000.0,913000000.0,-1493000000.0,-1850000000.0,1085000000,2015-09-30,143.69000244140625,145.7100067138672,143.66000366210938,144.97000122070312,111.46439361572266,3946200.0
2015-12-31,22058000000.0,-10652000000.0,11406000000.0,-6520000000.0,-5158000000.0,-1362000000.0,,4886000000.0,19000000.0,-128000000.0,4905000000,193000000.0,5098000000,-639000000.0,4459000000,3000000.0,4462000000,4462000000,8194000000.0,8333000000.0,1551000000.0,42504000000.0,10727000000.0,5187000000.0,52077000000.0,67991000000.0,110495000000,6028000000.0,6461000000.0,34270000000.0,33428000000.0,61802000000.0,96072000000,53262000000.0,-155518000000.0,146124000000.0,14423000000.0,110495000000,4463000000.0,990000000.0,1406000000.0,-1332000000.0,,,,,5527000000.0,-853000000.0,-255000000.0,-2441000000.0,-5446000000.0,-1261000000.0,627000000.0,-960000000.0,-1594000000.0,-1792000000,2015-12-31,139.07000732421878,139.10000610351562,137.57000732421878,137.6199951171875,106.8056640625,3462100.0
2016-03-31,18684000000.0,-9998000000.0,8686000000.0,-7470000000.0,-6012000000.0,-1458000000.0,,1216000000.0,-400000000.0,-147000000.0,816000000,217000000.0,1033000000,983000000.0,2016000000,-3000000.0,2013000000,2013000000,14869000000.0,8527000000.0,1690000000.0,47623000000.0,10910000000.0,5223000000.0,55102000000.0,71235000000.0,118858000000,5302000000.0,5303000000.0,34665000000.0,40254000000.0,69119000000.0,103784000000,53439000000.0,-156404000000.0,146888000000.0,15072000000.0,118856000000,2014000000.0,1024000000.0,305000000.0,2187000000.0,,,,,5530000000.0,-827000000.0,128000000.0,-2543000000.0,-1886000000.0,-1250000000.0,4964000000.0,-907000000.0,2807000000.0,6668000000,2016-03-31,149.7899932861328,153.10000610351562,149.36000061035156,151.4499969482422,118.73963928222656,6780600.0
2016-06-30,20239000000.0,-10536000000.0,9703000000.0,-6814000000.0,-5349000000.0,-1465000000.0,,2889000000.0,-204000000.0,-167000000.0,2685000000,365000000.0,3050000000,-544000000.0,2506000000,0.0,2506000000,2506000000,10617000000.0,8782000000.0,1685000000.0,43525000000.0,11092000000.0,5259000000.0,58181000000.0,74532000000.0,118057000000,5484000000.0,4887000000.0,33584000000.0,39638000000.0,68583000000.0,102167000000,53565000000.0,-157298000000.0,148071000000.0,15890000000.0,118057000000,2504000000.0,1103000000.0,123000000.0,-272000000.0,,,,,3458000000.0,-827000000.0,-486000000.0,-2827000000.0,-4451000000.0,-1340000000.0,-1035000000.0,-865000000.0,-3240000000.0,-4336000000,2016-06-30,148.86000061035156,151.91000366210938,148.6699981689453,151.77999877929688,120.14672088623048,3967100.0
2016-09-30,19227000000.0,-10213000000.0,9014000000.0,-6129000000.0,-4732000000.0,-1397000000.0,,2885000000.0,-150000000.0,-158000000.0,2735000000,528000000.0,3263000000,-409000000.0,2854000000,-1000000.0,2853000000,2853000000,9968000000.0,8291000000.0,1729000000.0,41432000000.0,11104000000.0,5075000000.0,57994000000.0,74173000000.0,115605000000,5271000000.0,6920000000.0,34447000000.0,35563000000.0,64000000000.0,98447000000,53759000000.0,-158170000000.0,149585000000.0,17159000000.0,115606000000,2853000000.0,1127000000.0,75000000.0,63000000.0,,,,,4118000000.0,-706000000.0,-162000000.0,-40000000.0,-953000000.0,-1337000000.0,-2041000000.0,-809000000.0,-4187000000.0,-981000000,2016-09-30,158.89999389648438,159.83999633789062,158.05999755859375,158.85000610351562,126.82923889160156,3596900.0
2016-12-31,21770000000.0,-10877000000.0,10893000000.0,-6407000000.0,-4976000000.0,-1431000000.0,,4486000000.0,-21000000.0,-158000000.0,4465000000,521000000.0,4986000000,-479000000.0,4507000000,-5000000.0,4502000000,4502000000,8527000000.0,9182000000.0,1553000000.0,43889000000.0,10830000000.0,4585000000.0,58166000000.0,73581000000.0,117470000000,6209000000.0,7513000000.0,36274000000.0,34655000000.0,62802000000.0,99076000000,53935000000.0,-159050000000.0,152759000000.0,18392000000.0,117468000000,4501000000.0,1127000000.0,-1029000000.0,-747000000.0,,,,,3852000000.0,-783000000.0,295000000.0,-723000000.0,-3685000000.0,-1329000000.0,875000000.0,-717000000.0,-1171000000.0,-1210000000,2016-12-30,166.44000244140625,166.6999969482422,165.5,165.99000549316406,133.73226928710938,2952800.0
2017-03-31,18155000000.0,-10383000000.0,7772000000.0,-6685000000.0,-5152000000.0,-1533000000.0,,1087000000.0,-107000000.0,-135000000.0,980000000,445000000.0,1425000000,329000000.0,1754000000,-3000000.0,1751000000,1751000000,10695000000.0,8377000000.0,1609000000.0,42888000000.0,10865000000.0,4549000000.0,59193000000.0,74607000000.0,117495000000,5324000000.0,8340000000.0,36481000000.0,34441000000.0,62566000000.0,99047000000,54104000000.0,-160359000000.0,153292000000.0,18448000000.0,117495000000,1750000000.0,1099000000.0,142000000.0,964000000.0,,,,,3955000000.0,-682000000.0,-292000000.0,-110000000.0,349000000.0,-1321000000.0,476000000.0,-1289000000.0,-2134000000.0,2270000000,2017-03-31,173.97999572753906,174.9499969482422,173.69000244140625,174.13999938964844,141.4077606201172,2913700.0
2017-06-30,19289000000.0,-10496000000.0,8793000000.0,-6644000000.0,-5160000000.0,-1484000000.0,,2149000000.0,-71000000.0,-147000000.0,2078000000,365000000.0,2443000000,-111000000.0,2332000000,-1000000.0,2331000000,2331000000,12295000000.0,8401000000.0,1604000000.0,45012000000.0,10903000000.0,4759000000.0,59819000000.0,75481000000.0,120493000000,5126000000.0,8061000000.0,35966000000.0,37612000000.0,65986000000.0,101952000000,54235000000.0,-161860000000.0,154234000000.0,18545000000.0,120497000000,2332000000.0,1117000000.0,197000000.0,-179000000.0,,,,,3467000000.0,-607000000.0,-182000000.0,-30000000.0,-1714000000.0,-1403000000.0,2280000000.0,-1486000000.0,-609000000.0,1591000000,2017-06-30,154.27999877929688,154.5,153.13999938964844,153.8300018310547,126.13562774658205,3571500.0
2017-09-30,19153000000.0,-10172000000.0,8981000000.0,-5897000000.0,-4606000000.0,-1291000000.0,,3084000000.0,-327000000.0,-168000000.0,2757000000,308000000.0,3065000000,-339000000.0,2726000000,0.0,2726000000,2726000000,11515000000.0,8150000000.0,1711000000.0,44741000000.0,11057000000.0,4806000000.0,61032000000.0,76895000000.0,121636000000,5442000000.0,4299000000.0,31698000000.0,41327000000.0,70183000000.0,101881000000,54395000000.0,-162812000000.0,155565000000.0,19757000000.0,121638000000,2725000000.0,1176000000.0,141000000.0,-473000000.0,,,,,3569000000.0,-647000000.0,-512000000.0,-267000000.0,-1906000000.0,-1395000000.0,-447000000.0,-915000000.0,-2757000000.0,-766000000,2017-09-29,145.4499969482422,145.69000244140625,144.9199981689453,145.0800018310547,120.21781158447266,2654700.0
2017-12-31,22542000000.0,-11145000000.0,11397000000.0,-6044000000.0,-4762000000.0,-1282000000.0,,5353000000.0,-1235000000.0,-165000000.0,4118000000,348000000.0,4466000000,-5521000000.0,-1055000000,-1000000.0,-1056000000,-1056000000,12580000000.0,8928000000.0,1583000000.0,49735000000.0,11116000000.0,2783000000.0,61721000000.0,75620000000.0,125355000000,6451000000.0,6987000000.0,37363000000.0,39837000000.0,70268000000.0,107631000000,54566000000.0,-163507000000.0,153126000000.0,17724000000.0,125355000000,-1054000000.0,1149000000.0,-863000000.0,6501000000.0,,,,,5733000000.0,-833000000.0,-53000000.0,-294000000.0,-3810000000.0,-1387000000.0,1138000000.0,-668000000.0,-917000000.0,1068000000,2017-12-29,154.1699981689453,154.72000122070312,153.4199981689453,153.4199981689453,128.39927673339844,3327100.0
2018-03-31,19072000000.0,-10825000000.0,8247000000.0,-6850000000.0,-5445000000.0,-1405000000.0,,1397000000.0,-578000000.0,-165000000.0,819000000,317000000.0,1136000000,540000000.0,1676000000,4000000.0,1680000000,1680000000,12842000000.0,7778000000.0,1753000000.0,49123000000.0,11278000000.0,2942000000.0,61942000000.0,76162000000.0,125285000000,5736000000.0,5977000000.0,35733000000.0,40410000000.0,71262000000.0,106995000000,54712000000.0,-164334000000.0,156371000000.0,18290000000.0,125285000000,1679000000.0,1114000000.0,150000000.0,1658000000.0,,,,,4601000000.0,-767000000.0,-711000000.0,-71000000.0,-1764000000.0,-1382000000.0,-713000000.0,-814000000.0,-2909000000.0,28000000,2018-03-29,153.07000732421875,153.88999938964844,151.0800018310547,153.42999267578125,129.67192077636722,3420000.0
2018-06-30,20003000000.0,-10804000000.0,9199000000.0,-6221000000.0,-4857000000.0,-1364000000.0,,2978000000.0,-453000000.0,-173000000.0,2525000000,250000000.0,2775000000,-373000000.0,2402000000,1000000.0,2403000000,2403000000,11707000000.0,7445000000.0,1742000000.0,46795000000.0,11024000000.0,2518000000.0,61286000000.0,74828000000.0,121623000000,5518000000.0,7646000000.0,35441000000.0,37851000000.0,67532000000.0,102973000000,54827000000.0,-165366000000.0,157349000000.0,18648000000.0,121621000000,2404000000.0,1116000000.0,98000000.0,-1322000000.0,,,,,2296000000.0,-854000000.0,-91000000.0,-51000000.0,-634000000.0,-1437000000.0,-38000000.0,-1044000000.0,-2519000000.0,-1301000000,2018-06-29,140.32000732421878,141.36000061035156,139.61000061035156,139.69999694824222,119.37862396240234,3710100.0
2018-09-30,18756000000.0,-9953000000.0,8803000000.0,-5615000000.0,-4363000000.0,-1252000000.0,,3188000000.0,-466000000.0,-191000000.0,2722000000,275000000.0,2997000000,-304000000.0,2693000000,2000000.0,2695000000,2695000000,14495000000.0,7071000000.0,1893000000.0,48258000000.0,10949000000.0,2272000000.0,60511000000.0,73732000000.0,121990000000,5384000000.0,10932000000.0,36823000000.0,35989000000.0,65249000000.0,102072000000,54987000000.0,-165995000000.0,158612000000.0,19918000000.0,121990000000,2694000000.0,1138000000.0,105000000.0,295000000.0,,,,,4232000000.0,-800000000.0,-1981000000.0,-1000000.0,-2970000000.0,-1431000000.0,1595000000.0,-601000000.0,-437000000.0,770000000,2018-09-28,151.16000366210938,151.6300048828125,150.7899932861328,151.2100067138672,130.61032104492188,3305800.0
2018-12-31,21760000000.0,-11072000000.0,10688000000.0,-6059000000.0,-4701000000.0,-1358000000.0,,4629000000.0,-378000000.0,-194000000.0,4251000000,184000000.0,4435000000,-2482000000.0,1953000000,-2000000.0,1951000000,1951000000,11997000000.0,7432000000.0,1682000000.0,49145000000.0,10792000000.0,2386000000.0,61058000000.0,74236000000.0,123381000000,6558000000.0,10207000000.0,38227000000.0,35605000000.0,68226000000.0,106453000000,55151000000.0,-168071000000.0,159206000000.0,16930000000.0,123383000000,1951000000.0,1112000000.0,1133000000.0,-77000000.0,,,,,4119000000.0,-726000000.0,2229000000.0,-16000000.0,456000000.0,-1416000000.0,-1145000000.0,-2155000000.0,-4605000000.0,-126000000,2018-12-31,113.33000183105469,114.3499984741211,112.41999816894531,113.66999816894531,99.43496704101562,4982800.0
2019-03-31,18182000000.0,-10139000000.0,8043000000.0,-6124000000.0,-4691000000.0,-1433000000.0,,1919000000.0,-137000000.0,-210000000.0,1782000000,101000000.0,1883000000,-289000000.0,1594000000,-2000000.0,1592000000,1592000000,18006000000.0,6987000000.0,1771000000.0,52705000000.0,10675000000.0,2403000000.0,65145000000.0,78223000000.0,130928000000,5711000000.0,10250000000.0,38871000000.0,39727000000.0,75449000000.0,114320000000,55287000000.0,-169021000000.0,159396000000.0,16606000000.0,130926000000,1591000000.0,1446000000.0,-63000000.0,1785000000.0,,,,,4759000000.0,-458000000.0,-464000000.0,32000000.0,-853000000.0,-1397000000.0,4232000000.0,-972000000.0,1863000000.0,5667000000,2019-03-29,140.5,141.22000122070312,140.14999389648438,141.10000610351562,124.86800384521484,3101400.0
2019-06-30,19161000000.0,-10151000000.0,9010000000.0,-6863000000.0,-5456000000.0,-1407000000.0,,2147000000.0,399000000.0,-348000000.0,2546000000,222000000.0,2768000000,-269000000.0,2499000000,-1000000.0,2498000000,2498000000,46273000000.0,7414000000.0,1745000000.0,77962000000.0,10202000000.0,2228000000.0,64261000000.0,76691000000.0,154653000000,4724000000.0,14594000000.0,34564000000.0,58445000000.0,102313000000.0,136877000000,55404000000.0,-169385000000.0,160467000000.0,17776000000.0,154653000000,2498000000.0,1294000000.0,934000000.0,-1785000000.0,,,,,2941000000.0,-281000000.0,144000000.0,813000000.0,4162000000.0,-1436000000.0,22841000000.0,-416000000.0,21030000000.0,28262000000,2019-06-28,138.57000732421878,139.13999938964844,137.83999633789062,137.89999389648438,123.48573303222656,6153900.0
2019-09-30,18027000000.0,-9692000000.0,8335000000.0,-6577000000.0,-5024000000.0,-1553000000.0,,1758000000.0,-401000000.0,-432000000.0,1357000000,166000000.0,1523000000,151000000.0,1674000000,-1000000.0,1673000000,1673000000,10820000000.0,6753000000.0,1712000000.0,38122000000.0,10062000000.0,2221000000.0,99214000000.0,111497000000.0,149619000000,4042000000.0,8530000000.0,35065000000.0,57797000000.0,96458000000.0,131523000000,55808000000.0,-169474000000.0,160709000000.0,18096000000.0,149619000000,1672000000.0,1669000000.0,278000000.0,,,,,,3619000000.0,-519000000.0,588000000.0,-32548000000.0,-30374000000.0,-1436000000.0,-6608000000.0,-159000000.0,-8176000000.0,-35310000000,2019-09-30,143.72999572753906,146.57000732421875,143.72999572753906,145.4199981689453,131.75399780273438,3988400.0
2019-12-31,21777000000.0,-10676000000.0,11101000000.0,-7029000000.0,-5433000000.0,-1596000000.0,,4072000000.0,-237000000.0,-354000000.0,3835000000,159000000.0,3994000000,-324000000.0,3670000000,0.0,3670000000,3670000000,8868000000.0,7870000000.0,1619000000.0,38420000000.0,10010000000.0,2074000000.0,101684000000.0,113768000000.0,152188000000,12092000000.0,8797000000.0,37701000000.0,54102000000.0,93500000000.0,131201000000,55895000000.0,-169413000000.0,162954000000.0,20983000000.0,152184000000,3670000000.0,1650000000.0,-3093000000.0,1225000000.0,,,,,3452000000.0,-491000000.0,0.0,149000000.0,129000000.0,-1438000000.0,-4181000000.0,-86000000.0,-5674000000.0,-1908000000,2019-12-31,132.52999877929688,134.1199951171875,132.39999389648438,134.03999328613278,122.8778305053711,3777500.0
2020-03-31,17570000000.0,-9648000000.0,7922000000.0,-7580000000.0,-5955000000.0,-1625000000.0,,342000000.0,-508000000.0,-326000000.0,-166000000,116000000.0,-50000000,1226000000.0,1176000000,-1000000.0,1175000000,1175000000,11865000000.0,6927000000.0,1786000000.0,38929000000.0,9625000000.0,1911000000.0,102936000000.0,114472000000.0,153401000000,4172000000.0,11642000000.0,40672000000.0,52685000000.0,92601000000.0,133273000000,56092000000.0,-169437000000.0,162626000000.0,20127000000.0,153400000000,1175000000.0,1634000000.0,504000000.0,1162000000.0,,,,,4475000000.0,-584000000.0,-158000000.0,13000000.0,-902000000.0,-1440000000.0,1356000000.0,-44000000.0,-115000000.0,3055000000,2020-03-31,112.0,113.80999755859376,110.16999816894531,110.93000030517578,102.75421905517578,6343300.0
2020-06-30,18123000000.0,-9424000000.0,8699000000.0,-6830000000.0,-5248000000.0,-1582000000.0,,1869000000.0,-502000000.0,-323000000.0,1367000000,203000000.0,1570000000,-209000000.0,1361000000,-1000000.0,1360000000,1360000000,14104000000.0,6543000000.0,1869000000.0,39954000000.0,9709000000.0,1921000000.0,102616000000.0,114246000000.0,154200000000,4719000000.0,9289000000.0,38442000000.0,55449000000.0,95069000000.0,133511000000,56135000000.0,-169386000000.0,162559000000.0,20688000000.0,154199000000,1361000000.0,1679000000.0,93000000.0,444000000.0,,,,,3577000000.0,-549000000.0,-1378000000.0,725000000.0,-1235000000.0,-1450000000.0,-38000000.0,-167000000.0,-1625000000.0,819000000,2020-06-30,119.19000244140624,121.1999969482422,119.0,120.7699966430664,113.36927032470705,3919500.0
