Report Date,Revenue,Cost of Revenue,Gross Profit,Operating Expenses,"Selling, General & Administrative",Research & Development,Depreciation & Amortization,Operating Income (Loss),Non-Operating Income (Loss),"Interest Expense, Net","Pretax Income (Loss), Adj.",Abnormal Gains (Losses),Pretax Income (Loss),"Income Tax (Expense) Benefit, Net",Income (Loss) from Continuing Operations,Net Extraordinary Gains (Losses),Net Income,Net Income (Common),"Cash, Cash Equivalents & Short Term Investments",Accounts & Notes Receivable,Inventories,Total Current Assets,"Property, Plant & Equipment, Net",Long Term Investments & Receivables,Other Long Term Assets,Total Noncurrent Assets,Total Assets,Payables & Accruals,Short Term Debt,Total Current Liabilities,Long Term Debt,Total Noncurrent Liabilities,Total Liabilities,Share Capital & Additional Paid-In Capital,Treasury Stock,Retained Earnings,Total Equity,Total Liabilities & Equity,Net Income/Starting Line,Depreciation & Amortization,Non-Cash Items,Change in Working Capital,Change in Accounts Receivable,Change in Inventories,Change in Accounts Payable,Change in Other,Net Cash from Operating Activities,Change in Fixed Assets & Intangibles,Net Change in Long Term Investment,Net Cash from Acquisitions & Divestitures,Net Cash from Investing Activities,Dividends Paid,Cash from (Repayment of) Debt,Cash from (Repurchase of) Equity,Net Cash from Financing Activities,Net Change in Cash,Price Date,Open,High,Low,Close,Adj Close,Volume
2012-12-31,1278588000.0,-961303000.0,317285000.0,-215636000.0,-215636000.0,,,101649000.0,-38067000.0,-36911000.0,63582000,-8497000.0,55085000,-20013000.0,34836000,,34974000,34974000,567728000.0,745373000.0,,1509994000.0,193999000.0,55099000.0,740061000.0,989159000.0,2499153000,752470000.0,55710000.0,1308997000.0,2366268000.0,2549200000.0,3858197000,4554000.0,,-1371772000.0,-1359044000.0,2499153000,34836000.0,25571000.0,29203000.0,70364000.0,,,,,159974000.0,-21130000.0,161000.0,8748000.0,-12564000.0,-241703000.0,169652000.0,1673000.0,-80021000.0,61418000,,,,,,,
2013-03-31,1228841000.0,-912515000.0,316326000.0,-199302000.0,-199302000.0,,,117024000.0,-33208000.0,-35590000.0,83816000,-1859000.0,81957000,-32118000.0,48156000,,48309000,48309000,454293000.0,779342000.0,,1439497000.0,190166000.0,57582000.0,739460000.0,987208000.0,2426705000,688505000.0,34741000.0,1221988000.0,2354763000.0,2527012000.0,3749000000,9227000.0,,-1323463000.0,-1322295000.0,2426705000,48156000.0,24640000.0,19691000.0,-113945000.0,,,,,-21458000.0,-30800000.0,,-4317000.0,-36194000.0,,-34304000.0,,-33959000.0,-113435000,,,,,,,
2013-06-30,1295680000.0,-969108000.0,326572000.0,-228838000.0,-228838000.0,,,97734000.0,-31635000.0,-31099000.0,66099000,-19380000.0,46719000,-8830000.0,38353000,,38517000,38517000,585722000.0,867211000.0,,1673860000.0,196749000.0,58122000.0,719436000.0,974307000.0,2648167000,736187000.0,141000.0,1238727000.0,2045142000.0,2207328000.0,3446055000,505074000.0,,-1284946000.0,-797888000.0,2648167000,38353000.0,24986000.0,-5029000.0,-35467000.0,,,,,22843000.0,-28445000.0,,-291000.0,-27206000.0,,-350521000.0,489941000.0,139737000.0,131429000,2013-06-28,42.290000915527344,42.959999084472656,42.2599983215332,42.560001373291016,42.560001373291016,1400900.0
2013-09-30,1195839000.0,-863806000.0,332033000.0,-199573000.0,-199573000.0,,,132460000.0,-30861000.0,-27637000.0,101599000,-7201000.0,94398000,-27459000.0,66584000,,66769000,66769000,609710000.0,895345000.0,,1717186000.0,197393000.0,61431000.0,866011000.0,1124835000.0,2842021000,784495000.0,4091000.0,1334383000.0,2042029000.0,2219610000.0,3553993000,510102000.0,,-1218177000.0,-711972000.0,2842021000,66584000.0,27324000.0,4606000.0,78012000.0,,,,,176526000.0,-14695000.0,,-146246000.0,-160592000.0,,-982000.0,-381000.0,-1516000.0,23988000,2013-09-30,44.56999969482422,45.11000061035156,44.0099983215332,44.88000106811523,44.88000106811523,203900.0
2013-12-31,1379185000.0,-1017202000.0,361983000.0,-232797000.0,-232797000.0,,,129186000.0,-23682000.0,-25245000.0,105504000,-5462000.0,100042000,-27558000.0,72934000,,72996000,72996000,778143000.0,924205000.0,,1945688000.0,199578000.0,63276000.0,858255000.0,1121109000.0,3066797000,897583000.0,10433000.0,1482247000.0,2035586000.0,2252035000.0,3734282000,478144000.0,,-1145181000.0,-667485000.0,3066797000,72934000.0,30554000.0,-15389000.0,127361000.0,,,,,215460000.0,-12386000.0,,-1409000.0,-12184000.0,,-1850000.0,29006000.0,-33305000.0,168433000,2013-12-31,46.58000183105469,46.58000183105469,45.959999084472656,46.34000015258789,46.34000015258789,215600.0
2014-03-31,1307846000.0,-946280000.0,361566000.0,-219242000.0,-219242000.0,,,142324000.0,-18604000.0,-23448000.0,123720000,-1008000.0,122712000,-37389000.0,90214000,,90183000,90183000,741381000.0,948453000.0,,1947820000.0,195852000.0,66700000.0,851520000.0,1114072000.0,3061892000,815565000.0,15572000.0,1376476000.0,2031247000.0,2244941000.0,3621417000,495917000.0,,-1054998000.0,-559525000.0,3061892000,90214000.0,29088000.0,-8770000.0,-138969000.0,,,,,-28437000.0,-17706000.0,,4637000.0,-13979000.0,,-334000.0,,3007000.0,-36762000,2014-03-31,50.29999923706055,51.09000015258789,49.6500015258789,50.77000045776367,50.77000045776367,449500.0
2014-06-30,1341030000.0,-980068000.0,360962000.0,-219014000.0,-219014000.0,,,141948000.0,-26861000.0,-23805000.0,115087000,-948000.0,114139000,-32400000.0,85110000,,85120000,85120000,636468000.0,964346000.0,,1864707000.0,196382000.0,67423000.0,850125000.0,1113930000.0,2978637000,784461000.0,20715000.0,1353060000.0,2026909000.0,2247187000.0,3600247000,346085000.0,,-969878000.0,-621610000.0,2978637000,85110000.0,29845000.0,4423000.0,-52244000.0,,,,,67134000.0,-18126000.0,,-1112000.0,-19029000.0,,-132000.0,-165131000.0,-157093000.0,-104913000,2014-06-30,52.02000045776367,53.5,51.91999816894531,53.290000915527344,53.290000915527344,512900.0
2014-09-30,1400034000.0,-1030072000.0,369962000.0,-219027000.0,-219027000.0,,,150935000.0,-16672000.0,-24448000.0,134263000,-1793000.0,132470000,-41260000.0,92733000,,92654000,92654000,645034000.0,1032553000.0,,1938603000.0,190863000.0,68460000.0,908789000.0,1168112000.0,3106715000,849607000.0,20681000.0,1426780000.0,2022595000.0,2216167000.0,3642947000,368010000.0,,-877224000.0,-536232000.0,3106715000,92733000.0,30180000.0,-7378000.0,21565000.0,,,,,137100000.0,-21950000.0,,-92002000.0,-112919000.0,,-6263000.0,0.0,9709000.0,8566000,2014-09-30,57.40999984741211,57.52999877929688,55.709999084472656,55.77999877929688,55.77999877929688,553200.0
2014-12-31,1411090000.0,-1002580000.0,408510000.0,-244717000.0,-123717000.0,,-121000000.0,163793000.0,-26863000.0,-25299000.0,136930000,-5251000.0,131679000,-37951000.0,88943000,,89043000,89043000,867358000.0,975255000.0,,2146083000.0,190297000.0,66011000.0,893562000.0,1149870000.0,3295953000,898081000.0,826000.0,1471900000.0,2282612000.0,2528065000.0,3999965000,143828000.0,,-788798000.0,-704012000.0,3295953000,88943000.0,31887000.0,12725000.0,123648000.0,,,,,257203000.0,-25218000.0,,-1523000.0,-27073000.0,,248729000.0,-249869000.0,14377000.0,223109000,2014-12-31,59.6500015258789,60.11999893188477,58.79999923706055,58.86999893188477,58.86999893188477,377900.0
2015-03-31,1347593000.0,-979446000.0,368147000.0,-219606000.0,-219606000.0,,,148541000.0,-21609000.0,-24470000.0,126932000,-5324000.0,121608000,-36088000.0,86431000,,86398000,86398000,779068000.0,1006425000.0,,2098823000.0,179490000.0,69161000.0,889177000.0,1137828000.0,3236651000,759737000.0,5940000.0,1320697000.0,2288229000.0,2528261000.0,3848958000,178966000.0,,-702400000.0,-612307000.0,3236651000,86431000.0,30329000.0,379000.0,-181471000.0,,,,,-64332000.0,-16432000.0,,-2542000.0,-18308000.0,,-1210000.0,,26342000.0,-88290000,2015-03-31,68.90000152587889,69.97000122070311,66.83999633789061,66.97000122070311,66.97000122070311,1052100.0
2015-06-30,1443527000.0,-1053006000.0,390521000.0,-225898000.0,-225898000.0,,,164623000.0,-35687000.0,-24028000.0,128936000,-14014000.0,114922000,-31700000.0,84947000,,84951000,84951000,803615000.0,1089439000.0,,2219842000.0,176773000.0,71703000.0,873466000.0,1121942000.0,3341784000,791069000.0,48510000.0,1353808000.0,2440972000.0,2689654000.0,4043462000,28520000.0,,-661434000.0,-701678000.0,3341784000,84947000.0,30011000.0,-5150000.0,-59046000.0,,,,,50762000.0,-15492000.0,,-889000.0,-27158000.0,,214659000.0,-250000000.0,-9877000.0,24547000,2015-06-30,72.41000366210938,72.95999908447266,71.94000244140625,72.61000061035156,72.61000061035156,1069600.0
2015-09-30,1424769000.0,-1014347000.0,410422000.0,-231415000.0,-231415000.0,,,179007000.0,-23354000.0,-24288000.0,155653000,-11984000.0,143669000,-40192000.0,108839000,,111286000,111286000,1081804000.0,1128899000.0,,2520179000.0,194744000.0,77187000.0,1241626000.0,1513557000.0,4033736000,897180000.0,48505000.0,1523975000.0,2430034000.0,2689687000.0,4213662000,239588000.0,,-550148000.0,-179926000.0,4033736000,108839000.0,32884000.0,25882000.0,115341000.0,,,,,282946000.0,-24768000.0,,29592000.0,6065000.0,,-13160000.0,0.0,5263000.0,278189000,2015-09-30,69.79000091552734,70.43000030517578,68.75,69.56999969482422,69.56999969482422,867000.0
2015-12-31,1521111000.0,-1069201000.0,451910000.0,-266081000.0,-138081000.0,,-128000000.0,185829000.0,-18350000.0,-24214000.0,167479000,-8678000.0,158801000,-51020000.0,107783000,,104365000,104365000,977000000.0,1166000000.0,,2412000000.0,188000000.0,85000000.0,1241000000.0,1514000000.0,3926000000,941000000.0,49000000.0,1594000000.0,2419000000.0,2668000000.0,4262000000,9000000.0,,-462000000.0,-336000000.0,3926000000,107783000.0,34776000.0,6889000.0,57176000.0,,,,,206624000.0,-21308000.0,,-6161000.0,-27599000.0,,-12289000.0,-265000000.0,-270728000.0,-104446000,2015-12-31,69.65000152587889,69.65000152587889,68.63999938964844,68.66000366210939,68.66000366210939,675600.0
2016-03-31,1490000000.0,-1076000000.0,414000000.0,-232000000.0,-200000000.0,,-32000000.0,182000000.0,-30000000.0,-25000000.0,152000000,-3000000.0,149000000,-43000000.0,109000000,,107000000,107000000,1089923000.0,1175597000.0,,2437156000.0,189011000.0,85544000.0,1271228000.0,1545783000.0,3982939000,881856000.0,48517000.0,1578138000.0,2408555000.0,2610742000.0,4188880000,25915000.0,,-354967000.0,-205941000.0,3982939000,109000000.0,32000000.0,18000000.0,-47000000.0,,,,,112000000.0,-26000000.0,-37000000.0,-2000000.0,-64000000.0,,9000000.0,,16000000.0,76000000,2016-03-31,64.61000061035156,65.45999908447266,64.59999847412111,65.09999847412111,65.09999847412111,759700.0
2016-06-30,1553000000.0,-1121000000.0,432000000.0,-248000000.0,-216000000.0,,-32000000.0,184000000.0,-19000000.0,-22000000.0,165000000,-34000000.0,131000000,-36000000.0,91000000,,86000000,86000000,993471000.0,1257427000.0,,2436598000.0,189630000.0,65192000.0,1271378000.0,1526200000.0,3962798000,895504000.0,48503000.0,1600288000.0,2397834000.0,2591211000.0,4191499000,1193000.0,,-320385000.0,-228701000.0,3962798000,91000000.0,32000000.0,5000000.0,-87000000.0,,,,,41000000.0,-31000000.0,-2000000.0,18000000.0,-17000000.0,,-13000000.0,-98000000.0,-98000000.0,-98000000,2016-06-30,63.52000045776367,65.36000061035156,63.40999984741211,65.31999969482422,65.31999969482422,1664600.0
2016-09-30,1497000000.0,-1056000000.0,441000000.0,-241000000.0,-207000000.0,,-34000000.0,200000000.0,-25000000.0,-24000000.0,175000000,-32000000.0,143000000,-39000000.0,104000000,,100000000,100000000,1249555000.0,1207503000.0,,2643132000.0,184189000.0,68386000.0,1233095000.0,1485670000.0,4128802000,920048000.0,48500000.0,1619948000.0,2387114000.0,2590781000.0,4210729000,48762000.0,,-221218000.0,-81927000.0,4128802000,104000000.0,34000000.0,34000000.0,88000000.0,,,,,260000000.0,-21000000.0,0.0,-3000000.0,-22000000.0,,-12000000.0,0.0,25000000.0,255000000,2016-09-30,79.18000030517578,81.26000213623047,79.01000213623047,81.05999755859375,81.05999755859375,2438200.0
2016-12-31,2275000000.0,-1495000000.0,780000000.0,-584000000.0,-393000000.0,,-191000000.0,196000000.0,-55000000.0,-69000000.0,141000000,-148000000.0,-7000000,-207000000.0,-217000000,,-221000000,-221000000,1238000000.0,1707000000.0,,3337000000.0,406000000.0,82000000.0,17383000000.0,17871000000.0,21208000000,1819000000.0,92000000.0,2705000000.0,7108000000.0,9643000000.0,12348000000,10602000000.0,-1000000000.0,-399000000.0,8860000000.0,21208000000,-217000000.0,191000000.0,152000000.0,321000000.0,,,,,447000000.0,-86000000.0,80000000.0,1817000000.0,1813000000.0,,-1276000000.0,-999000000.0,-2206000000.0,-12000000,2016-12-30,75.88999938964844,76.20999908447266,75.51000213623047,76.05000305175781,76.05000305175781,848600.0
2017-03-31,2360000000.0,-1526000000.0,834000000.0,-613000000.0,-381000000.0,,-232000000.0,221000000.0,-72000000.0,-73000000.0,149000000,-22000000.0,127000000,-24000000.0,102000000,,100000000,100000000,905000000.0,1779000000.0,,3117000000.0,410000000.0,72000000.0,17584000000.0,18066000000.0,21183000000,1702000000.0,91000000.0,2596000000.0,8254000000.0,10787000000.0,13383000000,10656000000.0,-2316000000.0,-325000000.0,7800000000.0,21183000000,102000000.0,232000000.0,-10000000.0,-268000000.0,,,,,56000000.0,-78000000.0,-1000000.0,-151000000.0,-240000000.0,,1132000000.0,-1316000000.0,-176000000.0,-336000000,2017-03-31,80.37000274658203,80.91999816894531,80.06999969482422,80.52999877929688,80.52999877929688,967400.0
2017-06-30,2355000000.0,-1557000000.0,798000000.0,-623000000.0,-378000000.0,,-245000000.0,175000000.0,-78000000.0,-80000000.0,97000000,-49000000.0,48000000,14000000.0,66000000,,62000000,62000000,945000000.0,1845000000.0,,3259000000.0,430000000.0,70000000.0,18023000000.0,18523000000.0,21782000000,1751000000.0,94000000.0,2660000000.0,8858000000.0,11348000000.0,14008000000,10721000000.0,-2694000000.0,-255000000.0,7774000000.0,21782000000,66000000.0,245000000.0,-81000000.0,15000000.0,,,,,245000000.0,-100000000.0,1000000.0,-111000000.0,-200000000.0,,314000000.0,-378000000.0,-34000000.0,40000000,2017-06-30,89.61000061035156,89.76000213623047,89.08999633789062,89.5,89.5,718800.0
2017-09-30,2466000000.0,-1611000000.0,855000000.0,-650000000.0,-394000000.0,,-256000000.0,205000000.0,-91000000.0,-91000000.0,114000000,-28000000.0,86000000,3000000.0,93000000,,88000000,88000000,1147000000.0,1859000000.0,,3492000000.0,428000000.0,75000000.0,18450000000.0,18953000000.0,22445000000,1954000000.0,103000000.0,2853000000.0,9651000000.0,12085000000.0,14938000000,10761000000.0,-3252000000.0,-166000000.0,7507000000.0,22445000000,93000000.0,256000000.0,89000000.0,-2000000.0,,,,,436000000.0,-89000000.0,,-246000000.0,-334000000.0,,663000000.0,-558000000.0,93000000.0,201000000,2017-09-29,95.0,95.23999786376952,94.43000030517578,95.06999969482422,95.06999969482422,1027200.0
2017-12-31,2521000000.0,-1607000000.0,914000000.0,-747000000.0,-469000000.0,,-278000000.0,167000000.0,-111000000.0,-95000000.0,56000000,-23000000.0,33000000,999000000.0,1035000000,,1027000000,1027000000,1005000000.0,2097000000.0,,3554000000.0,440000000.0,78000000.0,18785000000.0,19303000000.0,22857000000,2058000000.0,103000000.0,3156000000.0,10122000000.0,11457000000.0,14613000000,10782000000.0,-3374000000.0,538000000.0,8244000000.0,22857000000,1035000000.0,278000000.0,-1080000000.0,0.0,,,,,233000000.0,-102000000.0,,-317000000.0,-416000000.0,,402000000.0,-368000000.0,45000000.0,-144000000,2017-12-29,98.68000030517578,98.86000061035156,97.87000274658205,97.9000015258789,97.9000015258789,839800.0
2018-03-31,2563000000.0,-1652000000.0,911000000.0,-702000000.0,-420000000.0,,-282000000.0,209000000.0,-98000000.0,-94000000.0,111000000,-26000000.0,85000000,-19000000.0,73000000,,69000000,69000000,1007000000.0,2250000000.0,,3724000000.0,432000000.0,101000000.0,18978000000.0,19511000000.0,23235000000,2151000000.0,104000000.0,3199000000.0,10342000000.0,11583000000.0,14782000000,10797000000.0,-3460000000.0,605000000.0,8453000000.0,23235000000,73000000.0,282000000.0,-8000000.0,-165000000.0,,,,,182000000.0,-88000000.0,-1000000.0,-16000000.0,-120000000.0,,79000000.0,-95000000.0,-41000000.0,1000000,2018-03-29,99.0199966430664,99.04000091552734,96.45999908447266,98.11000061035156,98.11000061035156,2042900.0
2018-06-30,2567000000.0,-1674000000.0,893000000.0,-706000000.0,-424000000.0,,-282000000.0,187000000.0,-80000000.0,-106000000.0,107000000,-19000000.0,88000000,-24000000.0,68000000,,61000000,61000000,928000000.0,2172000000.0,,3587000000.0,415000000.0,110000000.0,18514000000.0,19039000000.0,22626000000,2118000000.0,101000000.0,3166000000.0,10627000000.0,11846000000.0,15012000000,10836000000.0,-4033000000.0,665000000.0,7614000000.0,22626000000,68000000.0,282000000.0,-68000000.0,29000000.0,,,,,311000000.0,-110000000.0,-19000000.0,-216000000.0,-330000000.0,,551000000.0,-573000000.0,-52000000.0,-81000000,2018-06-29,99.76000213623048,100.58999633789062,99.43000030517578,99.81999969482422,99.81999969482422,1833500.0
2018-09-30,2594000000.0,-1678000000.0,916000000.0,-712000000.0,-429000000.0,,-283000000.0,204000000.0,-130000000.0,-103000000.0,74000000,-23000000.0,51000000,14000000.0,67000000,,60000000,60000000,879000000.0,2298000000.0,,3696000000.0,417000000.0,134000000.0,18251000000.0,18802000000.0,22498000000,2279000000.0,101000000.0,3380000000.0,10518000000.0,11658000000.0,15038000000,10876000000.0,-4167000000.0,726000000.0,7460000000.0,22498000000,67000000.0,283000000.0,-37000000.0,31000000.0,,,,,344000000.0,-123000000.0,-6000000.0,-47000000.0,-182000000.0,,-75000000.0,-133000000.0,-201000000.0,-52000000,2018-09-28,130.57000732421878,131.71000671386722,129.47999572753906,129.74000549316406,129.74000549316406,1106600.0
2018-12-31,2688000000.0,-1742000000.0,946000000.0,-737000000.0,-443000000.0,,-294000000.0,209000000.0,-103000000.0,-103000000.0,106000000,-2000000.0,104000000,-30000000.0,76000000,,69000000,69000000,938000000.0,2394000000.0,,3874000000.0,434000000.0,142000000.0,18099000000.0,18675000000.0,22549000000,2395000000.0,100000000.0,3534000000.0,10907000000.0,12061000000.0,15595000000,10901000000.0,-4770000000.0,807000000.0,6954000000.0,22549000000,76000000.0,294000000.0,48000000.0,-1000000.0,,,,,417000000.0,-138000000.0,-1000000.0,-47000000.0,-178000000.0,,460000000.0,-604000000.0,-158000000.0,64000000,2018-12-31,114.61000061035156,116.19000244140624,114.3499984741211,116.16999816894531,116.16999816894531,991400.0
2019-03-31,2684000000.0,-1748000000.0,936000000.0,-714000000.0,-419000000.0,,-295000000.0,222000000.0,-101000000.0,-108000000.0,121000000,-12000000.0,109000000,-41000000.0,67000000,,58000000,58000000,991000000.0,2461000000.0,,3999000000.0,437000000.0,137000000.0,18536000000.0,19110000000.0,23109000000,2224000000.0,100000000.0,3502000000.0,11187000000.0,12742000000.0,16244000000,10927000000.0,-4915000000.0,865000000.0,6865000000.0,23109000000,67000000.0,295000000.0,-173000000.0,-76000000.0,,,,,113000000.0,-141000000.0,-2000000.0,-173000000.0,-315000000.0,,380000000.0,-145000000.0,228000000.0,45000000,2019-03-29,142.67999267578125,144.27999877929688,142.08999633789062,143.85000610351562,143.85000610351562,1059500.0
2019-06-30,2740000000.0,-1799000000.0,941000000.0,-730000000.0,-436000000.0,,-294000000.0,211000000.0,-119000000.0,-112000000.0,92000000,-14000000.0,78000000,-8000000.0,71000000,,60000000,60000000,994000000.0,2401000000.0,,3978000000.0,458000000.0,152000000.0,18480000000.0,19090000000.0,23068000000,2250000000.0,100000000.0,3495000000.0,11299000000.0,12792000000.0,16287000000,10964000000.0,-5151000000.0,925000000.0,6781000000.0,23068000000,71000000.0,294000000.0,2000000.0,24000000.0,,,,,391000000.0,-165000000.0,0.0,-31000000.0,-195000000.0,,50000000.0,-236000000.0,-200000000.0,2000000,2019-06-28,156.82000732421875,160.91000366210938,156.1199951171875,160.89999389648438,160.89999389648438,3479000.0
2019-09-30,2769000000.0,-1852000000.0,917000000.0,-694000000.0,-395000000.0,,-299000000.0,223000000.0,-111000000.0,-111000000.0,112000000,-43000000.0,69000000,1000000.0,69000000,,57000000,57000000,920000000.0,2514000000.0,,3995000000.0,451000000.0,143000000.0,18303000000.0,18897000000.0,22892000000,2313000000.0,98000000.0,3576000000.0,11444000000.0,12922000000.0,16498000000,10990000000.0,-5464000000.0,982000000.0,6394000000.0,22892000000,69000000.0,299000000.0,77000000.0,-115000000.0,,,,,330000000.0,-149000000.0,0.0,-254000000.0,-400000000.0,,375000000.0,-298000000.0,39000000.0,-75000000,2019-09-30,148.10000610351562,150.25,147.16000366210938,149.3800048828125,149.3800048828125,1030700.0
2019-12-31,2895000000.0,-1901000000.0,994000000.0,-798000000.0,-484000000.0,,-314000000.0,196000000.0,-70000000.0,-107000000.0,126000000,-30000000.0,96000000,-68000000.0,20000000,,16000000,16000000,902000000.0,2582000000.0,,4129000000.0,458000000.0,149000000.0,18515000000.0,19122000000.0,23251000000,2620000000.0,100000000.0,3945000000.0,11545000000.0,13043000000.0,16988000000,11049000000.0,-5733000000.0,998000000.0,6263000000.0,23251000000,20000000.0,314000000.0,63000000.0,186000000.0,,,,,583000000.0,-127000000.0,-23000000.0,-130000000.0,-280000000.0,,-58000000.0,-270000000.0,-343000000.0,-26000000,2019-12-31,153.30999755859375,154.67999267578125,153.05999755859375,154.50999450683594,154.50999450683594,760900.0
2020-03-31,2754000000.0,-1824000000.0,930000000.0,-723000000.0,-407000000.0,,-316000000.0,207000000.0,-91000000.0,-104000000.0,116000000,-14000000.0,102000000,-17000000.0,91000000,,82000000,82000000,990000000.0,2634000000.0,,4277000000.0,445000000.0,143000000.0,18213000000.0,18801000000.0,23078000000,2478000000.0,139000000.0,3907000000.0,11894000000.0,13369000000.0,17276000000,11012000000.0,-6065000000.0,1080000000.0,5802000000.0,23078000000,91000000.0,316000000.0,-35000000.0,-209000000.0,,,,,163000000.0,-141000000.0,-13000000.0,3000000.0,-150000000.0,,515000000.0,-345000000.0,107000000.0,90000000,2020-03-31,111.8000030517578,113.61000061035156,105.20999908447266,107.86000061035156,107.86000061035156,2853200.0
2020-06-30,2521000000.0,-1704000000.0,817000000.0,-739000000.0,-431000000.0,,-308000000.0,78000000.0,-75000000.0,-107000000.0,3000000,-28000000.0,-25000000,5000000.0,-21000000,,-23000000,-23000000,1182000000.0,2371000000.0,,4208000000.0,444000000.0,153000000.0,18378000000.0,18975000000.0,23183000000,2397000000.0,142000000.0,3843000000.0,11965000000.0,13488000000.0,17331000000,11043000000.0,-6065000000.0,1057000000.0,5852000000.0,23183000000,-21000000.0,308000000.0,-42000000.0,227000000.0,,,,,472000000.0,-142000000.0,4000000.0,-80000000.0,-219000000.0,,-40000000.0,-1000000.0,-73000000.0,182000000,2020-06-30,137.0,142.55999755859375,137.0,141.8800048828125,141.8800048828125,883500.0
