Report Date,Revenue,Cost of Revenue,Gross Profit,Operating Expenses,"Selling, General & Administrative",Research & Development,Depreciation & Amortization,Operating Income (Loss),Non-Operating Income (Loss),"Interest Expense, Net","Pretax Income (Loss), Adj.",Abnormal Gains (Losses),Pretax Income (Loss),"Income Tax (Expense) Benefit, Net",Income (Loss) from Continuing Operations,Net Extraordinary Gains (Losses),Net Income,Net Income (Common),"Cash, Cash Equivalents & Short Term Investments",Accounts & Notes Receivable,Inventories,Total Current Assets,"Property, Plant & Equipment, Net",Long Term Investments & Receivables,Other Long Term Assets,Total Noncurrent Assets,Total Assets,Payables & Accruals,Short Term Debt,Total Current Liabilities,Long Term Debt,Total Noncurrent Liabilities,Total Liabilities,Share Capital & Additional Paid-In Capital,Treasury Stock,Retained Earnings,Total Equity,Total Liabilities & Equity,Net Income/Starting Line,Depreciation & Amortization,Non-Cash Items,Change in Working Capital,Change in Accounts Receivable,Change in Inventories,Change in Accounts Payable,Change in Other,Net Cash from Operating Activities,Change in Fixed Assets & Intangibles,Net Change in Long Term Investment,Net Cash from Acquisitions & Divestitures,Net Cash from Investing Activities,Dividends Paid,Cash from (Repayment of) Debt,Cash from (Repurchase of) Equity,Net Cash from Financing Activities,Net Change in Cash,Price Date,Open,High,Low,Close,Adj Close,Volume
2010-06-30,942776000.0,-732207000.0,210569000.0,-119222000.0,-8824000.0,,-49148000.0,91347000.0,-6611000.0,-6611000.0,84736000,,84736000,-32623000.0,52113000,,52113000,52113000,7714000.0,363669000.0,,423571000.0,1457660000.0,,19710000.0,1477370000.0,1900941000,316731000.0,200000000.0,527847000.0,417100000.0,802035000.0,1329882000,,,,571059000.0,1900941000,52112000.0,49148000.0,-2358000.0,23253000.0,,,,,122155000.0,-56272000.0,,,-56256000.0,-14982000.0,74748000.0,-129224000.0,-65972000.0,-73000,2010-06-30,32.990001678466804,33.560001373291016,32.65999984741211,32.669998168945305,29.21985054016113,1206200.0
2010-09-30,986024000.0,-768666000.0,217358000.0,-125868000.0,-13147000.0,,-49808000.0,91490000.0,-6662000.0,-6662000.0,84828000,,84828000,-32659000.0,52169000,,52169000,52169000,68560000.0,371120000.0,,486265000.0,1450032000.0,,19712000.0,1469744000.0,1956009000,314108000.0,200000000.0,525216000.0,449164000.0,836335000.0,1361551000,,,,594458000.0,1956009000,52170000.0,49808000.0,3156000.0,16273000.0,,,,,121407000.0,-41415000.0,,,-41412000.0,-14852000.0,32257000.0,-41120000.0,-19149000.0,60846000,2010-09-30,35.36000061035156,35.720001220703125,34.669998168945305,34.700000762939446,31.14004325866699,2791400.0
2010-12-31,1020012000.0,-801618000.0,218394000.0,-121046000.0,-8387000.0,,-50094000.0,97348000.0,-8164000.0,-8164000.0,89184000,,89184000,-31331000.0,57853000,,57853000,57853000,7651000.0,351187000.0,17336000.0,462645000.0,1479484000.0,,19531000.0,1499015000.0,1961660000,301084000.0,200000000.0,509949000.0,454207000.0,878690000.0,1388639000,182657000.0,-1173163000.0,1563527000.0,573021000.0,1961660000,57853000.0,50094000.0,44646000.0,-54752000.0,,,,,97841000.0,-80572000.0,,,-80607000.0,-14805000.0,7564000.0,-74139000.0,-78143000.0,-60909000,2010-12-31,40.810001373291016,41.02000045776367,40.68000030517578,40.810001373291016,36.74446868896485,936400.0
2011-03-31,1000780000.0,-794707000.0,206073000.0,-116250000.0,-6880000.0,,-51357000.0,89823000.0,-8434000.0,-8434000.0,81389000,,81389000,-31294000.0,50095000,,50095000,50095000,5393000.0,402922000.0,,475567000.0,1545125000.0,,19680000.0,1564805000.0,2040372000,360400000.0,49000000.0,424977000.0,649249000.0,1056129000.0,1481106000,,,,559266000.0,2040372000,50095000.0,51357000.0,-10694000.0,45825000.0,,,,,136583000.0,-112346000.0,,,-112358000.0,-15752000.0,42870000.0,-54306000.0,-26483000.0,-2258000,2011-03-31,44.38999938964844,45.7400016784668,44.13000106811523,45.41999816894531,41.0231819152832,1002500.0
2011-06-30,1149855000.0,-912426000.0,237429000.0,-123986000.0,-7515000.0,,-52551000.0,113443000.0,-6706000.0,-6706000.0,106737000,,106737000,-41041000.0,65696000,,65696000,65696000,11149000.0,440755000.0,,508151000.0,1593250000.0,,19460000.0,1612710000.0,2120861000,408772000.0,15000000.0,446134000.0,649292000.0,1076388000.0,1522522000,,,,598339000.0,2120861000,65696000.0,52551000.0,30247000.0,22596000.0,,,,,171090000.0,-98617000.0,,,-98519000.0,-15641000.0,-33062000.0,-26110000.0,-66815000.0,5756000,2011-06-30,46.91999816894531,47.38999938964844,46.9000015258789,47.09000015258789,42.65031433105469,634900.0
2011-09-30,1171270000.0,-926270000.0,245000000.0,-126320000.0,-6114000.0,,-54404000.0,118680000.0,-7145000.0,-7145000.0,111535000,,111535000,-42885000.0,68650000,,68650000,68650000,7747000.0,424634000.0,,477390000.0,1656384000.0,,28882000.0,1685266000.0,2162656000,414853000.0,50000000.0,487215000.0,718034000.0,1177810000.0,1665025000,,,,497631000.0,2162656000,68650000.0,54404000.0,30254000.0,27228000.0,,,,,180536000.0,-113303000.0,,,-113039000.0,-15658000.0,103664000.0,-163672000.0,-70899000.0,-3402000,2011-09-30,37.04999923706055,37.38000106811523,36.09000015258789,36.11999893188477,32.80752182006836,1182300.0
2011-12-31,1204937000.0,-954958000.0,249979000.0,-127692000.0,-8391000.0,,-55631000.0,122287000.0,-6215000.0,-6215000.0,116072000,,116072000,-43507000.0,72565000,,72565000,72565000,5450000.0,411479000.0,20932000.0,513542000.0,1726870000.0,,26920000.0,1753790000.0,2267332000,388515000.0,50000000.0,438515000.0,699177000.0,1261274000.0,1699789000,194141000.0,-1384888000.0,1758290000.0,567543000.0,2267332000,72565000.0,55631000.0,80636000.0,-61349000.0,,,,,147483000.0,-121603000.0,,,-121613000.0,-15192000.0,-16511000.0,9147000.0,-28167000.0,-2297000,2011-12-30,45.540000915527344,45.58000183105469,45.06999969482422,45.06999969482422,41.062049865722656,384400.0
2012-03-31,1165922000.0,-926715000.0,239207000.0,-122610000.0,-3995000.0,,-56120000.0,116597000.0,-6987000.0,-6987000.0,109610000,,109610000,-41926000.0,67684000,,67684000,67684000,5713000.0,447706000.0,,536086000.0,1760514000.0,,26262000.0,1786776000.0,2322862000,443420000.0,100000000.0,543420000.0,602119000.0,1149146000.0,1692566000,,,,630296000.0,2322862000,67684000.0,56120000.0,-9148000.0,31616000.0,,,,,146272000.0,-83782000.0,,,-83766000.0,-16386000.0,-49211000.0,1218000.0,-62243000.0,263000,2012-03-30,55.2599983215332,55.29999923706055,54.31999969482422,54.36999893188477,49.666748046875,727600.0
2012-06-30,1255130000.0,-985672000.0,269458000.0,-132243000.0,-6356000.0,,-56227000.0,137215000.0,-6929000.0,-6929000.0,130286000,,130286000,-49835000.0,80451000,,80451000,80451000,5887000.0,472077000.0,,540425000.0,1795790000.0,,29061000.0,1824851000.0,2365276000,424361000.0,100000000.0,524361000.0,579462000.0,1127642000.0,1652003000,,,,713273000.0,2365276000,80452000.0,56227000.0,2643000.0,-25015000.0,,,,,114307000.0,-87098000.0,,,-87090000.0,-16394000.0,-21280000.0,3855000.0,-27043000.0,174000,2012-06-29,58.63000106811523,59.63999938964844,58.56999969482422,59.599998474121094,54.5802116394043,926200.0
2012-09-30,1295792000.0,-1021654000.0,274138000.0,-141086000.0,-9369000.0,,-57773000.0,133052000.0,-6346000.0,-6346000.0,126706000,,126706000,-48465000.0,78241000,,78241000,78241000,5659000.0,504252000.0,,563257000.0,1848453000.0,,26632000.0,1875085000.0,2438342000,448675000.0,100000000.0,548675000.0,544904000.0,1108477000.0,1657152000,,,,781190000.0,2438342000,78241000.0,57773000.0,21923000.0,-1177000.0,,,,,156760000.0,-108157000.0,,,-108551000.0,-16545000.0,-32521000.0,-8747000.0,-48437000.0,-228000,2012-09-28,52.6500015258789,52.72999954223633,51.86999893188477,52.040000915527344,47.77851486206055,1185300.0
2012-12-31,1338136000.0,-1054994000.0,283142000.0,-139806000.0,-7511000.0,,-59046000.0,143336000.0,-5297000.0,-5297000.0,138039000,,138039000,-54061000.0,83978000,,83978000,83978000,5589000.0,466011000.0,23065000.0,554532000.0,1885474000.0,,24635000.0,1910109000.0,2464641000,402010000.0,100000000.0,502760000.0,585347000.0,1170021000.0,1672781000,208744000.0,-1402097000.0,1985213000.0,791860000.0,2464641000,83977000.0,59046000.0,18247000.0,-30565000.0,,,,,130705000.0,-90642000.0,,,-90187000.0,-34106000.0,40453000.0,-35086000.0,-40588000.0,-70000,2012-12-31,58.27000045776367,59.7400016784668,58.2400016784668,59.709999084472656,55.09219741821289,1438800.0
2013-03-31,1291587000.0,-1024817000.0,266770000.0,-141731000.0,-10985000.0,,-60730000.0,125039000.0,-6256000.0,-6256000.0,118783000,,118783000,-45434000.0,73349000,,73349000,73349000,5747000.0,529333000.0,,615198000.0,1941426000.0,,29495000.0,1970921000.0,2586119000,526471000.0,200000000.0,727221000.0,393289000.0,983126000.0,1710347000,,,,875772000.0,2586119000,73349000.0,60730000.0,12228000.0,60452000.0,,,,,206759000.0,-115058000.0,,,-115070000.0,,-92957000.0,406000.0,-91531000.0,158000,2013-03-28,73.83000183105469,74.58999633789062,73.33999633789062,74.4800033569336,68.71992492675781,626200.0
2013-06-30,1382858000.0,-1086327000.0,296531000.0,-149124000.0,-12425000.0,,-62283000.0,147407000.0,-6230000.0,-6230000.0,141177000,,141177000,-53480000.0,87697000,,87697000,87697000,5923000.0,579643000.0,,651562000.0,1976226000.0,,28528000.0,2004754000.0,2656316000,498356000.0,200000000.0,699106000.0,474132000.0,1054971000.0,1754077000,,,,902239000.0,2656316000,87696000.0,62283000.0,834000.0,-64001000.0,,,,,86812000.0,-96634000.0,,,-96623000.0,-17555000.0,80057000.0,-58921000.0,9987000.0,176000,2013-06-28,71.4800033569336,72.36000061035156,71.27999877929688,72.23999786376953,66.79032135009766,852500.0
2013-09-30,1435850000.0,-1128353000.0,307497000.0,-156768000.0,-10172000.0,,-64291000.0,150729000.0,-5835000.0,-5835000.0,144894000,,144894000,-55422000.0,89472000,,89472000,89472000,5968000.0,584914000.0,,648032000.0,2037386000.0,,27016000.0,2064402000.0,2712434000,439588000.0,250000000.0,690338000.0,437474000.0,1041619000.0,1731957000,,,,980477000.0,2712434000,89473000.0,64291000.0,21713000.0,-57820000.0,,,,,117657000.0,-121932000.0,,,-121966000.0,-17671000.0,21214000.0,2564000.0,4354000.0,45000,2013-09-30,71.62000274658203,73.2300033569336,71.62000274658203,72.93000030517578,67.56412506103516,685000.0
2013-12-31,1474276000.0,-1160210000.0,314066000.0,-160533000.0,-11887000.0,,-66076000.0,153533000.0,-4819000.0,-4819000.0,148714000,,148714000,-56850000.0,91864000,,91864000,91864000,5831000.0,568519000.0,26248000.0,680203000.0,2112204000.0,,26997000.0,2139201000.0,2819404000,459811000.0,250000000.0,712296000.0,458417000.0,1094656000.0,1806952000,228266000.0,-1490598000.0,2274784000.0,1012452000.0,2819404000,91864000.0,66076000.0,40321000.0,-35138000.0,,,,,163123000.0,-108880000.0,,,-108882000.0,-17585000.0,14262000.0,-49369000.0,-54378000.0,-137000,2013-12-31,77.05000305175781,77.5,76.91999816894531,77.30000305175781,71.75858306884766,383700.0
2014-03-31,1406908000.0,-1129758000.0,277150000.0,-159843000.0,-9925000.0,,-68967000.0,117307000.0,-6380000.0,-6380000.0,110927000,,110927000,-42263000.0,68664000,,68664000,68664000,124212000.0,635111000.0,,842068000.0,2236101000.0,,37556000.0,2273657000.0,3115725000,560319000.0,100000000.0,662804000.0,752207000.0,1384796000.0,2047600000,,,,1068125000.0,3115725000,68664000.0,68967000.0,1994000.0,19420000.0,,,,,159045000.0,-158212000.0,,,-158212000.0,-23450000.0,140510000.0,267000.0,117548000.0,118381000,2014-03-31,70.29000091552734,72.01000213623047,70.26000213623047,71.91999816894531,66.94712066650389,1863300.0
2014-06-30,1547867000.0,-1212500000.0,335367000.0,-176137000.0,-11547000.0,,-71726000.0,159230000.0,-8329000.0,-8329000.0,150901000,,150901000,-57493000.0,93408000,,93408000,93408000,5870000.0,667620000.0,,739225000.0,2316545000.0,,35589000.0,2352134000.0,3091359000,512149000.0,,514634000.0,874028000.0,1495608000.0,2010242000,,,,1081117000.0,3091359000,93407000.0,71726000.0,-5962000.0,-17215000.0,,,,,141956000.0,-194640000.0,,,-194631000.0,-23297000.0,23590000.0,-70656000.0,-65667000.0,-118342000,2014-06-30,73.56999969482422,74.05999755859375,73.27999877929688,73.77999877929688,68.85848236083984,819600.0
2014-09-30,1601156000.0,-1244701000.0,356455000.0,-184355000.0,-15057000.0,,-75416000.0,172100000.0,-6649000.0,-6649000.0,165451000,,165451000,-63037000.0,102414000,,102414000,102414000,5859000.0,671298000.0,,737678000.0,2385106000.0,,36134000.0,2421240000.0,3158918000,526505000.0,250000000.0,790292000.0,587074000.0,1208807000.0,1999099000,,,,1159819000.0,3158918000,102415000.0,75416000.0,14362000.0,-6829000.0,,,,,185364000.0,-126373000.0,,,-126361000.0,-23420000.0,-27992000.0,2459000.0,-59014000.0,-11000,2014-09-30,73.9000015258789,74.27999877929688,73.27999877929688,74.05000305175781,69.28753662109375,857400.0
2014-12-31,1609510000.0,-1242640000.0,366870000.0,-183965000.0,-14067000.0,,-78387000.0,182905000.0,-5583000.0,-5583000.0,177322000,,177322000,-67016000.0,110306000,,110306000,110306000,5961000.0,653795000.0,27740000.0,861499000.0,2482532000.0,,34455000.0,2516987000.0,3378486000,521070000.0,250000000.0,771070000.0,683539000.0,1402893000.0,2173963000,249312000.0,-1600761000.0,2555972000.0,1204523000.0,3378486000,110306000.0,78387000.0,97940000.0,-126219000.0,,,,,160414000.0,-180485000.0,,,-180477000.0,-23437000.0,94978000.0,-49746000.0,20165000.0,102000,2014-12-31,84.9800033569336,85.47000122070312,84.12999725341797,84.25,79.02845764160156,539200.0
2015-03-31,1440180000.0,-1106008000.0,334172000.0,-178952000.0,-13933000.0,,-81378000.0,155220000.0,-6703000.0,-6703000.0,148517000,,148517000,-56585000.0,91932000,,91932000,91932000,5646000.0,631172000.0,,803512000.0,2552863000.0,,72622000.0,2625485000.0,3428997000,512331000.0,250000000.0,762331000.0,628203000.0,1389286000.0,2151617000,,,,1277380000.0,3428997000,91932000.0,81378000.0,31419000.0,50814000.0,,,,,255543000.0,-141344000.0,,,-161344000.0,-24468000.0,-65309000.0,-5291000.0,-94513000.0,-314000,2015-03-31,84.87000274658203,85.54000091552734,84.87000274658203,85.4000015258789,80.31497955322266,515200.0
2015-06-30,1539957000.0,-1164019000.0,375938000.0,-202203000.0,-27670000.0,,-83661000.0,173735000.0,-6661000.0,-6661000.0,167074000,,167074000,-63655000.0,103419000,,103419000,103419000,5586000.0,665241000.0,,786630000.0,2626104000.0,,72616000.0,2698720000.0,3485350000,526605000.0,250000000.0,776605000.0,643202000.0,1369540000.0,2146145000,,,,1339205000.0,3485350000,103419000.0,83660000.0,-21858000.0,32773000.0,,,,,197994000.0,-157902000.0,,,-157999000.0,-24477000.0,12106000.0,-27873000.0,-40056000.0,-61000,2015-06-30,83.87999725341797,84.2300033569336,82.05999755859375,82.08999633789062,77.38863372802734,19062300.0
2015-09-30,1586494000.0,-1198554000.0,387940000.0,-194094000.0,-14866000.0,,-86201000.0,193846000.0,-7838000.0,-7838000.0,186008000,,186008000,-70869000.0,115139000,,115139000,115139000,5542000.0,671398000.0,,768171000.0,2670509000.0,,80584000.0,2751093000.0,3519264000,544048000.0,0.0,544048000.0,993353000.0,1726029000.0,2270077000,,,,1249187000.0,3519264000,115139000.0,86201000.0,10797000.0,31286000.0,,,,,243423000.0,-131414000.0,,,-131412000.0,-24350000.0,99417000.0,-176562000.0,-112055000.0,-44000,2015-09-30,72.1500015258789,72.4800033569336,70.91999816894531,71.4000015258789,67.48154449462889,944800.0
2015-12-31,1621015000.0,-1233278000.0,387737000.0,-194844000.0,-16053000.0,,-88373000.0,192893000.0,-4289000.0,-4289000.0,188604000,,188604000,-71859000.0,116745000,,116745000,116745000,5566000.0,624294000.0,23191000.0,857925000.0,2701329000.0,,70290000.0,2771619000.0,3629544000,532417000.0,,532417000.0,998003000.0,1796775000.0,2329192000,270399000.0,-1855890000.0,2885843000.0,1300352000.0,3629544000,116745000.0,88374000.0,96016000.0,-124787000.0,,,,,176348000.0,-125776000.0,,0.0,-125777000.0,-24069000.0,25249000.0,-49571000.0,-50547000.0,24000,2015-12-31,72.83000183105469,74.19999694824219,72.58999633789062,73.36000061035156,69.52629852294922,585400.0
2016-03-31,1528712000.0,-1162327000.0,366385000.0,-198495000.0,-21833000.0,,-88352000.0,167890000.0,-6442000.0,-6442000.0,161448000,,161448000,-61350000.0,100098000,,100098000,100098000,5992000.0,690352000.0,,814930000.0,2739366000.0,,92662000.0,2832028000.0,3646958000,580714000.0,,580714000.0,961346000.0,1780164000.0,2360878000,,,,1286080000.0,3646958000,100098000.0,88352000.0,26259000.0,90187000.0,,,,,304896000.0,-114458000.0,,,-114460000.0,-24810000.0,-64668000.0,-99958000.0,-190010000.0,426000,2016-03-31,84.33000183105469,84.93000030517578,83.4800033569336,84.23999786376953,80.07223510742188,588500.0
2016-06-30,1615026000.0,-1238365000.0,376661000.0,-200869000.0,-18711000.0,,-90364000.0,175792000.0,-6420000.0,-6420000.0,169372000,,169372000,-64361000.0,105011000,,105011000,105011000,11277000.0,744026000.0,,827008000.0,2766915000.0,,103441000.0,2870356000.0,3697364000,552716000.0,,552716000.0,957574000.0,1765223000.0,2317939000,,,,1379425000.0,3697364000,105011000.0,90364000.0,40000.0,-26173000.0,,,,,169242000.0,-143500000.0,,,-143505000.0,-24788000.0,3157000.0,1300000.0,-20452000.0,5285000,2016-06-30,80.12000274658203,80.93000030517578,79.0199966430664,80.93000030517578,77.1288833618164,905200.0
2016-09-30,1690659000.0,-1294934000.0,395725000.0,-212748000.0,-21025000.0,,-91001000.0,182977000.0,-6485000.0,-6485000.0,176492000,,176492000,-67067000.0,109425000,,109425000,109425000,5481000.0,775020000.0,,842401000.0,2808741000.0,,78852000.0,2887593000.0,3729994000,600845000.0,,600845000.0,943696000.0,1744066000.0,2344911000,,,,1385083000.0,3729994000,109425000.0,91001000.0,-2921000.0,12320000.0,,,,,209825000.0,-100796000.0,,0.0,-100806000.0,-24879000.0,-3790000.0,-74760000.0,-114815000.0,-5796000,2016-09-30,80.7300033569336,81.37999725341797,80.43000030517578,81.13999938964844,77.53839111328125,707800.0
2016-12-31,1721062000.0,-1312690000.0,408372000.0,-214011000.0,-25484000.0,,-91793000.0,194361000.0,-5876000.0,-5876000.0,188485000,,188485000,-70929000.0,117556000,,117556000,117556000,6377000.0,745288000.0,18577000.0,1067420000.0,2818791000.0,,64516000.0,2883307000.0,3950727000,463389000.0,,694873000.0,986278000.0,1841793000.0,2536666000,294758000.0,-2099640000.0,3218943000.0,1414061000.0,3950727000,117556000.0,91793000.0,73151000.0,-112320000.0,,,,,170180000.0,-126502000.0,,0.0,-126617000.0,-24513000.0,56363000.0,-75001000.0,-42667000.0,896000,2016-12-30,97.77999877929688,97.9499969482422,96.68000030517578,97.06999969482422,93.01077270507812,805000.0
2017-03-31,1629158000.0,-1267396000.0,361762000.0,-212373000.0,-23481000.0,,-92189000.0,149389000.0,-6817000.0,-6817000.0,142572000,,142572000,-39870000.0,102702000,,102702000,102702000,12261000.0,707433000.0,,893341000.0,2830628000.0,,46426000.0,2877054000.0,3770395000,586525000.0,,586525000.0,950558000.0,1811576000.0,2398101000,,,,1372294000.0,3770395000,102702000.0,92189000.0,14807000.0,75935000.0,,,,,285633000.0,-91007000.0,,,-94474000.0,-25602000.0,-29636000.0,-129761000.0,-185275000.0,5884000,2017-03-31,91.41999816894531,92.16000366210938,90.98999786376952,91.73999786376952,88.109375,701600.0
2017-06-30,1726915000.0,-1340067000.0,386848000.0,-223233000.0,-21728000.0,,-93050000.0,163615000.0,-7393000.0,-7393000.0,156222000,,156222000,-58353000.0,97869000,,97869000,97869000,7274000.0,749042000.0,,908351000.0,2820030000.0,,50001000.0,2870031000.0,3778382000,608092000.0,,608092000.0,943174000.0,1762569000.0,2370661000,,,,1407721000.0,3778382000,97869000.0,93049000.0,-25661000.0,-7443000.0,,,,,157814000.0,-74085000.0,,,-74082000.0,-25275000.0,-14337000.0,-49383000.0,-88719000.0,-4987000,2017-06-30,91.62000274658205,91.77999877929688,90.55999755859376,91.37999725341795,87.98937225341797,1223400.0
2017-09-30,1843334000.0,-1442491000.0,400843000.0,-235871000.0,-29389000.0,,-95959000.0,164972000.0,-8310000.0,-8310000.0,156662000,,156662000,-56277000.0,100385000,,100385000,100385000,7707000.0,858720000.0,,1006591000.0,2875809000.0,,171523000.0,3047332000.0,4053923000,681755000.0,,681755000.0,1084801000.0,1900198000.0,2581953000,,,,1471970000.0,4053923000,100385000.0,95960000.0,3722000.0,-14965000.0,,,,,185102000.0,-149746000.0,,-137630000.0,-287553000.0,-25243000.0,146863000.0,-18736000.0,102884000.0,433000,2017-09-29,111.08999633789062,111.5999984741211,109.7699966430664,111.08000183105469,107.2335433959961,1250500.0
2017-12-31,1990161000.0,-1556803000.0,433358000.0,-287545000.0,-51280000.0,,-102320000.0,145813000.0,-6030000.0,-6030000.0,139783000,,139783000,245524000.0,385307000,,385307000,385307000,14612000.0,920767000.0,20688000.0,1338728000.0,2983331000.0,,143290000.0,3126621000.0,4465349000,669864000.0,0.0,921844000.0,1085649000.0,1704180000.0,2626024000,312482000.0,-2277001000.0,3803844000.0,1839325000.0,4465349000,385307000.0,102320000.0,-175731000.0,-85292000.0,,,,,226604000.0,-195677000.0,,751000.0,-195173000.0,-25242000.0,764000.0,19167000.0,-24526000.0,6905000,2017-12-29,115.3499984741211,116.83999633789062,114.81999969482422,114.9800033569336,111.23947143554688,1133900.0
2018-03-31,1948245000.0,-1523038000.0,425207000.0,-256426000.0,-32326000.0,,-105583000.0,168781000.0,-9152000.0,-9152000.0,159629000,,159629000,-41487000.0,118142000,,118142000,118142000,7082000.0,900903000.0,,1236064000.0,3044276000.0,,141317000.0,3185593000.0,4421657000,588011000.0,247609000.0,1092516000.0,752423000.0,1386078000.0,2478594000,,,,1943063000.0,4421657000,118142000.0,105583000.0,18263000.0,19630000.0,,,,,261618000.0,-179045000.0,,,-179344000.0,-26341000.0,-63364000.0,0.0,-89804000.0,-7530000,2018-03-29,115.73999786376952,118.4800033569336,114.6999969482422,117.1500015258789,113.56995391845705,885100.0
2018-06-30,2139027000.0,-1654031000.0,484996000.0,-270184000.0,-37306000.0,,-107423000.0,214812000.0,-9855000.0,-9855000.0,204957000,,204957000,-53305000.0,151652000,,151652000,151652000,15191000.0,1019622000.0,,1307421000.0,3142387000.0,,139435000.0,3281822000.0,4589243000,650023000.0,249436000.0,1158537000.0,755575000.0,1397344000.0,2555881000,,,,2033362000.0,4589243000,151652000.0,107423000.0,25193000.0,-16853000.0,,,,,267415000.0,-175086000.0,,,-176080000.0,-26242000.0,-7908000.0,-49175000.0,-83226000.0,8109000,2018-06-29,121.6999969482422,123.04000091552734,120.8499984741211,121.5500030517578,118.07894897460938,1030200.0
2018-09-30,2209760000.0,-1738712000.0,471048000.0,-296360000.0,-42449000.0,,-108801000.0,174688000.0,-9961000.0,-9961000.0,164727000,,164727000,-33617000.0,131110000,,131110000,131110000,7587000.0,1095638000.0,,1342482000.0,3241507000.0,,137682000.0,3379189000.0,4721671000,684844000.0,248680000.0,1212660000.0,820864000.0,1428433000.0,2641093000,,,,2080578000.0,4721671000,131110000.0,108801000.0,-21273000.0,29932000.0,,,,,248570000.0,-230846000.0,,0.0,-230831000.0,-26202000.0,69734000.0,-68875000.0,-25343000.0,-7604000,2018-09-28,119.06999969482422,119.95999908447266,118.26000213623048,118.94000244140624,115.77611541748048,1055800.0
2018-12-31,2317842000.0,-1903983000.0,413859000.0,-291119000.0,-51189000.0,,-114086000.0,122740000.0,-11235000.0,-11235000.0,111505000,,111505000,-22824000.0,88681000,,88681000,88681000,7600000.0,1051698000.0,21977000.0,1502981000.0,3445111000.0,,143555000.0,3588666000.0,5091647000,826503000.0,250706000.0,1352348000.0,898398000.0,1637915000.0,2990263000,342128000.0,-2429179000.0,4188435000.0,2101384000.0,5091647000,88681000.0,114086000.0,138884000.0,-31413000.0,,,,,310238000.0,-300508000.0,,0.0,-300518000.0,-26209000.0,68353000.0,-32288000.0,-9707000.0,13000,2018-12-31,93.7300033569336,93.9499969482422,91.97000122070312,93.04000091552734,90.76119995117188,973000.0
2019-03-31,2089627000.0,-1628340000.0,461287000.0,-293492000.0,-45038000.0,,-119930000.0,167795000.0,-13033000.0,-13033000.0,154762000,,154762000,-35161000.0,119601000,,119601000,119601000,52363000.0,1002483000.0,,1438159000.0,3539738000.0,,349385000.0,3889123000.0,5327282000,998239000.0,0.0,998239000.0,1284550000.0,2125279000.0,3123518000,,,,2203764000.0,5327282000,119601000.0,119930000.0,49337000.0,-38127000.0,,,,,250741000.0,-212146000.0,,-98543000.0,-310704000.0,-28272000.0,135518000.0,,104726000.0,44763000,2019-03-29,101.44000244140624,101.68000030517578,100.9800033569336,101.29000091552734,99.0461654663086,746100.0
2019-06-30,2261647000.0,-1739600000.0,522047000.0,-328954000.0,-46539000.0,,-123995000.0,193093000.0,-14763000.0,-14763000.0,178330000,,178330000,-44697000.0,133633000,,133633000,133633000,6875000.0,1040153000.0,,1384364000.0,3678085000.0,,358290000.0,4036375000.0,5420739000,1061522000.0,0.0,1061522000.0,1372143000.0,2223861000.0,3285383000,,,,2135356000.0,5420739000,133633000.0,123994000.0,34840000.0,63453000.0,,,,,355920000.0,-263185000.0,,0.0,-263215000.0,-28006000.0,78581000.0,-189734000.0,-138193000.0,-45488000,2019-06-28,90.06999969482422,92.2300033569336,90.06999969482422,91.41000366210938,89.6388931274414,1912000.0
2019-09-30,2363660000.0,-1866013000.0,497647000.0,-329785000.0,-49077000.0,,-126803000.0,167862000.0,-12357000.0,-12357000.0,155505000,,155505000,-37095000.0,118410000,,118410000,118410000,75132000.0,1051027000.0,,1383456000.0,3650362000.0,,352519000.0,4002881000.0,5386337000,1075024000.0,0.0,1075024000.0,1293312000.0,2117784000.0,3192808000,,,,2193529000.0,5386337000,118410000.0,126804000.0,-3563000.0,89283000.0,,,,,330934000.0,-111276000.0,,311000.0,-110997000.0,-27809000.0,-77593000.0,-35946000.0,-151680000.0,68257000,2019-09-30,111.44000244140624,112.38999938964844,110.16999816894531,110.6500015258789,108.78240203857422,943000.0
2019-12-31,2450324000.0,-1925905000.0,524419000.0,-319344000.0,-51279000.0,,-128417000.0,205075000.0,-12777000.0,-12777000.0,192298000,,192298000,-47622000.0,144676000,,144676000,144676000,35000000.0,1011829000.0,21106000.0,1481299000.0,3620866000.0,,368689000.0,3989555000.0,5470854000,1035766000.0,,1035766000.0,1295740000.0,2168059000.0,3203825000,375720000.0,-2701629000.0,4592938000.0,2267029000.0,5470854000,144676000.0,128417000.0,80901000.0,-193242000.0,,,,,160752000.0,-101590000.0,,-17422000.0,-119046000.0,-27730000.0,508000.0,-49977000.0,-81838000.0,-40132000,2019-12-31,116.33000183105469,117.1999969482422,115.73999786376952,116.77999877929688,115.05838012695312,448200.0
2020-03-31,2280826000.0,-1811523000.0,469303000.0,-314562000.0,-130763000.0,,-130095000.0,154741000.0,-12036000.0,-12036000.0,142705000,,142705000,-37871000.0,104834000,,104834000,104834000,48454000.0,978280000.0,,1397969000.0,3618300000.0,,363773000.0,3982073000.0,5380042000,909376000.0,,909376000.0,1302756000.0,2188248000.0,3097624000,,,,2282418000.0,5380042000,104834000.0,130095000.0,46416000.0,-32182000.0,,,,,249163000.0,-128736000.0,,,-128708000.0,-28688000.0,507000.0,-75193000.0,-107001000.0,13454000,2020-03-31,92.43000030517578,94.54000091552734,91.0999984741211,92.2300033569336,91.0896453857422,1063600.0
2020-06-30,2145573000.0,-1663892000.0,481681000.0,-306498000.0,-123733000.0,,-130298000.0,175183000.0,-12818000.0,-12818000.0,162365000,,162365000,-40667000.0,121698000,,121698000,121698000,274654000.0,950636000.0,,1544697000.0,3626396000.0,,382539000.0,4008935000.0,5553632000,970682000.0,,970682000.0,1307019000.0,2192107000.0,3162789000,,,,2390843000.0,5553632000,121698000.0,130298000.0,14265000.0,124526000.0,,,,,390787000.0,-135878000.0,,,-135818000.0,-28487000.0,506000.0,0.0,-28769000.0,226200000,2020-06-30,119.86000061035156,121.23999786376952,119.33000183105469,120.33999633789062,119.17449951171876,649800.0
