Report Date,Revenue,Cost of Revenue,Gross Profit,Operating Expenses,"Selling, General & Administrative",Research & Development,Depreciation & Amortization,Operating Income (Loss),Non-Operating Income (Loss),"Interest Expense, Net","Pretax Income (Loss), Adj.",Abnormal Gains (Losses),Pretax Income (Loss),"Income Tax (Expense) Benefit, Net",Income (Loss) from Continuing Operations,Net Extraordinary Gains (Losses),Net Income,Net Income (Common),"Cash, Cash Equivalents & Short Term Investments",Accounts & Notes Receivable,Inventories,Total Current Assets,"Property, Plant & Equipment, Net",Long Term Investments & Receivables,Other Long Term Assets,Total Noncurrent Assets,Total Assets,Payables & Accruals,Short Term Debt,Total Current Liabilities,Long Term Debt,Total Noncurrent Liabilities,Total Liabilities,Share Capital & Additional Paid-In Capital,Treasury Stock,Retained Earnings,Total Equity,Total Liabilities & Equity,Net Income/Starting Line,Depreciation & Amortization,Non-Cash Items,Change in Working Capital,Change in Accounts Receivable,Change in Inventories,Change in Accounts Payable,Change in Other,Net Cash from Operating Activities,Change in Fixed Assets & Intangibles,Net Change in Long Term Investment,Net Cash from Acquisitions & Divestitures,Net Cash from Investing Activities,Dividends Paid,Cash from (Repayment of) Debt,Cash from (Repurchase of) Equity,Net Cash from Financing Activities,Net Change in Cash,Price Date,Open,High,Low,Close,Adj Close,Volume
2010-06-30,227845000.0,-132709000.0,95136000.0,-45842000.0,-31510000.0,-14332000.0,,49294000.0,-1092000.0,-1092000.0,48202000,,48202000,-18218000.0,29984000,,29984000,29984000,125518000.0,208450000.0,,393102000.0,274670000.0,,892788000.0,1167458000.0,1560560000,63754000.0,105963000.0,444385000.0,272732000.0,365803000.0,810188000,335815000.0,-309585000.0,724142000.0,750372000.0,1560560000,29984000.0,19479000.0,-80395000.0,157799000.0,,,,,126867000.0,936000.0,0.0,-300789000.0,-324294000.0,-8109000.0,299150000.0,4029000.0,287166000.0,89739000,2010-06-30,24.28000068664551,24.489999771118164,23.8799991607666,23.8799991607666,20.711992263793945,607600.0
2010-09-30,234822000.0,-137789000.0,97033000.0,-44258000.0,-28868000.0,-15390000.0,,52775000.0,-2875000.0,-2875000.0,49900000,,49900000,-18129000.0,31771000,,31771000,31771000,46766000.0,133499000.0,,248754000.0,274471000.0,,892280000.0,1166751000.0,1415505000,59748000.0,11043000.0,305040000.0,235422000.0,333301000.0,638341000,338958000.0,-309585000.0,747791000.0,777164000.0,1415505000,31771000.0,22171000.0,76435000.0,-55014000.0,,,,,75363000.0,0.0,1000.0,,-16181000.0,-8121000.0,-131854000.0,2591000.0,-137934000.0,-78752000,2010-09-30,25.670000076293945,25.90999984741211,25.34000015258789,25.5,22.20380973815918,677100.0
2010-12-31,242635000.0,-139816000.0,102819000.0,-47830000.0,-31993000.0,-15837000.0,,54989000.0,-2455000.0,-2455000.0,52534000,,52534000,-16489000.0,36045000,,36045000,36045000,46871000.0,126827000.0,,239063000.0,270984000.0,,887599000.0,1158583000.0,1397646000,48846000.0,15043000.0,249258000.0,229889000.0,329241000.0,578499000,353042000.0,-309585000.0,775690000.0,819147000.0,1397646000,36045000.0,22871000.0,8652000.0,-57102000.0,,,,,10466000.0,0.0,-1000.0,,-11404000.0,-8145000.0,-3040000.0,12718000.0,1043000.0,105000,2010-12-31,29.29999923706055,29.5,29.149999618530273,29.149999618530273,25.46906471252441,300200.0
2011-03-31,240185000.0,-144895000.0,95290000.0,-44787000.0,-29071000.0,-15716000.0,,50503000.0,-1649000.0,-1649000.0,48854000,,48854000,-15773000.0,33081000,,33081000,33081000,54383000.0,115529000.0,,231754000.0,270124000.0,,882908000.0,1153032000.0,1384786000,54305000.0,20102000.0,207152000.0,224587000.0,328112000.0,535264000,359392000.0,-309585000.0,799715000.0,849522000.0,1384786000,33081000.0,22575000.0,16722000.0,-43049000.0,,,,,29329000.0,0.0,1000.0,,-15909000.0,-9058000.0,-1628000.0,5168000.0,-5908000.0,7512000,2011-03-31,33.709999084472656,33.939998626708984,33.439998626708984,33.889999389648445,29.707782745361328,389200.0
2011-06-30,249255000.0,-145063000.0,104192000.0,-46142000.0,-29690000.0,-16452000.0,,58050000.0,-1826000.0,-1826000.0,56224000,,56224000,-19650000.0,36574000,,36574000,36574000,63125000.0,207510000.0,,353950000.0,270186000.0,,881661000.0,1151847000.0,1505797000,62308000.0,26092000.0,380511000.0,127939000.0,245510000.0,626021000,362139000.0,-309585000.0,827222000.0,879776000.0,1505797000,36574000.0,22897000.0,-74595000.0,140098000.0,,,,,124974000.0,0.0,0.0,,-15544000.0,-9067000.0,-92933000.0,1355000.0,-100688000.0,8742000,2011-06-30,29.93000030517578,30.170000076293945,29.78000068664551,30.01000022888184,26.3960075378418,420200.0
2011-09-30,248338000.0,-143912000.0,104426000.0,-46629000.0,-31693000.0,-14936000.0,,57797000.0,-1327000.0,-1327000.0,56470000,,56470000,-19995000.0,36475000,,36475000,36475000,108055000.0,134648000.0,,322974000.0,279745000.0,,879059000.0,1158804000.0,1481778000,59996000.0,33161000.0,327799000.0,124148000.0,244816000.0,572615000,364125000.0,-309585000.0,854623000.0,909163000.0,1481778000,36475000.0,23694000.0,76053000.0,-57759000.0,,,,,78463000.0,-670000.0,1000.0,,-18838000.0,-9074000.0,-6340000.0,1356000.0,-14695000.0,44930000,2011-09-30,28.82999992370605,29.440000534057614,28.690000534057614,28.979999542236328,25.584775924682614,924500.0
2011-12-31,255858000.0,-148449000.0,107409000.0,-46621000.0,-31546000.0,-15075000.0,,60788000.0,-1342000.0,-1342000.0,59446000,,59446000,-20921000.0,38525000,,38525000,38525000,95202000.0,126600000.0,,308773000.0,278233000.0,,876596000.0,1154829000.0,1463602000,61779000.0,28914000.0,277361000.0,118107000.0,241794000.0,519155000,369978000.0,-309585000.0,884054000.0,944447000.0,1463602000,38524000.0,23719000.0,11599000.0,-56044000.0,,,,,17798000.0,2641000.0,-1000.0,,-13799000.0,-9093000.0,-11707000.0,3957000.0,-16852000.0,-12853000,2011-12-30,34.02000045776367,34.130001068115234,33.56999969482422,33.610000610351555,29.77082061767578,311600.0
2012-03-31,256304000.0,-152921000.0,103383000.0,-46886000.0,-31415000.0,-15471000.0,,56497000.0,-1379000.0,-1379000.0,55118000,,55118000,-18461000.0,36657000,,36657000,36657000,89771000.0,118371000.0,,292963000.0,273106000.0,,877966000.0,1151072000.0,1444035000,59827000.0,28567000.0,221707000.0,112483000.0,243537000.0,465244000,377661000.0,-309585000.0,910715000.0,978791000.0,1444035000,36658000.0,23052000.0,16555000.0,-54509000.0,,,,,21756000.0,81000.0,1000000.0,,-16721000.0,-9997000.0,-6268000.0,5913000.0,-10466000.0,-5431000,2012-03-30,34.509998321533196,34.509998321533196,34.09999847412109,34.11999893188477,30.32381248474121,292200.0
2012-06-30,257167000.0,-153562000.0,103605000.0,-47095000.0,-31701000.0,-15394000.0,,56510000.0,-519000.0,-519000.0,55991000,,55991000,-15608000.0,40383000,,40383000,40383000,157313000.0,218305000.0,,468649000.0,276730000.0,,874113000.0,1150843000.0,1619492000,74577000.0,25503000.0,402243000.0,106166000.0,234193000.0,636436000,382934000.0,-343956000.0,944078000.0,983056000.0,1619492000,40383000.0,24154000.0,-82478000.0,171404000.0,,,,,153463000.0,0.0,0.0,0.0,-26904000.0,-9964000.0,-10965000.0,-31271000.0,-59017000.0,67542000,2012-06-29,34.279998779296875,34.639999389648445,33.790000915527344,34.52000045776367,30.786235809326172,370500.0
2012-09-30,271001000.0,-155073000.0,115928000.0,-48412000.0,-33767000.0,-14645000.0,,67516000.0,-1154000.0,-1154000.0,66362000,,66362000,-23887000.0,42475000,,42475000,42475000,223688000.0,136827000.0,,450729000.0,279055000.0,,872900000.0,1151955000.0,1602684000,68938000.0,31474000.0,355371000.0,101231000.0,231298000.0,586669000,388105000.0,-348732000.0,976642000.0,1016015000.0,1602684000,42475000.0,24218000.0,86915000.0,-51759000.0,,,,,101849000.0,-55000.0,,,-18495000.0,-9911000.0,-5726000.0,-885000.0,-16979000.0,66375000,2012-09-28,37.66999816894531,38.09000015258789,37.66999816894531,37.849998474121094,33.859569549560554,263600.0
2012-12-31,278694000.0,-156457000.0,122237000.0,-62809000.0,-47118000.0,-15691000.0,,59428000.0,-1071000.0,-1071000.0,58357000,,58357000,-17852000.0,40505000,,40505000,40505000,192854000.0,129462000.0,,408936000.0,286420000.0,,874152000.0,1160572000.0,1569508000,63069000.0,30376000.0,299756000.0,98927000.0,223189000.0,522945000,392570000.0,-353253000.0,1007246000.0,1046563000.0,1569508000,40506000.0,24239000.0,10023000.0,-57449000.0,,,,,17319000.0,134000.0,,,-24209000.0,-9902000.0,-11610000.0,-2444000.0,-23944000.0,-30834000,2012-12-31,39.11000061035156,39.40999984741211,38.79999923706055,39.2599983215332,35.22582626342773,555000.0
2013-03-31,281543000.0,-166953000.0,114590000.0,-48881000.0,-32885000.0,-15996000.0,,65709000.0,-901000.0,-901000.0,64808000,,64808000,-18812000.0,45996000,,45996000,45996000,182051000.0,126820000.0,,392764000.0,291329000.0,,879348000.0,1170677000.0,1563441000,70193000.0,37581000.0,260791000.0,95055000.0,222810000.0,483601000,397530000.0,-359744000.0,1042054000.0,1079840000.0,1563441000,45995000.0,26173000.0,8386000.0,-47297000.0,,,,,33257000.0,245000.0,,0.0,-23327000.0,-11187000.0,-5988000.0,-3597000.0,-20733000.0,-10803000,2013-03-28,45.63000106811523,46.31000137329102,45.599998474121094,46.209999084472656,41.5859489440918,373100.0
2013-06-30,276286000.0,-167647000.0,108639000.0,-50535000.0,-33665000.0,-16870000.0,,58104000.0,-2571000.0,-2571000.0,55533000,,55533000,-16899000.0,38634000,,38634000,38634000,127905000.0,231263000.0,,456119000.0,300511000.0,,915756000.0,1216267000.0,1672386000,80229000.0,7929000.0,434202000.0,7366000.0,222368000.0,656570000,401730000.0,-402082000.0,1016168000.0,1015816000.0,1672386000,38634000.0,25711000.0,-83583000.0,183229000.0,,,,,163991000.0,20000.0,,0.0,-31213000.0,-17202000.0,-121856000.0,-40725000.0,-186924000.0,-54146000,2013-06-28,47.4000015258789,47.59000015258789,46.959999084472656,47.13000106811523,42.59141540527344,672500.0
2013-09-30,277730000.0,-160441000.0,117289000.0,-50661000.0,-34988000.0,-15673000.0,,66628000.0,-149000.0,-149000.0,66479000,,66479000,-23258000.0,43221000,,43221000,43221000,181787000.0,152624000.0,,430459000.0,295635000.0,,889048000.0,1184683000.0,1615142000,80965000.0,11447000.0,365243000.0,6543000.0,145118000.0,510361000,401608000.0,-402082000.0,1105255000.0,1104781000.0,1615142000,43221000.0,25856000.0,81041000.0,-46534000.0,,,,,103584000.0,2702000.0,,,-21908000.0,-17054000.0,-2798000.0,1181000.0,-27794000.0,53882000,2013-09-30,51.13000106811523,51.81000137329102,50.81000137329102,51.65999984741211,46.87376403808594,504100.0
2013-12-31,288844000.0,-165824000.0,123020000.0,-48777000.0,-32635000.0,-16142000.0,,74243000.0,-138000.0,-138000.0,74105000,,74105000,-25744000.0,48361000,,48361000,48361000,155501000.0,136369000.0,,382711000.0,299016000.0,,900417000.0,1199433000.0,1582144000,65246000.0,3989000.0,289546000.0,5689000.0,147151000.0,436697000,405384000.0,-402082000.0,1142145000.0,1145447000.0,1582144000,48362000.0,26266000.0,17405000.0,-57997000.0,,,,,34036000.0,107000.0,,,-33144000.0,-17092000.0,-10832000.0,1014000.0,-27178000.0,-26286000,2013-12-31,58.91999816894531,59.36999893188477,58.86999893188477,59.209999084472656,53.913002014160156,186400.0
2014-03-31,291434000.0,-174059000.0,117375000.0,-52834000.0,-35349000.0,-17485000.0,,64541000.0,-178000.0,-178000.0,64363000,,64363000,-21757000.0,42606000,,42606000,42606000,52244000.0,140010000.0,,278985000.0,299153000.0,,936334000.0,1235487000.0,1514472000,72099000.0,11832000.0,254448000.0,3622000.0,145484000.0,399932000,409339000.0,-465077000.0,1170278000.0,1114540000.0,1514472000,42605000.0,27395000.0,-5943000.0,-33600000.0,,,,,30457000.0,2583000.0,,-27894000.0,-51023000.0,-18624000.0,-1926000.0,-61701000.0,-82691000.0,-103257000,2014-03-31,55.34000015258789,55.9900016784668,55.20000076293945,55.7599983215332,50.96376419067383,210100.0
2014-06-30,315165000.0,-179048000.0,136117000.0,-53231000.0,-35783000.0,-17448000.0,,82886000.0,-263000.0,-263000.0,82623000,,82623000,-30096000.0,52527000,,52527000,52527000,70377000.0,224041000.0,,390506000.0,291675000.0,,998522000.0,1290197000.0,1680703000,73815000.0,5407000.0,446809000.0,3729000.0,266507000.0,713316000,413536000.0,-577781000.0,1131632000.0,967387000.0,1680703000,52527000.0,28254000.0,-59540000.0,159153000.0,,,,,180394000.0,2389000.0,,0.0,-25705000.0,-18481000.0,-6602000.0,-111300000.0,-136556000.0,18133000,2014-06-30,59.54999923706055,59.66999816894531,58.9900016784668,59.43000030517578,54.528297424316406,317200.0
2014-09-30,301474000.0,-174884000.0,126590000.0,-54964000.0,-38173000.0,-16791000.0,,71626000.0,-209000.0,-209000.0,71417000,,71417000,-25329000.0,46088000,,46088000,46088000,39402000.0,159110000.0,,310323000.0,301132000.0,,1009342000.0,1310474000.0,1620797000,81044000.0,9964000.0,404724000.0,1041000.0,281602000.0,686326000,413118000.0,-638325000.0,1159678000.0,934471000.0,1620797000,46088000.0,29448000.0,68062000.0,-42848000.0,,,,,100750000.0,58000.0,,0.0,-42881000.0,-18042000.0,-170000.0,-59229000.0,-88844000.0,-30975000,2014-09-30,55.97999954223633,56.06999969482422,55.56000137329102,55.65999984741211,51.26325225830078,298700.0
2014-12-31,311294000.0,-180259000.0,131035000.0,-51370000.0,-33689000.0,-17681000.0,,79665000.0,-309000.0,-309000.0,79356000,,79356000,-25474000.0,53882000,,53882000,53882000,49332000.0,147890000.0,,306781000.0,295483000.0,,1018707000.0,1314190000.0,1620971000,72209000.0,77888000.0,405259000.0,923000.0,293650000.0,698909000,417008000.0,-690584000.0,1195638000.0,922062000.0,1620971000,53881000.0,29968000.0,6836000.0,-56525000.0,,,,,34160000.0,8184000.0,,0.0,-20518000.0,-17919000.0,65501000.0,-51011000.0,-3712000.0,9930000,2014-12-31,63.2599983215332,63.349998474121094,62.09000015258789,62.13999938964844,57.43617248535156,165100.0
2015-03-31,309709000.0,-177894000.0,131815000.0,-54613000.0,-37091000.0,-17522000.0,,77202000.0,-636000.0,-636000.0,76566000,,76566000,-25854000.0,50712000,,50712000,50712000,52800000.0,137415000.0,,294532000.0,290720000.0,,1032887000.0,1323607000.0,1618139000,76103000.0,7247000.0,287605000.0,70200000.0,373924000.0,661529000,421066000.0,-690584000.0,1226128000.0,956610000.0,1618139000,50710000.0,29670000.0,17799000.0,-42290000.0,,,,,55889000.0,24000.0,,0.0,-30933000.0,-20222000.0,-1364000.0,1417000.0,-21488000.0,3468000,2015-03-31,69.58000183105469,69.91000366210939,69.48999786376953,69.88999938964844,64.84354400634766,647100.0
2015-06-30,333713000.0,-187299000.0,146414000.0,-57042000.0,-44415000.0,-19501000.0,,89372000.0,-271000.0,-271000.0,89101000,,89101000,-28562000.0,60539000,,60539000,60539000,148313000.0,245387000.0,,493499000.0,296332000.0,,1047004000.0,1343336000.0,1836835000,94438000.0,2595000.0,443611000.0,50102000.0,401690000.0,845301000,425563000.0,-700472000.0,1266443000.0,991534000.0,1836835000,60542000.0,29910000.0,-75191000.0,176416000.0,,,,,191677000.0,-8084000.0,,8135000.0,-42652000.0,-20227000.0,-24750000.0,-8345000.0,-53512000.0,95513000,2015-06-30,65.77999877929689,65.88999938964844,64.56999969482422,64.69999694824219,60.25873565673828,661400.0
2015-09-30,321618000.0,-183663000.0,137955000.0,-57418000.0,-38864000.0,-18554000.0,,80537000.0,-107000.0,-107000.0,80430000,,80430000,-29064000.0,51366000,,51366000,51366000,84485000.0,147652000.0,,345425000.0,295941000.0,,1072831000.0,1368772000.0,1714197000,95310000.0,1107000.0,397226000.0,0.0,362687000.0,759913000,426389000.0,-769714000.0,1297609000.0,954284000.0,1714197000,51366000.0,31204000.0,101710000.0,-57470000.0,,,,,126810000.0,38000.0,,-8275000.0,-48562000.0,-20200000.0,-51590000.0,-67846000.0,-142076000.0,-63828000,2015-09-30,69.55000305175781,69.90000152587889,69.01000213623047,69.61000061035156,65.07969665527344,313500.0
2015-12-31,332872000.0,-190445000.0,142427000.0,-57640000.0,-38778000.0,-18862000.0,,84787000.0,-185000.0,-185000.0,84602000,,84602000,-25254000.0,59348000,,59348000,59348000,55126000.0,147091000.0,,320017000.0,302091000.0,,1086755000.0,1388846000.0,1708863000,80122000.0,323000.0,333751000.0,100000000.0,462640000.0,796391000,430883000.0,-855594000.0,1337185000.0,912474000.0,1708865000,59348000.0,31781000.0,7866000.0,-78525000.0,,,,,20470000.0,2709000.0,,0.0,-44558000.0,-19772000.0,99216000.0,-84654000.0,-5271000.0,-29359000,2015-12-31,78.7699966430664,79.08999633789062,78.02999877929688,78.05999755859375,73.21231079101562,498300.0
2016-03-31,333186000.0,-194273000.0,138913000.0,-59083000.0,-39229000.0,-19854000.0,,79830000.0,-432000.0,-432000.0,79398000,,79398000,-25515000.0,53883000,,53883000,53883000,54001000.0,137406000.0,,309970000.0,298023000.0,,1094629000.0,1392652000.0,1702622000,76781000.0,213000.0,279264000.0,100000000.0,474491000.0,753755000,435458000.0,-855594000.0,1369003000.0,948867000.0,1702622000,53883000.0,32134000.0,31456000.0,-57382000.0,,,,,60091000.0,50000.0,,0.0,-40477000.0,-22065000.0,-110000.0,1496000.0,-20739000.0,-1125000,2016-03-31,85.70999908447266,86.13999938964844,84.43000030517578,84.56999969482422,79.58574676513672,900600.0
2016-06-30,366970000.0,-205270000.0,161700000.0,-45195000.0,-40722000.0,-23964000.0,,116505000.0,-399000.0,-399000.0,116106000,,116106000,-31836000.0,84270000,,84270000,84270000,70310000.0,253923000.0,,431929000.0,298564000.0,,1085019000.0,1383583000.0,1815512000,100007000.0,200000.0,443732000.0,0.0,375570000.0,819302000,441152000.0,-876134000.0,1431192000.0,996210000.0,1815512000,84270000.0,34529000.0,-122105000.0,163663000.0,,,,,160357000.0,47000.0,,34030000.0,-2366000.0,-22081000.0,-100016000.0,-18250000.0,-141682000.0,16309000,2016-06-30,85.72000122070312,87.2699966430664,85.38999938964844,87.2699966430664,82.40440368652344,531500.0
2016-09-30,345028000.0,-194763000.0,150265000.0,-58848000.0,-39109000.0,-19739000.0,,91417000.0,-34000.0,-34000.0,91383000,,91383000,-29139000.0,62244000,,62244000,62244000,84519000.0,148428000.0,,342900000.0,293237000.0,,1096115000.0,1389352000.0,1732252000,83460000.0,0.0,379371000.0,,380292000.0,759663000,438483000.0,-937473000.0,1471579000.0,972589000.0,1732252000,62244000.0,34136000.0,114669000.0,-77678000.0,,,,,133371000.0,777000.0,,0.0,-31901000.0,-21857000.0,-200000.0,-59867000.0,-87261000.0,14209000,2016-09-30,86.0199966430664,86.19999694824219,85.23999786376953,85.55000305175781,81.03758239746094,318500.0
2016-12-31,348553000.0,-198146000.0,150407000.0,-61801000.0,-40928000.0,-20873000.0,,88606000.0,-124000.0,-124000.0,88482000,,88482000,-29668000.0,58814000,,58814000,58814000,64188000.0,146256000.0,,323737000.0,289273000.0,,1105085000.0,1394358000.0,1718095000,83418000.0,0.0,328588000.0,50000000.0,418095000.0,746683000,442763000.0,-980019000.0,1508668000.0,971412000.0,1718095000,58814000.0,35324000.0,6644000.0,-70286000.0,,,,,30496000.0,53000.0,,0.0,-37802000.0,-21725000.0,50000000.0,-41243000.0,-13025000.0,-20331000,2016-12-30,89.63999938964844,89.63999938964844,88.30000305175781,88.77999877929688,84.3637924194336,235100.0
2017-03-31,353767000.0,-206727000.0,147040000.0,-58309000.0,-37508000.0,-20801000.0,,88731000.0,-236000.0,-236000.0,88495000,,88495000,-28451000.0,60044000,,60044000,60044000,42916000.0,139503000.0,,299154000.0,285018000.0,,1102811000.0,1387829000.0,1686983000,75062000.0,0.0,269876000.0,50000000.0,404995000.0,674871000,447478000.0,-980019000.0,1544653000.0,1012112000.0,1686983000,60044000.0,34976000.0,16741000.0,-76761000.0,,,,,35000000.0,119000.0,,2286000.0,-33796000.0,-24059000.0,0.0,1632000.0,-22476000.0,-21272000,2017-03-31,93.86000061035156,94.0199966430664,93.06999969482422,93.0999984741211,88.75928497314453,351600.0
2017-06-30,383769000.0,-219398000.0,164371000.0,-65423000.0,-45353000.0,-23340000.0,,98948000.0,-354000.0,-354000.0,98594000,,98594000,-33903000.0,64691000,,64691000,64691000,114765000.0,276923000.0,,520031000.0,282934000.0,,1105980000.0,1388914000.0,1908945000,88415000.0,,471192000.0,50000000.0,405702000.0,876894000,453047000.0,-1006274000.0,1585278000.0,1032051000.0,1908945000,64691000.0,35350000.0,-113713000.0,172127000.0,,,,,158455000.0,19000.0,,3346000.0,-38087000.0,-24066000.0,0.0,-24416000.0,-48519000.0,71849000,2017-06-30,104.13999938964844,104.48999786376952,103.5999984741211,103.87000274658205,99.33311462402344,391500.0
2017-09-30,359934000.0,-204715000.0,155219000.0,-62957000.0,-43733000.0,-20929000.0,,92262000.0,-42000.0,-42000.0,92220000,,92220000,-28809000.0,63411000,,63411000,63411000,104040000.0,172515000.0,,403871000.0,273834000.0,,1118640000.0,1392474000.0,1796345000,90224000.0,,414740000.0,0.0,343792000.0,758532000,449320000.0,-1036292000.0,1624785000.0,1037813000.0,1796345000,63411000.0,36275000.0,106495000.0,-67459000.0,,,,,138722000.0,106000.0,,-10255000.0,-40285000.0,-23904000.0,-50000000.0,-28225000.0,-109162000.0,-10725000,2017-09-29,102.37000274658205,103.04000091552734,102.2699966430664,102.79000091552734,98.60145568847656,329800.0
2017-12-31,374756000.0,-211653000.0,163103000.0,-67838000.0,-45613000.0,-22414000.0,,95265000.0,-104000.0,-104000.0,95161000,,95161000,60413000.0,155574000,,155574000,155574000,57719000.0,166827000.0,,369600000.0,272086000.0,,1275390000.0,1547476000.0,1917076000,88532000.0,,353754000.0,100000000.0,389322000.0,743076000,453873000.0,-1036292000.0,1756419000.0,1174000000.0,1917076000,155574000.0,37038000.0,-60876000.0,-93550000.0,,,,,38186000.0,99000.0,,-127049000.0,-162024000.0,-23940000.0,100000000.0,1568000.0,77517000.0,-46321000,2017-12-29,117.4499969482422,117.9499969482422,116.91000366210938,116.95999908447266,112.4964370727539,200000.0
2018-03-31,384684000.0,-221592000.0,163092000.0,-66776000.0,-44185000.0,-22591000.0,,96316000.0,-604000.0,-604000.0,95712000,,95712000,-23317000.0,72395000,,72395000,72395000,57402000.0,168934000.0,,362030000.0,261220000.0,,1282118000.0,1543338000.0,1905368000,90122000.0,,289238000.0,105000000.0,393045000.0,682283000,459148000.0,-1036292000.0,1800229000.0,1223085000.0,1905368000,72395000.0,38944000.0,3903000.0,-57278000.0,,,,,57964000.0,53000.0,-5000000.0,0.0,-36746000.0,-28585000.0,5000000.0,2185000.0,-21535000.0,-317000,2018-03-29,119.94000244140624,122.26000213623048,119.54000091552734,120.9499969482422,116.6953125,291100.0
2018-06-30,417229000.0,-235682000.0,181547000.0,-73021000.0,-48615000.0,-24406000.0,,108526000.0,-595000.0,-595000.0,107931000,,107931000,-22651000.0,85280000,,85280000,85280000,31440000.0,291630000.0,,468536000.0,286850000.0,,1294917000.0,1581767000.0,2050303000,132358000.0,,487896000.0,0.0,295579000.0,783475000,465171000.0,-1055260000.0,1856917000.0,1266828000.0,2050303000,85280000.0,39729000.0,-99581000.0,151842000.0,,,,,177270000.0,48000.0,5000000.0,92000.0,-52771000.0,-28592000.0,-105000000.0,-16815000.0,-150461000.0,-25962000,2018-06-29,129.85000610351562,131.00999450683594,129.58999633789062,130.36000061035156,126.1558074951172,549500.0
2018-09-30,392543000.0,-220112000.0,172431000.0,-69209000.0,-45183000.0,-24026000.0,,103222000.0,144000.0,144000.0,103366000,,103366000,-19815000.0,83551000,,83551000,83551000,114872000.0,198564000.0,,457839000.0,286497000.0,,1288766000.0,1575263000.0,2033102000,123551000.0,,420226000.0,,244312000.0,664538000,455903000.0,-1055260000.0,1967921000.0,1368564000.0,2033102000,83551000.0,38730000.0,101239000.0,-76786000.0,,,,,146734000.0,33000.0,,0.0,-52263000.0,0.0,0.0,2218000.0,-11039000.0,83432000,2018-09-28,158.9199981689453,161.11000061035156,158.9199981689453,160.0800018310547,155.2764129638672,418600.0
2018-12-31,386275000.0,-227284000.0,158991000.0,-70787000.0,-46797000.0,-23990000.0,,88204000.0,104000.0,104000.0,88308000,,88308000,-20219000.0,68089000,,68089000,68089000,26156000.0,184737000.0,,362639000.0,283454000.0,,1325684000.0,1609138000.0,1971777000,99211000.0,,340074000.0,,239748000.0,579822000,461022000.0,-1076536000.0,2007469000.0,1391955000.0,1971777000,68089000.0,39886000.0,18704000.0,-81369000.0,,,,,45310000.0,-32925000.0,,-19981000.0,-57390000.0,-57104000.0,0.0,-19304000.0,-76636000.0,-88716000,2018-12-31,126.44000244140624,126.68000030517578,124.88999938964844,126.5199966430664,123.05068969726562,396900.0
2019-03-31,380364000.0,-235594000.0,144770000.0,-68329000.0,-44887000.0,-23442000.0,,76441000.0,-69000.0,-69000.0,76372000,,76372000,-17120000.0,59252000,,59252000,59252000,35398000.0,190768000.0,,388556000.0,279948000.0,,1334375000.0,1614323000.0,2002879000,106866000.0,35000000.0,330865000.0,,246011000.0,576876000,466684000.0,-1076536000.0,2035855000.0,1426003000.0,2002879000,59252000.0,40711000.0,-287000.0,-58351000.0,,,,,41325000.0,-9450000.0,0.0,0.0,-38374000.0,-30866000.0,35000000.0,2470000.0,6291000.0,9242000,2019-03-29,139.19000244140622,139.24000549316406,138.08000183105472,138.74000549316406,135.34315490722656,367000.0
2019-06-30,393509000.0,-240040000.0,153469000.0,-74051000.0,-49131000.0,-24920000.0,,79418000.0,-229000.0,-229000.0,79189000,,79189000,-18196000.0,60993000,,60993000,60993000,93628000.0,310080000.0,,569448000.0,272474000.0,,1342907000.0,1615381000.0,2184829000,130210000.0,,469962000.0,,285854000.0,755816000,473064000.0,-1110124000.0,2066073000.0,1429013000.0,2184829000,60993000.0,41306000.0,-111079000.0,206539000.0,,,,,197759000.0,-11149000.0,0.0,0.0,-42608000.0,-30775000.0,-35000000.0,-30971000.0,-96921000.0,58230000,2019-06-28,135.0,135.91000366210938,133.57000732421878,133.91999816894528,131.02458190917972,887900.0
2019-09-30,438005000.0,-245791000.0,192214000.0,-74027000.0,-49436000.0,-24591000.0,,118187000.0,352000.0,352000.0,118539000,,118539000,-29169000.0,89370000,,89370000,89370000,96679000.0,234362000.0,,484123000.0,274531000.0,,1467324000.0,1741855000.0,2225978000,126247000.0,,393078000.0,,356240000.0,749318000,476257000.0,-1124269000.0,2124672000.0,1476660000.0,2225978000,89370000.0,42088000.0,82343000.0,-90749000.0,,,,,123052000.0,-13091000.0,-1150000.0,-30285000.0,-75425000.0,-30771000.0,,-11733000.0,-44576000.0,3051000,2019-09-30,144.1199951171875,146.2100067138672,143.47999572753906,145.97000122070312,143.1997528076172,667900.0
2019-12-31,419119000.0,-249267000.0,169852000.0,-76148000.0,-48961000.0,-27187000.0,,93704000.0,190000.0,190000.0,93894000,,93894000,-21796000.0,72098000,,72098000,72098000,72513000.0,204703000.0,,427731000.0,278695000.0,,1481013000.0,1759708000.0,2187439000,127729000.0,,343154000.0,,357539000.0,700693000,482041000.0,-1161334000.0,2166039000.0,1486746000.0,2187439000,72098000.0,42149000.0,-71314000.0,49028000.0,,,,,91961000.0,-22892000.0,0.0,-91000.0,-49970000.0,-30731000.0,,-34874000.0,-66157000.0,-24166000,2019-12-31,145.16000366210938,145.7899932861328,144.89999389648438,145.6699981689453,143.281005859375,275400.0
2020-03-31,429406000.0,-258571000.0,170835000.0,-78897000.0,-50589000.0,-28308000.0,,91938000.0,32000.0,32000.0,91970000,,91970000,-18115000.0,73855000,,73855000,73855000,109514000.0,212060000.0,,479650000.0,277091000.0,,1472678000.0,1749769000.0,2229419000,138010000.0,81000.0,298408000.0,55166000.0,417148000.0,715556000,488626000.0,-1181673000.0,2206910000.0,1513863000.0,2229419000,73855000.0,43735000.0,12836000.0,-68986000.0,,,,,61440000.0,7526000.0,0.0,0.0,-28005000.0,-32984000.0,54994000.0,-17741000.0,3566000.0,37001000,2020-03-31,154.50999450683594,158.05999755859375,152.7100067138672,155.24000549316406,153.12008666992188,781000.0
2020-06-30,410537000.0,-254835000.0,155702000.0,-78904000.0,-49002000.0,-29902000.0,,76798000.0,-125000.0,-125000.0,76673000,,76673000,-15328000.0,61345000,,61345000,61345000,213345000.0,300945000.0,,669101000.0,273432000.0,,1485941000.0,1759373000.0,2428474000,176569000.0,115000.0,494845000.0,208000.0,383941000.0,878786000,496041000.0,-1181673000.0,2235320000.0,1549688000.0,2428474000,61345000.0,43833000.0,32874000.0,96027000.0,,,,,234079000.0,-13951000.0,0.0,0.0,-44506000.0,-32935000.0,-55027000.0,2632000.0,-85742000.0,103831000,2020-06-30,180.8800048828125,184.83999633789062,180.8800048828125,184.02999877929688,181.94635009765625,712300.0
