Report Date,Revenue,Cost of Revenue,Gross Profit,Operating Expenses,"Selling, General & Administrative",Research & Development,Depreciation & Amortization,Operating Income (Loss),Non-Operating Income (Loss),"Interest Expense, Net","Pretax Income (Loss), Adj.",Abnormal Gains (Losses),Pretax Income (Loss),"Income Tax (Expense) Benefit, Net",Income (Loss) from Continuing Operations,Net Extraordinary Gains (Losses),Net Income,Net Income (Common),"Cash, Cash Equivalents & Short Term Investments",Accounts & Notes Receivable,Inventories,Total Current Assets,"Property, Plant & Equipment, Net",Long Term Investments & Receivables,Other Long Term Assets,Total Noncurrent Assets,Total Assets,Payables & Accruals,Short Term Debt,Total Current Liabilities,Long Term Debt,Total Noncurrent Liabilities,Total Liabilities,Share Capital & Additional Paid-In Capital,Treasury Stock,Retained Earnings,Total Equity,Total Liabilities & Equity,Net Income/Starting Line,Depreciation & Amortization,Non-Cash Items,Change in Working Capital,Change in Accounts Receivable,Change in Inventories,Change in Accounts Payable,Change in Other,Net Cash from Operating Activities,Change in Fixed Assets & Intangibles,Net Change in Long Term Investment,Net Cash from Acquisitions & Divestitures,Net Cash from Investing Activities,Dividends Paid,Cash from (Repayment of) Debt,Cash from (Repurchase of) Equity,Net Cash from Financing Activities,Net Change in Cash,Price Date,Open,High,Low,Close,Adj Close,Volume
2009-06-30,15239000000.0,-4450000000.0,10789000000.0,-6435000000.0,-4797000000.0,-1638000000.0,,4354000000.0,-91000000.0,-85000000.0,4263000000,,4263000000,-1055000000.0,3208000000,,3208000000,3208000000,14716000000.0,10133000000.0,5472000000.0,35494000000.0,14502000000.0,18000000.0,37424000000.0,51944000000.0,87438000000,14451000000.0,5435000000.0,19886000000.0,8179000000.0,21305000000.0,41191000000,3120000000.0,-19800000000.0,67408000000.0,46247000000.0,87438000000,3208000000.0,679000000.0,-355000000.0,-169000000.0,,,,,3363000000.0,-561000000.0,-1724000000.0,0.0,-2303000000.0,-1350000000.0,-468000000.0,-242000000.0,-2060000000.0,-903000000,2009-06-30,57.22999954223633,57.22999954223633,56.22999954223633,56.79999923706055,39.76631927490234,15974700.0
2009-09-30,15081000000.0,-4434000000.0,10647000000.0,-6384000000.0,-4767000000.0,-1617000000.0,,4263000000.0,-18000000.0,-114000000.0,4245000000,,4245000000,-900000000.0,3345000000,,3345000000,3345000000,14337000000.0,10279000000.0,5568000000.0,35602000000.0,14815000000.0,19000000.0,41122000000.0,55956000000.0,91558000000,15904000000.0,3341000000.0,19245000000.0,8259000000.0,21929000000.0,41174000000,3120000000.0,-19546000000.0,69471000000.0,50384000000.0,91558000000,3345000000.0,675000000.0,41000000.0,1033000000.0,,,,,5094000000.0,-519000000.0,-211000000.0,-1046000000.0,-1855000000.0,-1351000000.0,-2068000000.0,177000000.0,-3242000000.0,170000000,2009-09-30,61.02000045776367,61.09000015258789,60.33000183105469,60.88999938964844,42.97526550292969,11039300.0
2009-12-31,16551000000.0,-5312000000.0,11239000000.0,-7842000000.0,-5629000000.0,-2213000000.0,,3397000000.0,280000000.0,-81000000.0,3677000000,-1073000000.0,2604000000,-398000000.0,2206000000,,2206000000,2206000000,19425000000.0,9646000000.0,5180000000.0,39541000000.0,14759000000.0,,40382000000.0,55141000000.0,94682000000,15413000000.0,6318000000.0,21731000000.0,8223000000.0,22363000000.0,44094000000,3120000000.0,-19780000000.0,70306000000.0,50588000000.0,94682000000,2206000000.0,744000000.0,-829000000.0,3166000000.0,,,,,5287000000.0,-702000000.0,-1583000000.0,-133000000.0,-2364000000.0,-1353000000.0,2807000000.0,-376000000.0,1078000000.0,3954000000,2009-12-31,65.12000274658203,65.12000274658203,64.33000183105469,64.41000366210939,45.81925582885742,6962300.0
2010-03-31,15631000000.0,-4528000000.0,11103000000.0,-6336000000.0,-4779000000.0,-1557000000.0,,4767000000.0,1513000000.0,-81000000.0,6280000000,,6280000000,-1754000000.0,4526000000,,4526000000,4526000000,18010000000.0,10018000000.0,5308000000.0,38861000000.0,14277000000.0,,40303000000.0,54580000000.0,93441000000,14455000000.0,4044000000.0,18499000000.0,8059000000.0,22028000000.0,40527000000,3120000000.0,-19553000000.0,73184000000.0,52914000000.0,93441000000,4526000000.0,734000000.0,1195000000.0,-2765000000.0,,,,,3690000000.0,-295000000.0,-806000000.0,-772000000.0,-1882000000.0,-1350000000.0,-2336000000.0,-136000000.0,-3822000000.0,-2067000000,2010-03-31,64.83999633789061,65.30999755859375,64.69999694824219,65.19999694824219,46.73611450195313,11939100.0
2010-06-30,15330000000.0,-4630000000.0,10700000000.0,-6404000000.0,-4756000000.0,-1648000000.0,,4296000000.0,-76000000.0,-58000000.0,4220000000,,4220000000,-771000000.0,3449000000,,3449000000,3449000000,18901000000.0,9629000000.0,5071000000.0,39023000000.0,13881000000.0,,39396000000.0,53277000000.0,92300000000,13449000000.0,3715000000.0,17164000000.0,7937000000.0,22285000000.0,39449000000,3120000000.0,-19816000000.0,75252000000.0,52851000000.0,92300000000,3449000000.0,711000000.0,-240000000.0,-83000000.0,,,,,3837000000.0,-493000000.0,-2089000000.0,-99000000.0,-2693000000.0,-1489000000.0,-318000000.0,-258000000.0,-2065000000.0,-1030000000,2010-06-30,59.040000915527344,59.61000061035156,58.93999862670898,59.06000137329102,42.72158432006836,15802100.0
2010-09-30,14982000000.0,-4594000000.0,10388000000.0,-6366000000.0,-4709000000.0,-1657000000.0,,4022000000.0,197000000.0,-95000000.0,4219000000,,4219000000,-802000000.0,3417000000,,3417000000,3417000000,22126000000.0,10290000000.0,5409000000.0,42717000000.0,14360000000.0,,41170000000.0,55530000000.0,98247000000,14571000000.0,2843000000.0,17414000000.0,9182000000.0,23542000000.0,40956000000,3120000000.0,-20177000000.0,77272000000.0,57291000000.0,98247000000,3417000000.0,725000000.0,193000000.0,699000000.0,,,,,5034000000.0,-313000000.0,-1115000000.0,-398000000.0,-1875000000.0,-1484000000.0,218000000.0,-433000000.0,-1699000000.0,1625000000,2010-09-30,62.4900016784668,62.70000076293945,61.54999923706055,61.959999084472656,45.24200057983398,12845600.0
2010-12-31,15644000000.0,-5040000000.0,10604000000.0,-7162000000.0,-5180000000.0,-1982000000.0,,3442000000.0,-1214000000.0,-114000000.0,2228000000,0.0,2228000000,-286000000.0,1942000000,,1942000000,1942000000,27658000000.0,9774000000.0,5378000000.0,47307000000.0,14553000000.0,,41048000000.0,55601000000.0,102908000000,15455000000.0,7617000000.0,23072000000.0,9156000000.0,23257000000.0,46329000000,3120000000.0,-20783000000.0,77773000000.0,56579000000.0,102908000000,1942000000.0,769000000.0,-166000000.0,1279000000.0,,,,,3824000000.0,-759000000.0,-677000000.0,0.0,-1404000000.0,-1481000000.0,4831000000.0,-744000000.0,2606000000.0,5017000000,2010-12-31,61.9000015258789,62.09000015258789,61.75,61.849998474121094,45.55033874511719,4981400.0
2011-03-31,16173000000.0,-4778000000.0,11395000000.0,-6794000000.0,-5056000000.0,-1738000000.0,,4601000000.0,-91000000.0,-104000000.0,4510000000,,4510000000,-1034000000.0,3476000000,,3476000000,3476000000,26867000000.0,10861000000.0,6200000000.0,49221000000.0,15084000000.0,,43845000000.0,58929000000.0,108150000000,15436000000.0,8575000000.0,24011000000.0,9255000000.0,24276000000.0,48287000000,3120000000.0,-20752000000.0,79515000000.0,59863000000.0,108150000000,3476000000.0,755000000.0,132000000.0,-2047000000.0,,,,,2316000000.0,-315000000.0,3861000000.0,-2049000000.0,1440000000.0,-1480000000.0,905000000.0,-250000000.0,-825000000.0,3001000000,2011-03-31,59.209999084472656,59.70000076293945,59.209999084472656,59.25,44.03014373779297,9680200.0
2011-06-30,16597000000.0,-5172000000.0,11425000000.0,-7097000000.0,-5215000000.0,-1882000000.0,,4328000000.0,-317000000.0,-111000000.0,4011000000,-589000000.0,3422000000,-646000000.0,2776000000,,2776000000,2776000000,29682000000.0,10982000000.0,6413000000.0,52673000000.0,14974000000.0,,44467000000.0,59441000000.0,112114000000,15939000000.0,5046000000.0,20985000000.0,13680000000.0,28997000000.0,49982000000,3120000000.0,-20632000000.0,80836000000.0,62132000000.0,112114000000,2776000000.0,777000000.0,-170000000.0,526000000.0,,,,,3909000000.0,-596000000.0,-10099000000.0,0.0,-10700000000.0,-1563000000.0,886000000.0,38000000.0,-639000000.0,-7382000000,2011-06-30,66.41999816894531,66.91000366210939,66.25,66.51999664306639,49.86140060424805,9747200.0
2011-09-30,16005000000.0,-5072000000.0,10933000000.0,-7013000000.0,-5240000000.0,-1773000000.0,,3920000000.0,191000000.0,-117000000.0,4111000000,0.0,4111000000,-909000000.0,3202000000,,3202000000,3202000000,30927000000.0,10552000000.0,6428000000.0,53443000000.0,14635000000.0,,43743000000.0,58378000000.0,111821000000,16360000000.0,5326000000.0,21686000000.0,13031000000.0,28608000000.0,50294000000,3120000000.0,-21159000000.0,82634000000.0,61527000000.0,111821000000,3202000000.0,783000000.0,-188000000.0,825000000.0,,,,,4622000000.0,-133000000.0,-768000000.0,-420000000.0,-1590000000.0,-1558000000.0,-160000000.0,-514000000.0,-2232000000.0,643000000,2011-09-30,63.22000122070313,64.73999786376953,63.1500015258789,63.68999862670898,48.16543960571289,14556100.0
2011-12-31,16255000000.0,-5338000000.0,10917000000.0,-7613000000.0,-5458000000.0,-2155000000.0,,3304000000.0,-3006000000.0,-148000000.0,298000000,20000000.0,318000000,-100000000.0,218000000,,218000000,218000000,32261000000.0,10581000000.0,6285000000.0,54316000000.0,14739000000.0,,44589000000.0,59328000000.0,113644000000,16153000000.0,6658000000.0,22811000000.0,12969000000.0,33753000000.0,56564000000,3120000000.0,-21659000000.0,81251000000.0,57080000000.0,113644000000,218000000.0,843000000.0,203000000.0,2187000000.0,,,,,3451000000.0,-507000000.0,7520000000.0,-328000000.0,6238000000.0,-1555000000.0,1352000000.0,-553000000.0,-756000000.0,8925000000,2011-12-30,65.58999633789061,65.93000030517578,65.52999877929689,65.58000183105469,50.05500411987305,4959700.0
2012-03-31,16139000000.0,-4915000000.0,11224000000.0,-6660000000.0,-5015000000.0,-1645000000.0,,4564000000.0,481000000.0,-130000000.0,5045000000,0.0,5045000000,-1135000000.0,3910000000,,3910000000,3910000000,33847000000.0,10982000000.0,6800000000.0,57007000000.0,14824000000.0,,44363000000.0,59187000000.0,116194000000,14759000000.0,6439000000.0,21198000000.0,13010000000.0,33630000000.0,54828000000,3120000000.0,-20317000000.0,83103000000.0,61366000000.0,116194000000,3910000000.0,773000000.0,772000000.0,-2660000000.0,,,,,2795000000.0,-144000000.0,4202000000.0,0.0,4056000000.0,-1565000000.0,-271000000.0,813000000.0,-1183000000.0,5725000000,2012-03-30,65.62999725341797,66.18000030517578,65.58000183105469,65.95999908447266,50.789756774902344,11307700.0
2012-06-30,16475000000.0,-5143000000.0,11332000000.0,-6731000000.0,-4965000000.0,-1766000000.0,,4601000000.0,-2137000000.0,-129000000.0,2464000000,-429000000.0,2035000000,-627000000.0,1408000000,,1408000000,1408000000,16915000000.0,10992000000.0,7697000000.0,41615000000.0,15622000000.0,,58513000000.0,74135000000.0,115750000000,17808000000.0,6040000000.0,23848000000.0,11525000000.0,31468000000.0,55316000000,3120000000.0,-20012000000.0,83530000000.0,60434000000.0,115750000000,1408000000.0,852000000.0,537000000.0,1448000000.0,,,,,4245000000.0,-266000000.0,470000000.0,-4324000000.0,-4126000000.0,-1676000000.0,-1995000000.0,-12584000000.0,-16255000000.0,-16225000000,2012-06-29,67.30000305175781,67.69999694824219,67.20999908447266,67.55999755859375,52.5281867980957,18286000.0
2012-09-30,17052000000.0,-5597000000.0,11455000000.0,-7151000000.0,-5228000000.0,-1923000000.0,,4304000000.0,-30000000.0,-120000000.0,4274000000,-679000000.0,3595000000,-966000000.0,2629000000,,2968000000,2968000000,19771000000.0,11175000000.0,7809000000.0,44791000000.0,15845000000.0,,58315000000.0,74160000000.0,118951000000,18512000000.0,5423000000.0,23935000000.0,11428000000.0,31255000000.0,55190000000,3120000000.0,-19314000000.0,84880000000.0,63761000000.0,118951000000,2968000000.0,1005000000.0,1015000000.0,-8000000.0,,,,,4980000000.0,-467000000.0,-1375000000.0,-99000000.0,-1937000000.0,-1683000000.0,-688000000.0,669000000.0,-1653000000.0,1444000000,2012-09-28,68.76999664306639,69.04000091552734,68.5,68.91000366210939,54.0646858215332,10293200.0
2012-12-31,17558000000.0,-6003000000.0,11555000000.0,-7992000000.0,-5661000000.0,-2331000000.0,,3563000000.0,-408000000.0,-89000000.0,3155000000,-55000000.0,3100000000,-533000000.0,2567000000,,2567000000,2567000000,21089000000.0,11309000000.0,7495000000.0,46116000000.0,16097000000.0,,59134000000.0,75231000000.0,121347000000,19586000000.0,4676000000.0,24262000000.0,11489000000.0,32259000000.0,56521000000,3120000000.0,-18476000000.0,85992000000.0,64826000000.0,121347000000,2567000000.0,1036000000.0,-386000000.0,159000000.0,,,,,3376000000.0,-548000000.0,-1934000000.0,-63000000.0,-2503000000.0,-1690000000.0,-712000000.0,903000000.0,-1471000000.0,-575000000,2012-12-31,69.23999786376953,70.11000061035156,69.18000030517578,70.09999847412111,55.48465347290039,12770000.0
2013-03-31,17505000000.0,-5554000000.0,11951000000.0,-7007000000.0,-5223000000.0,-1784000000.0,,4944000000.0,-619000000.0,-104000000.0,4325000000,-64000000.0,4261000000,-764000000.0,3497000000,,3497000000,3497000000,21668000000.0,11515000000.0,7691000000.0,47228000000.0,15721000000.0,,58587000000.0,74308000000.0,121536000000,17995000000.0,4529000000.0,22524000000.0,11363000000.0,32157000000.0,54681000000,3120000000.0,-16818000000.0,87242000000.0,66855000000.0,121536000000,3497000000.0,1036000000.0,725000000.0,-2981000000.0,,,,,2277000000.0,-480000000.0,-751000000.0,-168000000.0,-1403000000.0,-1706000000.0,-224000000.0,1123000000.0,-777000000.0,-56000000,2013-03-28,81.37000274658203,81.58999633789062,80.94999694824219,81.52999877929688,65.04777526855469,11332100.0
2013-06-30,17877000000.0,-5489000000.0,12388000000.0,-7322000000.0,-5376000000.0,-1946000000.0,,5066000000.0,-273000000.0,-101000000.0,4793000000,0.0,4793000000,-960000000.0,3833000000,,3833000000,3833000000,25129000000.0,11614000000.0,7822000000.0,51273000000.0,15794000000.0,,57258000000.0,73052000000.0,124325000000,18428000000.0,5339000000.0,23767000000.0,9643000000.0,30893000000.0,54660000000,3120000000.0,-16094000000.0,89449000000.0,69665000000.0,124325000000,3833000000.0,990000000.0,-518000000.0,746000000.0,,,,,5051000000.0,-730000000.0,179000000.0,-6000000.0,-569000000.0,-1856000000.0,-866000000.0,719000000.0,-1977000000.0,2452000000,2013-06-28,86.72000122070312,87.37999725341797,85.8499984741211,85.86000061035156,69.01737976074219,11896300.0
2013-09-30,17575000000.0,-5344000000.0,12231000000.0,-7356000000.0,-5314000000.0,-2042000000.0,,4875000000.0,-1030000000.0,-87000000.0,3845000000,-178000000.0,3667000000,-685000000.0,2982000000,,2982000000,2982000000,25228000000.0,12027000000.0,8124000000.0,52176000000.0,16127000000.0,,58630000000.0,74757000000.0,126933000000,20476000000.0,5359000000.0,25835000000.0,9748000000.0,31294000000.0,57129000000,3120000000.0,-15673000000.0,87703000000.0,69804000000.0,126933000000,2982000000.0,976000000.0,41000000.0,1948000000.0,,,,,5947000000.0,-764000000.0,-120000000.0,-645000000.0,-1553000000.0,-1862000000.0,-36000000.0,-2621000000.0,-4519000000.0,-103000000,2013-09-30,86.33000183105469,86.94999694824219,86.1500015258789,86.69000244140625,70.20954895019531,7962300.0
2013-12-31,18355000000.0,-5955000000.0,12400000000.0,-8328000000.0,-5917000000.0,-2411000000.0,,4072000000.0,-984000000.0,-116000000.0,3088000000,-338000000.0,2750000000,769000000.0,3519000000,,3519000000,3519000000,29206000000.0,11713000000.0,7878000000.0,56407000000.0,16710000000.0,,59566000000.0,76276000000.0,132683000000,20823000000.0,4852000000.0,25675000000.0,13328000000.0,32955000000.0,58630000000,3120000000.0,-15700000000.0,89493000000.0,74053000000.0,132683000000,3519000000.0,1102000000.0,59000000.0,-541000000.0,,,,,4139000000.0,-1163000000.0,-173000000.0,-16000000.0,-1578000000.0,-1862000000.0,3154000000.0,-110000000.0,1182000000.0,3723000000,2013-12-31,92.16999816894531,92.22000122070312,91.1500015258789,91.58999633789062,74.69591522216797,6348200.0
2014-03-31,18115000000.0,-5455000000.0,12660000000.0,-7014000000.0,-5183000000.0,-1831000000.0,,5646000000.0,-204000000.0,-118000000.0,5442000000,-18000000.0,5424000000,-697000000.0,4727000000,,4727000000,4727000000,29392000000.0,12116000000.0,8009000000.0,57369000000.0,15996000000.0,,59965000000.0,75961000000.0,133330000000,19891000000.0,3949000000.0,23840000000.0,13343000000.0,32908000000.0,56748000000,3120000000.0,-15280000000.0,91387000000.0,76582000000.0,133330000000,4727000000.0,1013000000.0,705000000.0,-2522000000.0,,,,,3923000000.0,-595000000.0,-1350000000.0,0.0,-2026000000.0,-1867000000.0,-1002000000.0,-188000000.0,-3057000000.0,-1205000000,2014-03-31,98.0,98.5999984741211,97.61000061035156,98.2300033569336,80.68758392333984,7545700.0
2014-06-30,19495000000.0,-6039000000.0,13456000000.0,-7486000000.0,-5481000000.0,-2005000000.0,,5970000000.0,-340000000.0,-114000000.0,5630000000,-4000000.0,5626000000,-1300000000.0,4326000000,,4326000000,4326000000,31624000000.0,12257000000.0,8155000000.0,60119000000.0,16155000000.0,,58926000000.0,75081000000.0,135200000000,20540000000.0,3819000000.0,24359000000.0,13303000000.0,32793000000.0,57152000000,3120000000.0,-15810000000.0,93745000000.0,78048000000.0,135200000000,4326000000.0,952000000.0,194000000.0,57000000.0,,,,,5529000000.0,-299000000.0,-7780000000.0,0.0,-8092000000.0,-1978000000.0,-160000000.0,-730000000.0,-2868000000.0,-5486000000,2014-06-30,105.62000274658205,106.0,104.5199966430664,104.62000274658205,86.53535461425781,6877800.0
2014-09-30,18467000000.0,-5399000000.0,13068000000.0,-7491000000.0,-5468000000.0,-2023000000.0,,5577000000.0,1233000000.0,-112000000.0,6810000000,0.0,6810000000,-2061000000.0,4749000000,,4749000000,4749000000,33005000000.0,11615000000.0,8419000000.0,59973000000.0,15804000000.0,,56320000000.0,72124000000.0,132097000000,20867000000.0,2115000000.0,22982000000.0,13152000000.0,32524000000.0,55506000000,3120000000.0,-17707000000.0,96560000000.0,76591000000.0,132097000000,4749000000.0,939000000.0,-1998000000.0,964000000.0,,,,,4654000000.0,3157000000.0,-2078000000.0,-291000000.0,735000000.0,-1967000000.0,-1692000000.0,-2057000000.0,-5716000000.0,-418000000,2014-09-30,106.5,107.20999908447266,106.4499969482422,106.58999633789062,88.76114654541016,6822500.0
2014-12-31,18254000000.0,-5853000000.0,12401000000.0,-8457000000.0,-5822000000.0,-2635000000.0,,3944000000.0,-1085000000.0,-122000000.0,2859000000,-156000000.0,2703000000,-182000000.0,2521000000,,2521000000,2521000000,33089000000.0,10985000000.0,8184000000.0,55744000000.0,16126000000.0,,58488000000.0,74614000000.0,130358000000,21393000000.0,3638000000.0,25031000000.0,15122000000.0,35575000000.0,60606000000,3120000000.0,-19891000000.0,97245000000.0,69752000000.0,130358000000,2521000000.0,991000000.0,418000000.0,674000000.0,,,,,4604000000.0,-1346000000.0,414000000.0,-1838000000.0,-2922000000.0,-1956000000.0,3704000000.0,-2606000000.0,-858000000.0,705000000,2014-12-31,105.61000061035156,106.11000061035156,104.54000091552734,104.56999969482422,87.64617156982422,6202100.0
2015-03-31,17374000000.0,-5282000000.0,12092000000.0,-6746000000.0,-4847000000.0,-1899000000.0,,5346000000.0,229000000.0,-119000000.0,5575000000,0.0,5575000000,-1255000000.0,4320000000,,4320000000,4320000000,31319000000.0,11533000000.0,8085000000.0,58192000000.0,15364000000.0,,55034000000.0,70398000000.0,128590000000,19791000000.0,4045000000.0,23836000000.0,14938000000.0,36876000000.0,60712000000,3120000000.0,-20598000000.0,98656000000.0,67878000000.0,128590000000,4320000000.0,895000000.0,690000000.0,-3033000000.0,,,,,2872000000.0,-433000000.0,-1112000000.0,-233000000.0,-1789000000.0,-1946000000.0,383000000.0,-1614000000.0,-3227000000.0,-2535000000,2015-03-31,100.97000122070312,101.48999786376952,100.58999633789062,100.5999984741211,84.90888977050781,8028000.0
2015-06-30,17787000000.0,-5357000000.0,12430000000.0,-7513000000.0,-5384000000.0,-2129000000.0,,4917000000.0,824000000.0,-107000000.0,5741000000,0.0,5741000000,-1225000000.0,4516000000,,4516000000,4516000000,33954000000.0,11968000000.0,8298000000.0,61001000000.0,15583000000.0,,55452000000.0,71035000000.0,132036000000,19290000000.0,5222000000.0,24512000000.0,14085000000.0,36393000000.0,60905000000,3120000000.0,-21287000000.0,101352000000.0,71131000000.0,132036000000,4516000000.0,889000000.0,-950000000.0,1017000000.0,,,,,5472000000.0,318000000.0,-3872000000.0,0.0,-3554000000.0,-2079000000.0,278000000.0,-974000000.0,-2775000000.0,-1349000000,2015-06-30,98.43000030517578,98.4499969482422,97.3000030517578,97.45999908447266,82.85852813720703,8967900.0
2015-09-30,17102000000.0,-5224000000.0,11878000000.0,-7235000000.0,-5081000000.0,-2154000000.0,,4643000000.0,-511000000.0,-91000000.0,4132000000,-10000000.0,4122000000,-764000000.0,3358000000,,3358000000,3358000000,37306000000.0,11366000000.0,8206000000.0,63494000000.0,15551000000.0,,54221000000.0,69772000000.0,133266000000,19583000000.0,5677000000.0,25260000000.0,14073000000.0,36452000000.0,61712000000,3120000000.0,-21453000000.0,102748000000.0,71554000000.0,133266000000,3358000000.0,929000000.0,265000000.0,1588000000.0,,,,,6140000000.0,-362000000.0,-615000000.0,0.0,-1001000000.0,-2076000000.0,492000000.0,-256000000.0,-1840000000.0,3000000000,2015-09-30,94.12999725341795,94.47000122070312,92.58999633789062,93.3499984741211,79.9714126586914,10970100.0
2015-12-31,17811000000.0,-5673000000.0,12138000000.0,-8755000000.0,-5891000000.0,-2864000000.0,,3383000000.0,1098000000.0,-107000000.0,4481000000,-723000000.0,3758000000,-543000000.0,3215000000,,3215000000,3215000000,38376000000.0,10734000000.0,8053000000.0,60210000000.0,15905000000.0,,57296000000.0,73201000000.0,133411000000,20743000000.0,7004000000.0,27747000000.0,12857000000.0,34514000000.0,62261000000,3120000000.0,-22684000000.0,103879000000.0,71150000000.0,133411000000,3215000000.0,1033000000.0,-1220000000.0,2057000000.0,,,,,5085000000.0,478000000.0,-1080000000.0,-721000000.0,-1391000000.0,-2072000000.0,226000000.0,-1441000000.0,-3294000000.0,93000000,2015-12-31,103.37000274658205,103.62000274658205,102.69000244140624,102.72000122070312,88.64722442626953,4592600.0
2016-03-31,17482000000.0,-5329000000.0,12153000000.0,-6701000000.0,-4688000000.0,-2013000000.0,,5452000000.0,-38000000.0,-77000000.0,5414000000,-120000000.0,5294000000,-837000000.0,4457000000,,4457000000,4457000000,39855000000.0,11406000000.0,8170000000.0,62738000000.0,15964000000.0,,57529000000.0,73493000000.0,136231000000,19018000000.0,3116000000.0,22134000000.0,20233000000.0,41450000000.0,63584000000,3120000000.0,-23072000000.0,104990000000.0,72647000000.0,136231000000,4457000000.0,891000000.0,679000000.0,-3838000000.0,,,,,2189000000.0,-614000000.0,-917000000.0,-5000000.0,-1537000000.0,-2069000000.0,3344000000.0,-1879000000.0,-604000000.0,129000000,2016-03-31,108.86000061035156,108.9800033569336,108.04000091552734,108.1999969482422,94.05316925048828,8167700.0
2016-06-30,18482000000.0,-5336000000.0,13146000000.0,-7440000000.0,-5176000000.0,-2264000000.0,,5706000000.0,-659000000.0,-102000000.0,5047000000,-143000000.0,4904000000,-907000000.0,3997000000,,3997000000,3997000000,42584000000.0,12062000000.0,8523000000.0,66291000000.0,15972000000.0,,57551000000.0,73523000000.0,139814000000,19828000000.0,1708000000.0,21536000000.0,24535000000.0,45805000000.0,67341000000,3120000000.0,-24678000000.0,106738000000.0,72473000000.0,139814000000,3997000000.0,900000000.0,-87000000.0,-246000000.0,,,,,4564000000.0,-97000000.0,2181000000.0,-725000000.0,1322000000.0,-2197000000.0,3102000000.0,-1943000000.0,-1038000000.0,4779000000,2016-06-30,119.18000030517578,121.41000366210938,119.16000366210938,121.3000030517578,106.1932144165039,11559900.0
2016-09-30,17820000000.0,-5486000000.0,12334000000.0,-6950000000.0,-4772000000.0,-2178000000.0,,5384000000.0,-41000000.0,-95000000.0,5343000000,-62000000.0,5281000000,-1009000000.0,4272000000,,4272000000,4272000000,40433000000.0,11798000000.0,8488000000.0,63319000000.0,16095000000.0,,60955000000.0,77050000000.0,140369000000,19787000000.0,3443000000.0,23230000000.0,23546000000.0,44370000000.0,67600000000,3120000000.0,-26496000000.0,108860000000.0,72769000000.0,140369000000,4272000000.0,908000000.0,228000000.0,-47000000.0,,,,,5361000000.0,-549000000.0,1496000000.0,-3320000000.0,-2372000000.0,-2185000000.0,775000000.0,-2020000000.0,-3445000000.0,-435000000,2016-09-30,117.77999877929688,118.62000274658205,117.38999938964844,118.12999725341795,104.10789489746094,7941100.0
2016-12-31,18106000000.0,-5534000000.0,12572000000.0,-7949000000.0,-5309000000.0,-2640000000.0,,4623000000.0,-104000000.0,-84000000.0,4519000000,-195000000.0,4324000000,-510000000.0,3814000000,,3814000000,3814000000,41907000000.0,11699000000.0,8144000000.0,65032000000.0,15912000000.0,,60264000000.0,76176000000.0,141208000000,21603000000.0,4684000000.0,26287000000.0,22442000000.0,44503000000.0,70790000000,3120000000.0,-28352000000.0,110551000000.0,70418000000.0,141208000000,3814000000.0,1055000000.0,-574000000.0,2358000000.0,,,,,6653000000.0,-699000000.0,-930000000.0,-459000000.0,-2174000000.0,-2170000000.0,654000000.0,-1948000000.0,-3464000000.0,767000000,2016-12-30,115.8000030517578,115.98999786376952,114.9800033569336,115.20999908447266,102.23613739013672,5506700.0
2017-03-31,17766000000.0,-5386000000.0,12380000000.0,-6797000000.0,-4737000000.0,-2060000000.0,,5583000000.0,77000000.0,-83000000.0,5660000000,-85000000.0,5575000000,-1153000000.0,4422000000,,4422000000,4422000000,39343000000.0,12300000000.0,8878000000.0,63347000000.0,16191000000.0,,65380000000.0,81571000000.0,144918000000,19764000000.0,5355000000.0,25119000000.0,27015000000.0,49458000000.0,74577000000,3120000000.0,-29900000000.0,111643000000.0,70341000000.0,144918000000,4422000000.0,912000000.0,226000000.0,-2647000000.0,,,,,2913000000.0,-529000000.0,4444000000.0,-4852000000.0,-936000000.0,-2171000000.0,4986000000.0,-2940000000.0,-150000000.0,1937000000,2017-03-31,124.11000061035156,124.83000183105469,124.02999877929688,124.5500030517578,111.25569915771484,5657600.0
2017-06-30,18839000000.0,-5823000000.0,13016000000.0,-7547000000.0,-5262000000.0,-2285000000.0,,5469000000.0,-710000000.0,-122000000.0,4759000000,-11000000.0,4748000000,-921000000.0,3827000000,,3827000000,3827000000,12853000000.0,13283000000.0,9699000000.0,38789000000.0,16458000000.0,,97560000000.0,114018000000.0,152807000000,21663000000.0,7209000000.0,28872000000.0,27363000000.0,52013000000.0,80885000000,3120000000.0,-31172000000.0,113208000000.0,71922000000.0,152807000000,3827000000.0,1150000000.0,465000000.0,330000000.0,,,,,5772000000.0,-595000000.0,17649000000.0,-29220000000.0,-12247000000.0,-2262000000.0,1918000000.0,-1573000000.0,-1917000000.0,-8311000000,2017-06-30,132.69999694824222,133.19999694824222,132.27999877929688,132.28999328613278,118.95318603515624,5264400.0
2017-09-30,19650000000.0,-6925000000.0,12725000000.0,-8008000000.0,-5423000000.0,-2585000000.0,,4717000000.0,142000000.0,-155000000.0,4859000000,-69000000.0,4790000000,-1026000000.0,3764000000,,3764000000,3764000000,16231000000.0,13155000000.0,9521000000.0,41829000000.0,16628000000.0,,97201000000.0,113829000000.0,155658000000,23315000000.0,8491000000.0,31806000000.0,26675000000.0,49873000000.0,81679000000,3120000000.0,-31199000000.0,114805000000.0,73979000000.0,155658000000,3764000000.0,1711000000.0,-499000000.0,1290000000.0,,,,,6266000000.0,-189000000.0,-380000000.0,-574000000.0,-1180000000.0,-2254000000.0,361000000.0,-176000000.0,-2069000000.0,3123000000,2017-09-29,129.58000183105472,130.47000122070312,129.05000305175778,130.00999450683594,117.6466827392578,5736900.0
2017-12-31,20195000000.0,-7305000000.0,12890000000.0,-9762000000.0,-6098000000.0,-3664000000.0,,3128000000.0,-16000000.0,-189000000.0,3112000000,-552000000.0,2560000000,-13273000000.0,-10713000000,,-10713000000,-10713000000,18296000000.0,13490000000.0,8765000000.0,43088000000.0,17005000000.0,,97210000000.0,114215000000.0,157303000000,26631000000.0,3906000000.0,30537000000.0,30675000000.0,66606000000.0,97143000000,3120000000.0,-31554000000.0,101793000000.0,60160000000.0,157303000000,-10713000000.0,1869000000.0,2681000000.0,12268000000.0,,,,,6105000000.0,-134000000.0,251000000.0,-505000000.0,-505000000.0,-2256000000.0,-511000000.0,-607000000.0,-3537000000.0,2103000000,2017-12-29,140.97999572753906,141.2100067138672,139.58000183105472,139.72000122070312,127.20755767822266,4452900.0
2018-03-31,20009000000.0,-6614000000.0,13395000000.0,-7667000000.0,-5263000000.0,-2404000000.0,,5728000000.0,-205000000.0,-145000000.0,5523000000,-42000000.0,5481000000,-1114000000.0,4367000000,,4367000000,4367000000,15204000000.0,14166000000.0,9014000000.0,42768000000.0,17040000000.0,,96817000000.0,113857000000.0,156625000000,24385000000.0,2696000000.0,27081000000.0,29837000000.0,66289000000.0,93370000000,3120000000.0,-31596000000.0,104339000000.0,63255000000.0,156625000000,4367000000.0,1746000000.0,292000000.0,-2799000000.0,,,,,3606000000.0,-638000000.0,-207000000.0,-82000000.0,-925000000.0,-2253000000.0,-2464000000.0,-1378000000.0,-5970000000.0,-3185000000,2018-03-29,127.97000122070312,128.75999450683594,126.81999969482422,128.14999389648438,117.42081451416016,6119400.0
2018-06-30,20830000000.0,-6927000000.0,13903000000.0,-8382000000.0,-5743000000.0,-2639000000.0,,5521000000.0,-491000000.0,-127000000.0,5030000000,-57000000.0,4973000000,-1019000000.0,3954000000,,3954000000,3954000000,18139000000.0,14111000000.0,8810000000.0,45438000000.0,16632000000.0,,93295000000.0,109927000000.0,155365000000,24810000000.0,2678000000.0,27488000000.0,29405000000.0,64988000000.0,92476000000,3120000000.0,-31577000000.0,106123000000.0,62889000000.0,155365000000,3954000000.0,1717000000.0,-429000000.0,837000000.0,,,,,6079000000.0,-25000000.0,-1000000.0,-140000000.0,-201000000.0,-2415000000.0,52000000.0,-49000000.0,-2674000000.0,2930000000,2018-06-29,122.23999786376952,123.18000030517578,121.19000244140624,121.33999633789062,112.00554656982422,7308700.0
2018-09-30,20348000000.0,-6589000000.0,13759000000.0,-8051000000.0,-5543000000.0,-2508000000.0,,5708000000.0,-71000000.0,-68000000.0,5637000000,-1214000000.0,4423000000,-489000000.0,3934000000,,3934000000,3934000000,19364000000.0,14048000000.0,8678000000.0,47194000000.0,16629000000.0,,91880000000.0,108509000000.0,155703000000,25664000000.0,1773000000.0,27437000000.0,29480000000.0,63640000000.0,91077000000,3120000000.0,-31464000000.0,107617000000.0,64626000000.0,155703000000,3934000000.0,1731000000.0,1792000000.0,-1185000000.0,,,,,6272000000.0,-794000000.0,-2785000000.0,-675000000.0,-4269000000.0,-2415000000.0,-817000000.0,-153000000.0,-3477000000.0,-1513000000,2018-09-28,138.10000610351562,138.55999755859378,137.41000366210938,138.16999816894528,128.39080810546878,6638500.0
2018-12-31,20394000000.0,-6961000000.0,13433000000.0,-9215000000.0,-5991000000.0,-3224000000.0,,4218000000.0,-1032000000.0,-54000000.0,3186000000,-64000000.0,3122000000,-80000000.0,3042000000,,3042000000,3042000000,19687000000.0,14098000000.0,8599000000.0,46033000000.0,17035000000.0,,89886000000.0,106921000000.0,152954000000,28434000000.0,2796000000.0,31230000000.0,27684000000.0,61972000000.0,93202000000,3120000000.0,-34362000000.0,106216000000.0,59752000000.0,152954000000,3042000000.0,1735000000.0,-1652000000.0,3119000000.0,,,,,6244000000.0,990000000.0,1656000000.0,-2000000.0,2228000000.0,-2411000000.0,-720000000.0,-3339000000.0,-6389000000.0,2051000000,2018-12-31,128.17999267578122,129.55000305175778,127.41999816894531,129.05000305175778,120.67992401123048,7409900.0
2019-03-31,20021000000.0,-6615000000.0,13406000000.0,-8077000000.0,-5219000000.0,-2858000000.0,,5329000000.0,19000000.0,-3000000.0,5348000000,-926000000.0,4422000000,-673000000.0,3749000000,,3749000000,3749000000,15336000000.0,14115000000.0,9086000000.0,41987000000.0,17000000000.0,,91040000000.0,108040000000.0,150027000000,27403000000.0,1708000000.0,29111000000.0,27660000000.0,61961000000.0,91072000000,3120000000.0,-35298000000.0,106650000000.0,58955000000.0,150027000000,3749000000.0,1761000000.0,734000000.0,-2701000000.0,,,,,3543000000.0,-403000000.0,765000000.0,-1683000000.0,-1417000000.0,-2396000000.0,-1005000000.0,-2112000000.0,-5516000000.0,-3373000000,2019-03-29,139.27999877929688,139.8800048828125,138.8800048828125,139.78999328613278,131.59031677246094,7168400.0
2019-06-30,20562000000.0,-6940000000.0,13622000000.0,-8212000000.0,-5546000000.0,-2666000000.0,,5410000000.0,1688000000.0,5000000.0,7098000000,-57000000.0,7041000000,-1434000000.0,5607000000,,5607000000,5607000000,15278000000.0,14653000000.0,9263000000.0,41799000000.0,17248000000.0,,96070000000.0,113318000000.0,155117000000,29634000000.0,1719000000.0,31353000000.0,27699000000.0,62979000000.0,94332000000,3120000000.0,-37175000000.0,109809000000.0,60785000000.0,155117000000,5607000000.0,1705000000.0,-1945000000.0,581000000.0,,,,,5948000000.0,1928000000.0,-150000000.0,-3663000000.0,-1788000000.0,-2522000000.0,4000000.0,-2117000000.0,-4534000000.0,-358000000,2019-06-28,140.74000549316406,141.10000610351562,138.50999450683594,139.27999877929688,132.00736999511722,12792400.0
2019-09-30,20729000000.0,-6867000000.0,13862000000.0,-7973000000.0,-5374000000.0,-2599000000.0,,5889000000.0,-4173000000.0,41000000.0,1716000000,-69000000.0,1647000000,106000000.0,1753000000,,1753000000,1753000000,17945000000.0,14801000000.0,9173000000.0,44333000000.0,17048000000.0,,94140000000.0,111188000000.0,155521000000,32863000000.0,2299000000.0,35162000000.0,26919000000.0,62149000000.0,97311000000,3120000000.0,-38619000000.0,109242000000.0,58210000000.0,155521000000,1753000000.0,1727000000.0,-1219000000.0,5266000000.0,,,,,7527000000.0,-660000000.0,-840000000.0,-216000000.0,-1645000000.0,-2499000000.0,55000000.0,-1511000000.0,-3893000000.0,1873000000,2019-09-30,129.07000732421878,130.27999877929688,129.0,129.3800048828125,123.54315948486328,6552100.0
2019-12-31,20747000000.0,-7134000000.0,13613000000.0,-9271000000.0,-6039000000.0,-3232000000.0,,4342000000.0,-20000000.0,-4000000.0,4322000000,-104000000.0,4218000000,-208000000.0,4010000000,,4010000000,4010000000,19287000000.0,14481000000.0,9020000000.0,45274000000.0,17658000000.0,,94796000000.0,112454000000.0,157728000000,34762000000.0,1202000000.0,35964000000.0,26494000000.0,62293000000.0,98257000000,3120000000.0,-38417000000.0,110659000000.0,59471000000.0,157728000000,4010000000.0,1816000000.0,-127000000.0,699000000.0,,,,,6398000000.0,-1098000000.0,-308000000.0,-248000000.0,-1344000000.0,-2500000000.0,-1935000000.0,-52000000.0,-4072000000.0,1056000000,2019-12-31,145.10000610351562,146.00999450683594,144.77999877929688,145.8699951171875,140.25425720214844,4435000.0
2020-03-31,20691000000.0,-7062000000.0,13629000000.0,-7783000000.0,-5203000000.0,-2580000000.0,,5846000000.0,721000000.0,42000000.0,6567000000,-58000000.0,6509000000,-713000000.0,5796000000,,5796000000,5796000000,18024000000.0,14874000000.0,8868000000.0,44226000000.0,17401000000.0,,93390000000.0,110791000000.0,155017000000,31499000000.0,2190000000.0,33689000000.0,25393000000.0,60034000000.0,93723000000,3120000000.0,-38484000000.0,112901000000.0,61294000000.0,155017000000,5796000000.0,1747000000.0,-655000000.0,-3530000000.0,,,,,3358000000.0,-608000000.0,-520000000.0,-939000000.0,-581000000.0,-2505000000.0,-19000000.0,-1379000000.0,-4315000000.0,-1775000000,2020-03-31,134.99000549316406,135.71000671386722,130.05000305175778,131.1300048828125,126.88571166992188,15746100.0
2020-06-30,18336000000.0,-6579000000.0,11757000000.0,-7700000000.0,-4993000000.0,-2707000000.0,,4057000000.0,-50000000.0,-26000000.0,4007000000,-67000000.0,3940000000,-314000000.0,3626000000,,3626000000,3626000000,19135000000.0,14645000000.0,9424000000.0,45892000000.0,17598000000.0,,94890000000.0,112488000000.0,158380000000,31440000000.0,5332000000.0,36772000000.0,25062000000.0,58630000000.0,95402000000,3120000000.0,-38507000000.0,113898000000.0,62978000000.0,158380000000,3626000000.0,1726000000.0,-194000000.0,-1706000000.0,,,,,3452000000.0,-592000000.0,-5614000000.0,-10000000.0,-7522000000.0,-2659000000.0,2709000000.0,-330000000.0,-357000000.0,-4356000000,2020-06-30,139.39999389648438,141.02000427246094,137.83999633789062,140.6300048828125,137.02151489257812,7738300.0
