Report Date,Revenue,Cost of Revenue,Gross Profit,Operating Expenses,"Selling, General & Administrative",Research & Development,Depreciation & Amortization,Operating Income (Loss),Non-Operating Income (Loss),"Interest Expense, Net","Pretax Income (Loss), Adj.",Abnormal Gains (Losses),Pretax Income (Loss),"Income Tax (Expense) Benefit, Net",Income (Loss) from Continuing Operations,Net Extraordinary Gains (Losses),Net Income,Net Income (Common),"Cash, Cash Equivalents & Short Term Investments",Accounts & Notes Receivable,Inventories,Total Current Assets,"Property, Plant & Equipment, Net",Long Term Investments & Receivables,Other Long Term Assets,Total Noncurrent Assets,Total Assets,Payables & Accruals,Short Term Debt,Total Current Liabilities,Long Term Debt,Total Noncurrent Liabilities,Total Liabilities,Share Capital & Additional Paid-In Capital,Treasury Stock,Retained Earnings,Total Equity,Total Liabilities & Equity,Net Income/Starting Line,Depreciation & Amortization,Non-Cash Items,Change in Working Capital,Change in Accounts Receivable,Change in Inventories,Change in Accounts Payable,Change in Other,Net Cash from Operating Activities,Change in Fixed Assets & Intangibles,Net Change in Long Term Investment,Net Cash from Acquisitions & Divestitures,Net Cash from Investing Activities,Dividends Paid,Cash from (Repayment of) Debt,Cash from (Repurchase of) Equity,Net Cash from Financing Activities,Net Change in Cash,Price Date,Open,High,Low,Close,Adj Close,Volume
2014-12-31,264512000.0,-34079000.0,230433000.0,-138246000.0,-27675000.0,,-72767000.0,92187000.0,-22613000.0,-49499000.0,69574000,-108620000.0,-39046000,-7731000.0,-46777000,97538000.0,52781000,38206000,187322000.0,172386000.0,,359708000.0,7930489000.0,90235000.0,1880968000.0,9901692000.0,10261400000,4836622000.0,,4836622000.0,,431533000.0,5268155000,5736139000.0,,,4993245000.0,10261400000,50761000.0,73179000.0,942000.0,-5544000.0,,,,,119338000.0,208524000.0,-3558000.0,78231000.0,198798000.0,-107124000.0,-185442000.0,7787000.0,-285004000.0,33132000,2014-12-31,25.729999542236328,25.920000076293945,25.09000015258789,25.13999938964844,18.133543014526367,3339500.0
2015-03-31,283456000.0,-33902000.0,249554000.0,-149197000.0,-32705000.0,,-74569000.0,100357000.0,58573000.0,-52578000.0,158930000,166541000.0,325471000,-12717000.0,312754000,-15000.0,310342000,295769000,220977000.0,178367000.0,,472762000.0,9357990000.0,105253000.0,1797883000.0,11261126000.0,11733888000,5832608000.0,,5832608000.0,,602821000.0,6435429000,5771965000.0,,,5298459000.0,11733888000,312739000.0,74569000.0,-268908000.0,44690000.0,,,,,163090000.0,-486074000.0,-171632000.0,7599000.0,-607456000.0,-113400000.0,483559000.0,10258000.0,478021000.0,33655000,2015-03-31,26.96999931335449,27.190000534057614,26.75,26.85000038146973,19.366968154907227,3332600.0
2015-06-30,294061000.0,-36109000.0,257952000.0,-150281000.0,-29307000.0,,-80155000.0,107671000.0,4354000.0,-24028000.0,112025000,11956000.0,123981000,3628000.0,127609000,,127000000,112427000,145832000.0,177768000.0,,346590000.0,9290447000.0,24251000.0,1806016000.0,11120714000.0,11467304000,5649227000.0,,5649227000.0,,591097000.0,6240324000,5771961000.0,,,5226980000.0,11467304000,127609000.0,80155000.0,-67805000.0,-17054000.0,,,,,122905000.0,10443000.0,63302000.0,33781000.0,127975000.0,-113623000.0,-181915000.0,3214000.0,-326025000.0,-75145000,2015-06-30,22.82999992370605,22.93000030517578,22.479999542236328,22.540000915527344,16.404790878295902,3973900.0
2015-09-30,288382000.0,-34915000.0,253467000.0,-172422000.0,-27310000.0,,-103708000.0,81045000.0,-25511000.0,-48339000.0,55534000,28394000.0,83928000,-2844000.0,81084000,,77572000,62999000,180913000.0,172758000.0,,379878000.0,9256277000.0,12189000.0,1765640000.0,11034106000.0,11413984000,5610066000.0,,5610066000.0,,621521000.0,6231587000,5775102000.0,,,5182397000.0,11413984000,81084000.0,103708000.0,-50442000.0,42297000.0,,,,,176647000.0,-20361000.0,3799000.0,57361000.0,13998000.0,-113722000.0,-43246000.0,2095000.0,-155564000.0,35081000,2015-09-30,24.40999984741211,24.479999542236328,24.13999938964844,24.43000030517578,17.97170639038086,4253400.0
2015-12-31,300870000.0,-40054000.0,260816000.0,-160934000.0,-33413000.0,,-86095000.0,99882000.0,304413000.0,-54885000.0,404295000,-103100000.0,301195000,-48297000.0,252898000,125813000.0,379201000,360020000,189534000.0,175252000.0,,364786000.0,9274299000.0,7565000.0,1697521000.0,10979385000.0,11344171000,5641551000.0,,5641551000.0,,433960000.0,6075511000,5613015000.0,,,5268660000.0,11344171000,378711000.0,86095000.0,-382896000.0,-50851000.0,,,,,31059000.0,88574000.0,30722000.0,-4688000.0,486848000.0,-115088000.0,-192627000.0,3141000.0,-509286000.0,8621000,2015-12-31,26.670000076293945,26.78000068664551,26.45000076293945,26.459999084472656,19.8458194732666,2394600.0
2016-03-31,297202000.0,-34553000.0,262649000.0,-157550000.0,-31929000.0,,-84856000.0,105099000.0,28111000.0,-52451000.0,133210000,21056000.0,154266000,-12112000.0,142154000,,140713000,129158000,222000000.0,174005000.0,,396005000.0,,5716000.0,10847640000.0,10853356000.0,11249361000,5279093000.0,,5279093000.0,,566206000.0,5845299000,5725194000.0,,,5404062000.0,11249361000,142154000.0,84856000.0,-97898000.0,7844000.0,,,,,136956000.0,26599000.0,4771000.0,28327000.0,127802000.0,-117030000.0,-227176000.0,111411000.0,-232292000.0,32466000,2016-03-31,28.739999771118164,28.79999923706055,28.479999542236328,28.78000068664551,21.585893630981445,2858700.0
2016-06-30,291488000.0,-33223000.0,258265000.0,-152385000.0,-29928000.0,,-82753000.0,105880000.0,65153000.0,-50479000.0,171033000,33567000.0,204600000,246000.0,204846000,,203409000,191854000,337815000.0,172702000.0,,534332000.0,9171988000.0,7006000.0,1679106000.0,10858100000.0,11392432000,5305674000.0,,5305674000.0,,555299000.0,5860973000,5772293000.0,,,5531459000.0,11392432000,204846000.0,82753000.0,-148486000.0,-60222000.0,,,,,78891000.0,-24102000.0,6729000.0,28104000.0,183547000.0,-118428000.0,-66488000.0,45102000.0,-146623000.0,115815000,2016-06-30,30.920000076293945,31.3799991607666,30.70000076293945,31.3799991607666,23.746368408203125,3124100.0
2016-09-30,285076000.0,-32590000.0,252486000.0,-166333000.0,-27983000.0,,-96827000.0,86153000.0,-26883000.0,-46552000.0,59270000,-49163000.0,10107000,-61426000.0,-51319000,9771000.0,-43545000,-55100000,170545000.0,171474000.0,,365556000.0,9392984000.0,8141000.0,1439421000.0,10840546000.0,11206102000,5118177000.0,,5118177000.0,,569107000.0,5687284000,5924106000.0,,,5518818000.0,11206102000,-41548000.0,96827000.0,83963000.0,89437000.0,,,,,228679000.0,-70458000.0,-70000.0,14238000.0,-63106000.0,-118654000.0,-309134000.0,150296000.0,-332843000.0,-167270000,2016-09-30,29.5,29.6299991607666,28.940000534057614,28.95000076293945,22.086990356445312,2840600.0
2016-12-31,297026000.0,-71050000.0,225976000.0,-129019000.0,3044000.0,,-90884000.0,96957000.0,-7018000.0,-43067000.0,89939000,5809000.0,95748000,-5291000.0,90457000,-9771000.0,78273000,66718000,142486000.0,181823000.0,,324309000.0,9394755000.0,8101000.0,1503435000.0,10906291000.0,11230600000,5336636000.0,,5336636000.0,,404137000.0,5740773000,5927208000.0,,,5489827000.0,11230600000,80686000.0,90884000.0,-21196000.0,-2804000.0,,,,,147570000.0,-21155000.0,-440000.0,987000.0,-82860000.0,-119933000.0,48868000.0,586000.0,-92769000.0,-28059000,2016-12-30,24.79999923706055,25.36000061035156,24.76000022888184,25.15999984741211,19.579988479614254,5305900.0
2017-03-31,293588000.0,-42574000.0,251014000.0,-156760000.0,-22230000.0,,-92074000.0,94254000.0,-26789000.0,-46482000.0,67465000,10257000.0,77722000,493000.0,78215000,,76733000,65178000,167454000.0,176054000.0,,366093000.0,9345513000.0,7702000.0,1529111000.0,10882326000.0,11248419000,5249563000.0,,5249563000.0,,542279000.0,5791842000,5931428000.0,,,5456577000.0,11248419000,78215000.0,92074000.0,-19046000.0,5809000.0,,,,,157052000.0,-21955000.0,4236000.0,13409000.0,-65375000.0,-126315000.0,71314000.0,561000.0,-66709000.0,24968000,2017-03-31,22.0,22.1200008392334,21.959999084472656,22.09000015258789,17.19085693359375,5048500.0
2017-06-30,297176000.0,-42703000.0,254473000.0,-158843000.0,-19965000.0,,-95270000.0,95630000.0,6874000.0,-46090000.0,102504000,51136000.0,153640000,1034000.0,154674000,,143416000,131861000,143099000.0,176907000.0,,342501000.0,9543381000.0,14487000.0,1657951000.0,11215819000.0,11558320000,5514859000.0,,5514859000.0,,521797000.0,6036656000,5934889000.0,,,5521664000.0,11558320000,154674000.0,95270000.0,-98517000.0,-8445000.0,,,,,142982000.0,-58568000.0,27539000.0,1815000.0,-82068000.0,-126478000.0,56943000.0,412000.0,-85269000.0,-24355000,2017-06-30,18.84000015258789,18.989999771118164,18.059999465942386,18.350000381469727,14.457022666931152,6906800.0
2017-09-30,294845000.0,-40262000.0,254583000.0,-151794000.0,-21523000.0,,-88443000.0,102789000.0,-17106000.0,-47258000.0,85683000,35836000.0,121519000,697000.0,122216000,,121030000,101957000,156588000.0,182012000.0,,361138000.0,9771654000.0,14044000.0,1555405000.0,11341103000.0,11702241000,5674541000.0,,5674541000.0,,603417000.0,6277958000,5930648000.0,,,5424283000.0,11702241000,122216000.0,88443000.0,-61064000.0,44187000.0,,,,,193782000.0,-99954000.0,1359000.0,1639000.0,-130829000.0,-128389000.0,176266000.0,217777000.0,-49464000.0,13489000,2017-09-29,19.5,19.68000030517578,19.40999984741211,19.549999237060547,15.632453918457033,2847600.0
2017-12-31,315225000.0,-44013000.0,271212000.0,-159075000.0,-27972000.0,,-85024000.0,112137000.0,-24612000.0,-52126000.0,87525000,-1615000.0,85910000,-1344000.0,84566000,,84896000,73465000,238513000.0,189757000.0,,428270000.0,9817875000.0,13265000.0,1504316000.0,11335456000.0,11763726000,4910734000.0,,5793521000.0,,431915000.0,6225436000,6157020000.0,,,5538290000.0,11763726000,84566000.0,85024000.0,-22381000.0,-26844000.0,,,,,120365000.0,-8866000.0,899000.0,38310000.0,-16008000.0,-124990000.0,-117969000.0,222196000.0,-22432000.0,81925000,2017-12-29,18.09000015258789,18.229999542236328,18.030000686645508,18.149999618530273,14.946072578430176,2296700.0
2018-03-31,304078000.0,-43331000.0,260747000.0,-149163000.0,-22398000.0,,-81382000.0,111584000.0,-16875000.0,-49943000.0,94709000,49325000.0,144034000,-52000.0,143982000,,144090000,129501000,218313000.0,184533000.0,,424222000.0,9362899000.0,11627000.0,1573754000.0,10948280000.0,11372502000,5229531000.0,,5229531000.0,,624423000.0,5853954000,6168434000.0,,,5518548000.0,11372502000,143982000.0,81382000.0,-71032000.0,37947000.0,,,,,192279000.0,136320000.0,1473000.0,2129000.0,79426000.0,-130241000.0,-165032000.0,8868000.0,-291905000.0,-20200000,2018-03-29,14.579999923706055,14.609999656677244,14.25,14.399999618530273,11.858039855957033,7603800.0
2018-06-30,293403000.0,-41325000.0,252078000.0,-144856000.0,-24029000.0,,-79760000.0,107222000.0,-14500000.0,-46434000.0,92722000,72367000.0,165089000,720000.0,165809000,,165386000,150852000,305577000.0,180451000.0,,517155000.0,9126945000.0,13131000.0,1634552000.0,10774628000.0,11291783000,5198978000.0,,5198978000.0,,587676000.0,5786654000,6122076000.0,,,5505129000.0,11291783000,165809000.0,79760000.0,-95783000.0,9921000.0,,,,,159707000.0,201152000.0,9037000.0,2746000.0,148725000.0,-134470000.0,-31140000.0,-50850000.0,-221168000.0,87264000,2018-06-29,17.010000228881836,17.120000839233402,16.90999984741211,16.989999771118164,14.268278121948242,5025100.0
2018-09-30,283080000.0,-39265000.0,243815000.0,-138273000.0,-21348000.0,,-74972000.0,105542000.0,-17284000.0,-44081000.0,88258000,12152000.0,100410000,315000.0,100725000,,100158000,85624000,146386000.0,183440000.0,,359048000.0,9043480000.0,12026000.0,1694967000.0,10750473000.0,11109521000,4539763000.0,,5017737000.0,,615613000.0,5633350000,6121553000.0,,,5476171000.0,11109521000,100725000.0,74972000.0,-29698000.0,18346000.0,,,,,164345000.0,55586000.0,211000.0,2130000.0,2604000.0,-132521000.0,-209419000.0,457000.0,-326140000.0,-159191000,2018-09-28,16.459999084472653,16.770000457763672,16.399999618530273,16.739999771118164,14.293893814086914,3548500.0
2018-12-31,284201000.0,-40373000.0,243828000.0,-136403000.0,-20022000.0,,-74266000.0,107425000.0,-17435000.0,-42881000.0,89990000,540000.0,90530000,-2583000.0,87947000,,88161000,73627000,143581000.0,184528000.0,,328109000.0,9250519000.0,,1420472000.0,10670991000.0,10999100000,4686621000.0,,5179037000.0,,385328000.0,5564365000,6121468000.0,,,5434735000.0,10999100000,87947000.0,74266000.0,-20367000.0,-20241000.0,,,,,121605000.0,60800000.0,2194000.0,13598000.0,22890000.0,-132524000.0,15863000.0,104000.0,-147300000.0,-2805000,2018-12-31,14.779999732971193,14.869999885559082,14.380000114440918,14.649999618530273,12.964082717895508,3098300.0
2019-03-31,295010000.0,-40896000.0,254114000.0,-139431000.0,-25831000.0,,-71561000.0,114683000.0,-16795000.0,-44395000.0,97888000,19420000.0,117308000,-630000.0,116678000,,116169000,101635000,143673000.0,183650000.0,,327323000.0,9221743000.0,,1521134000.0,10742877000.0,11070200000,4513857000.0,,5096331000.0,,553327000.0,5649658000,6124075000.0,,,5420542000.0,11070200000,116678000.0,71561000.0,-38921000.0,5940000.0,,,,,155258000.0,20724000.0,-118000.0,-5336000.0,-15542000.0,-132521000.0,-6361000.0,681000.0,-139624000.0,92000,2019-03-29,18.6299991607666,18.63999938964844,18.43000030517578,18.5,16.371026992797848,3180200.0
2019-06-30,284873000.0,-43217000.0,241656000.0,-131567000.0,-22633000.0,,-69005000.0,110089000.0,-6428000.0,-44097000.0,103661000,-2618000.0,101043000,344000.0,101387000,,101027000,86493000,113991000.0,182369000.0,,296360000.0,9164375000.0,,1580168000.0,10744543000.0,11040903000,4550830000.0,,5129195000.0,,520557000.0,5649752000,6129793000.0,,,5391151000.0,11040903000,101387000.0,69005000.0,-29880000.0,17759000.0,,,,,158271000.0,-53807000.0,6072000.0,-1647000.0,-84977000.0,-132705000.0,28984000.0,1130000.0,-102976000.0,-29682000,2019-06-28,18.459999084472656,18.700000762939453,18.38999938964844,18.479999542236328,16.60464096069336,4926100.0
2019-09-30,282871000.0,-39758000.0,243113000.0,-133061000.0,-23832000.0,,-68874000.0,110052000.0,-17682000.0,-43146000.0,92370000,-10783000.0,81587000,3866000.0,85453000,,83990000,59048000,141310000.0,191436000.0,,332746000.0,9172123000.0,,1580262000.0,10752385000.0,11085131000,4956199000.0,,5530452000.0,,556515000.0,6086967000,5785593000.0,,,4998164000.0,11085131000,85453000.0,68874000.0,-5414000.0,20017000.0,,,,,168930000.0,-31747000.0,-818000.0,4754000.0,-60788000.0,-136054000.0,411914000.0,1540000.0,-80823000.0,27319000,2019-09-30,20.86000061035156,20.950000762939453,20.850000381469727,20.8799991607666,19.04971694946289,4857400.0
2019-12-31,296130000.0,-48110000.0,248020000.0,-135732000.0,-24646000.0,,-68439000.0,112288000.0,-27267000.0,-45757000.0,85021000,25285000.0,110306000,-263000.0,110043000,,109419000,92812000,123947000.0,218689000.0,,342636000.0,9209053000.0,9353000.0,1436825000.0,10655231000.0,10997867000,5128115000.0,,5704834000.0,,346183000.0,6051017000,5769551000.0,,,4946850000.0,10997867000,110043000.0,68439000.0,-35127000.0,-42186000.0,,,,,101169000.0,62332000.0,103000.0,11172000.0,40886000.0,-130285000.0,12740000.0,200661000.0,-159418000.0,-17363000,2019-12-31,20.36000061035156,20.729999542236328,20.36000061035156,20.709999084472656,19.413148880004886,2487200.0
2020-03-31,289744000.0,-42408000.0,247336000.0,-132901000.0,-21017000.0,,-69397000.0,114435000.0,-20209000.0,-46060000.0,94226000,-3794000.0,90432000,-43000.0,90389000,,90100000,83746000,451796000.0,220215000.0,,672011000.0,9179554000.0,,1453569000.0,10633123000.0,11305134000,5430129000.0,,5926554000.0,,488168000.0,6414722000,5751602000.0,,,4890412000.0,11305134000,90389000.0,69397000.0,-14907000.0,10370000.0,,,,,155249000.0,-48782000.0,163000.0,1436000.0,-66553000.0,-127255000.0,396577000.0,981000.0,239153000.0,327849000,2020-03-31,9.9399995803833,10.109999656677246,9.270000457763672,9.670000076293944,9.06446933746338,11178700.0
2020-06-30,238916000.0,-38940000.0,199976000.0,-137568000.0,-22504000.0,,-73559000.0,62408000.0,-33026000.0,-48015000.0,29382000,718787000.0,748169000,-51000.0,748118000,,747893000,741539000,201687000.0,250150000.0,,451837000.0,9397045000.0,633551000.0,1077537000.0,11108133000.0,11559970000,4967338000.0,,5446108000.0,,477545000.0,5923653000,5756983000.0,,,5636317000.0,11559970000,748118000.0,73559000.0,-728151000.0,-11328000.0,,,,,82198000.0,32798000.0,743000.0,-2714000.0,163150000.0,-127461000.0,-365443000.0,0.0,-495457000.0,-250109000,2020-06-30,12.770000457763672,13.149999618530273,12.649999618530273,12.84000015258789,12.39486598968506,6929400.0
