Report Date,Revenue,Cost of Revenue,Gross Profit,Operating Expenses,"Selling, General & Administrative",Research & Development,Depreciation & Amortization,Operating Income (Loss),Non-Operating Income (Loss),"Interest Expense, Net","Pretax Income (Loss), Adj.",Abnormal Gains (Losses),Pretax Income (Loss),"Income Tax (Expense) Benefit, Net",Income (Loss) from Continuing Operations,Net Extraordinary Gains (Losses),Net Income,Net Income (Common),"Cash, Cash Equivalents & Short Term Investments",Accounts & Notes Receivable,Inventories,Total Current Assets,"Property, Plant & Equipment, Net",Long Term Investments & Receivables,Other Long Term Assets,Total Noncurrent Assets,Total Assets,Payables & Accruals,Short Term Debt,Total Current Liabilities,Long Term Debt,Total Noncurrent Liabilities,Total Liabilities,Share Capital & Additional Paid-In Capital,Treasury Stock,Retained Earnings,Total Equity,Total Liabilities & Equity,Net Income/Starting Line,Depreciation & Amortization,Non-Cash Items,Change in Working Capital,Change in Accounts Receivable,Change in Inventories,Change in Accounts Payable,Change in Other,Net Cash from Operating Activities,Change in Fixed Assets & Intangibles,Net Change in Long Term Investment,Net Cash from Acquisitions & Divestitures,Net Cash from Investing Activities,Dividends Paid,Cash from (Repayment of) Debt,Cash from (Repurchase of) Equity,Net Cash from Financing Activities,Net Change in Cash,Price Date,Open,High,Low,Close,Adj Close,Volume
2009-06-30,4727000000.0,-3154000000.0,1573000000.0,-964000000.0,-923000000.0,,,609000000.0,-65000000.0,-65000000.0,544000000,,544000000,-158000000.0,430000000,,403000000,403000000,591000000.0,2331000000.0,2058000000.0,5464000000.0,7808000000.0,369000000.0,4505000000.0,12682000000.0,18146000000,3512000000.0,373000000.0,4306000000.0,5490000000.0,9063000000.0,13369000000,,,,4777000000.0,18146000000,430000000.0,190000000.0,-353000000.0,730000000.0,,,,,997000000.0,-186000000.0,14000000.0,-154000000.0,-427000000.0,-248000000.0,-353000000.0,1000000.0,-594000000.0,-1000000,2009-06-30,50.93001174926758,51.02588653564453,49.94247436523438,50.268455505371094,33.32408905029297,2348836.0
2009-09-30,4913000000.0,-3186000000.0,1727000000.0,-856000000.0,-852000000.0,,,871000000.0,-60000000.0,-60000000.0,811000000,,811000000,-240000000.0,611000000,,582000000,582000000,750000000.0,2449000000.0,2014000000.0,5784000000.0,7926000000.0,368000000.0,4510000000.0,12804000000.0,18588000000,3642000000.0,1210000000.0,5312000000.0,4442000000.0,7777000000.0,13089000000,,,,5499000000.0,18588000000,611000000.0,196000000.0,-118000000.0,102000000.0,,,,,791000000.0,-160000000.0,12000000.0,0.0,-152000000.0,-249000000.0,-224000000.0,17000000.0,-480000000.0,159000000,2009-09-30,55.26366424560547,56.81687545776367,55.22531127929688,56.54841613769531,37.8716926574707,5036126.0
2009-12-31,4982000000.0,-3316000000.0,1666000000.0,-949000000.0,-974000000.0,,,717000000.0,-59000000.0,-59000000.0,658000000,,658000000,-184000000.0,522000000,,492000000,492000000,798000000.0,2566000000.0,2033000000.0,5864000000.0,8033000000.0,355000000.0,4957000000.0,13345000000.0,19209000000,4313000000.0,610000000.0,4923000000.0,4792000000.0,8596000000.0,13519000000,997000000.0,-4087000000.0,10329000000.0,5690000000.0,19209000000,522000000.0,220000000.0,142000000.0,117000000.0,,,,,1001000000.0,-269000000.0,9000000.0,-293000000.0,-540000000.0,-249000000.0,-248000000.0,124000000.0,-419000000.0,48000000,2009-12-31,61.63949966430664,61.76414108276367,61.03547668457031,61.083412170410156,41.279541015625,1264742.0
2010-03-31,4835000000.0,-3188000000.0,1647000000.0,-982000000.0,-881000000.0,,,665000000.0,-56000000.0,-56000000.0,609000000,,609000000,-241000000.0,411000000,,384000000,384000000,669000000.0,2557000000.0,2104000000.0,5719000000.0,7958000000.0,398000000.0,4922000000.0,13278000000.0,18997000000,3834000000.0,1001000000.0,5256000000.0,4387000000.0,8063000000.0,13319000000,,,,5678000000.0,18997000000,411000000.0,193000000.0,17000000.0,-157000000.0,,,,,464000000.0,-184000000.0,10000000.0,,-119000000.0,-250000000.0,-14000000.0,-120000000.0,-417000000.0,-129000000,2010-03-31,60.32598114013672,60.52732467651367,59.932884216308594,60.28763198852539,41.19232177734375,2123027.0
2010-06-30,4857000000.0,-3213000000.0,1644000000.0,-933000000.0,-929000000.0,,,711000000.0,-54000000.0,-54000000.0,657000000,,657000000,-181000000.0,523000000,,498000000,498000000,585000000.0,2390000000.0,2233000000.0,5621000000.0,7856000000.0,394000000.0,4842000000.0,13092000000.0,18713000000,3958000000.0,1157000000.0,5456000000.0,4442000000.0,7970000000.0,13426000000,,,,5287000000.0,18713000000,523000000.0,209000000.0,-113000000.0,-32000000.0,,,,,587000000.0,-176000000.0,9000000.0,,-170000000.0,-275000000.0,130000000.0,-330000000.0,-495000000.0,-84000000,2010-06-30,58.50431442260742,58.95493698120117,57.97698974609375,58.1303939819336,40.151947021484375,3376712.0
2010-09-30,4979000000.0,-3365000000.0,1614000000.0,-916000000.0,-909000000.0,,,698000000.0,-54000000.0,-54000000.0,644000000,,644000000,-195000000.0,489000000,,469000000,469000000,533000000.0,2413000000.0,2402000000.0,6092000000.0,8188000000.0,402000000.0,4804000000.0,13394000000.0,19486000000,4098000000.0,731000000.0,5159000000.0,4710000000.0,8393000000.0,13552000000,,,,5934000000.0,19486000000,489000000.0,205000000.0,37000000.0,14000000.0,,,,,745000000.0,-247000000.0,10000000.0,,-223000000.0,-271000000.0,-159000000.0,-128000000.0,-594000000.0,-52000000,2010-09-30,62.60786056518555,62.70373916625977,62.10929870605469,62.36816787719727,43.51189041137695,3066733.0
2010-12-31,5075000000.0,-3430000000.0,1645000000.0,-946000000.0,-954000000.0,,,699000000.0,-59000000.0,-59000000.0,640000000,,640000000,-171000000.0,520000000,,492000000,492000000,876000000.0,2472000000.0,2373000000.0,6328000000.0,8356000000.0,374000000.0,4806000000.0,13536000000.0,19864000000,4488000000.0,344000000.0,4832000000.0,5120000000.0,8830000000.0,13662000000,1023000000.0,-4726000000.0,11086000000.0,6202000000.0,19864000000,520000000.0,206000000.0,23000000.0,199000000.0,,,,,948000000.0,-348000000.0,18000000.0,,-269000000.0,-270000000.0,24000000.0,-94000000.0,-353000000.0,343000000,2010-12-31,60.40268325805664,60.6519660949707,60.38351058959961,60.44103622436523,42.62156677246094,923264.0
2011-03-31,5029000000.0,-3566000000.0,1463000000.0,-919000000.0,-921000000.0,,,544000000.0,-60000000.0,-60000000.0,484000000,,484000000,-152000000.0,372000000,,350000000,350000000,585000000.0,2696000000.0,2400000000.0,6300000000.0,8413000000.0,413000000.0,4866000000.0,13692000000.0,19992000000,4082000000.0,719000000.0,5287000000.0,5406000000.0,8984000000.0,14271000000,,,,5721000000.0,19992000000,372000000.0,243000000.0,-214000000.0,-151000000.0,,,,,250000000.0,-234000000.0,5000000.0,,-218000000.0,-269000000.0,673000000.0,-731000000.0,-332000000.0,-291000000,2011-03-31,63.0584831237793,63.23106384277344,62.4736328125,62.57909774780274,44.60619354248047,2709193.0
2011-06-30,5259000000.0,-3702000000.0,1557000000.0,-932000000.0,-940000000.0,,,625000000.0,-67000000.0,-67000000.0,558000000,,558000000,-173000000.0,432000000,,408000000,408000000,908000000.0,2537000000.0,2521000000.0,6722000000.0,8414000000.0,420000000.0,4924000000.0,13758000000.0,20480000000,4342000000.0,1008000000.0,5683000000.0,5424000000.0,8940000000.0,14623000000,,,,5857000000.0,20480000000,432000000.0,287000000.0,-37000000.0,89000000.0,,,,,771000000.0,-201000000.0,4000000.0,,-214000000.0,-280000000.0,301000000.0,-273000000.0,-261000000.0,323000000,2011-06-30,63.60498428344727,63.863853454589844,63.37488174438477,63.81591415405274,45.97615051269531,1903996.0
2011-09-30,5382000000.0,-3794000000.0,1588000000.0,-926000000.0,-943000000.0,,,662000000.0,-65000000.0,-65000000.0,597000000,,597000000,-174000000.0,458000000,,432000000,432000000,1232000000.0,2434000000.0,2421000000.0,6539000000.0,8047000000.0,372000000.0,4672000000.0,13091000000.0,19630000000,4240000000.0,758000000.0,5310000000.0,5422000000.0,8857000000.0,14167000000,,,,5463000000.0,19630000000,458000000.0,291000000.0,94000000.0,-93000000.0,,,,,750000000.0,-198000000.0,12000000.0,,37000000.0,-275000000.0,-181000000.0,52000000.0,-438000000.0,324000000,2011-09-30,68.12080383300781,68.69606781005861,68.04410552978516,68.08245086669922,49.55820846557617,4162822.0
2011-12-31,5176000000.0,-3632000000.0,1544000000.0,-933000000.0,-957000000.0,,,611000000.0,-67000000.0,-67000000.0,544000000,,544000000,-161000000.0,422000000,,401000000,401000000,764000000.0,2602000000.0,2356000000.0,6283000000.0,8049000000.0,338000000.0,4703000000.0,13090000000.0,19373000000,4691000000.0,706000000.0,5397000000.0,5426000000.0,8447000000.0,13844000000,976000000.0,-2105000000.0,8244000000.0,5529000000.0,19373000000,422000000.0,270000000.0,-68000000.0,-107000000.0,,,,,517000000.0,-284000000.0,7000000.0,0.0,-286000000.0,-275000000.0,-548000000.0,141000000.0,-710000000.0,-468000000,2011-12-30,70.51773834228516,70.72866821289062,70.27804565429689,70.52732849121094,51.85057067871094,1451647.0
2012-03-31,5241000000.0,-3537000000.0,1704000000.0,-1004000000.0,-996000000.0,,,700000000.0,-67000000.0,-67000000.0,633000000,,633000000,-185000000.0,487000000,,468000000,468000000,785000000.0,2672000000.0,2354000000.0,6317000000.0,8118000000.0,395000000.0,4727000000.0,13240000000.0,19557000000,4267000000.0,691000000.0,5249000000.0,5707000000.0,8670000000.0,13919000000,,,,5638000000.0,19557000000,487000000.0,218000000.0,95000000.0,-215000000.0,,,,,585000000.0,-258000000.0,,,-251000000.0,-277000000.0,278000000.0,-323000000.0,-335000000.0,21000000,2012-03-30,70.88207244873047,71.32310485839844,70.79578399658203,70.84371948242188,52.61953735351562,3153511.0
2012-06-30,5269000000.0,-3514000000.0,1755000000.0,-1001000000.0,-1019000000.0,,,754000000.0,-66000000.0,-66000000.0,688000000,,688000000,-213000000.0,518000000,,498000000,498000000,994000000.0,2681000000.0,2368000000.0,6592000000.0,7977000000.0,390000000.0,4637000000.0,13004000000.0,19596000000,4269000000.0,572000000.0,5133000000.0,5695000000.0,8739000000.0,13872000000,,,,5724000000.0,19596000000,518000000.0,214000000.0,102000000.0,-94000000.0,,,,,740000000.0,-222000000.0,7000000.0,,-221000000.0,-290000000.0,-122000000.0,96000000.0,-303000000.0,209000000,2012-06-29,79.56855010986328,80.31639862060547,78.9932861328125,80.31639862060547,60.21768569946289,2536367.0
2012-09-30,5246000000.0,-3480000000.0,1766000000.0,-983000000.0,-988000000.0,,,783000000.0,-66000000.0,-66000000.0,717000000,,717000000,-223000000.0,537000000,,517000000,517000000,1249000000.0,2734000000.0,2373000000.0,6926000000.0,8099000000.0,398000000.0,4614000000.0,13111000000.0,20037000000,4460000000.0,1274000000.0,6025000000.0,5130000000.0,8173000000.0,14198000000,,,,5839000000.0,20037000000,537000000.0,210000000.0,123000000.0,-26000000.0,,,,,844000000.0,-277000000.0,7000000.0,-5000000.0,-257000000.0,-292000000.0,152000000.0,-212000000.0,-348000000.0,255000000,2012-09-28,82.05177307128906,82.32981872558594,81.51486206054688,82.2435302734375,62.21240234375,1899094.0
2012-12-31,3711000000.0,-2807000000.0,904000000.0,-764000000.0,-754000000.0,,,140000000.0,-68000000.0,-68000000.0,72000000,,72000000,-39000000.0,85000000,201000000.0,267000000,267000000,1106000000.0,2642000000.0,2348000000.0,6589000000.0,8095000000.0,355000000.0,4834000000.0,13284000000.0,19873000000,4976000000.0,1115000000.0,6091000000.0,5070000000.0,8495000000.0,14586000000,1017000000.0,-2796000000.0,8823000000.0,5287000000.0,19873000000,286000000.0,215000000.0,164000000.0,454000000.0,,,,,1119000000.0,-327000000.0,9000000.0,0.0,-455000000.0,-292000000.0,-214000000.0,-280000000.0,-816000000.0,-143000000,2012-12-31,79.37680053710938,80.9683609008789,79.30009460449219,80.94918823242188,61.76596450805664,1773621.0
2013-03-31,5318000000.0,-3496000000.0,1822000000.0,-1039000000.0,-1027000000.0,,,783000000.0,-62000000.0,-62000000.0,721000000,,721000000,-223000000.0,551000000,,531000000,531000000,1109000000.0,2717000000.0,2364000000.0,6714000000.0,7979000000.0,428000000.0,4625000000.0,13032000000.0,19746000000,4943000000.0,1908000000.0,6851000000.0,4571000000.0,7910000000.0,14761000000,,,,4985000000.0,19746000000,551000000.0,221000000.0,-44000000.0,-121000000.0,,,,,607000000.0,-200000000.0,,,-179000000.0,-289000000.0,356000000.0,-436000000.0,-386000000.0,3000000,2013-03-28,92.68456268310548,93.95014190673828,92.49280548095705,93.94055938720705,72.2894287109375,2462314.0
2013-06-30,5267000000.0,-3467000000.0,1800000000.0,-1004000000.0,-1012000000.0,,,796000000.0,-66000000.0,-66000000.0,730000000,,730000000,-238000000.0,547000000,,526000000,526000000,1160000000.0,2490000000.0,2327000000.0,6731000000.0,7834000000.0,429000000.0,4520000000.0,12783000000.0,19514000000,4868000000.0,1302000000.0,6170000000.0,5387000000.0,8684000000.0,14854000000,,,,4660000000.0,19514000000,547000000.0,212000000.0,-16000000.0,-167000000.0,,,,,576000000.0,-208000000.0,10000000.0,,-212000000.0,-313000000.0,223000000.0,-212000000.0,-291000000.0,51000000,2013-06-28,93.00096130371094,93.5186996459961,92.45446014404295,93.13518524169922,72.26956176757812,2593211.0
2013-09-30,5262000000.0,-3457000000.0,1805000000.0,-998000000.0,-990000000.0,,,807000000.0,-67000000.0,-67000000.0,740000000,,740000000,-224000000.0,565000000,,546000000,546000000,1179000000.0,2502000000.0,2245000000.0,6894000000.0,7871000000.0,429000000.0,4170000000.0,12470000000.0,19364000000,4693000000.0,1087000000.0,5780000000.0,5388000000.0,8608000000.0,14388000000,,,,4976000000.0,19364000000,565000000.0,208000000.0,110000000.0,29000000.0,,,,,912000000.0,-176000000.0,6000000.0,-32000000.0,-199000000.0,-311000000.0,-210000000.0,-147000000.0,-676000000.0,19000000,2013-09-30,90.50814819335938,90.97795104980469,89.91371154785156,90.3355712890625,70.71548461914062,1851951.0
2013-12-31,3714000000.0,-2532000000.0,1182000000.0,-665000000.0,-670000000.0,,,517000000.0,-67000000.0,-67000000.0,450000000,,450000000,-143000000.0,355000000,203000000.0,539000000,539000000,1054000000.0,2545000000.0,2233000000.0,6550000000.0,7948000000.0,382000000.0,4039000000.0,12369000000.0,18919000000,4967000000.0,375000000.0,5342000000.0,5386000000.0,8437000000.0,13779000000,1130000000.0,-3746000000.0,9714000000.0,5140000000.0,18919000000,558000000.0,222000000.0,64000000.0,101000000.0,,,,,945000000.0,-240000000.0,10000000.0,0.0,-254000000.0,-310000000.0,-310000000.0,-189000000.0,-832000000.0,-125000000,2013-12-31,101.3710479736328,101.38063049316406,99.8657684326172,100.15340423583984,79.00192260742188,1377803.0
2014-03-31,4887000000.0,-3222000000.0,1665000000.0,-954000000.0,-896000000.0,,,711000000.0,-68000000.0,-68000000.0,643000000,,643000000,-196000000.0,490000000,56000000.0,538000000,538000000,1165000000.0,2618000000.0,2285000000.0,6648000000.0,7841000000.0,419000000.0,4094000000.0,12354000000.0,19002000000,4826000000.0,927000000.0,5753000000.0,5385000000.0,8324000000.0,14077000000,,,,4925000000.0,19002000000,546000000.0,218000000.0,-117000000.0,-210000000.0,,,,,437000000.0,-258000000.0,,,-134000000.0,-309000000.0,554000000.0,-404000000.0,-180000000.0,111000000,2014-03-31,105.81016540527344,105.9156265258789,105.06231689453124,105.70469665527344,84.01744842529297,2109780.0
2014-06-30,4953000000.0,-3253000000.0,1700000000.0,-925000000.0,-938000000.0,,,775000000.0,-67000000.0,-67000000.0,708000000,,708000000,-225000000.0,522000000,8000000.0,509000000,509000000,1369000000.0,2595000000.0,2358000000.0,7072000000.0,7847000000.0,349000000.0,4109000000.0,12305000000.0,19377000000,4953000000.0,591000000.0,5544000000.0,5964000000.0,8937000000.0,14481000000,,,,4896000000.0,19377000000,530000000.0,217000000.0,100000000.0,-5000000.0,,,,,842000000.0,-181000000.0,93000000.0,,-147000000.0,-318000000.0,235000000.0,-432000000.0,-501000000.0,204000000,2014-06-30,106.9319305419922,107.4880142211914,106.43336486816406,106.63470458984376,85.4023666381836,1254520.0
2014-09-30,5056000000.0,-3291000000.0,1765000000.0,-888000000.0,-904000000.0,,,877000000.0,-67000000.0,-67000000.0,810000000,,810000000,-260000000.0,581000000,1000000.0,562000000,562000000,1431000000.0,2542000000.0,2281000000.0,6921000000.0,7692000000.0,335000000.0,3928000000.0,11955000000.0,18876000000,4981000000.0,773000000.0,5754000000.0,5633000000.0,8574000000.0,14328000000,,,,4548000000.0,18876000000,582000000.0,220000000.0,22000000.0,152000000.0,,,,,976000000.0,-291000000.0,3000000.0,,-244000000.0,-315000000.0,-124000000.0,-188000000.0,-642000000.0,62000000,2014-09-30,103.46116638183594,103.50910949707031,102.79003143310548,103.13518524169922,83.24711608886719,1530915.0
2014-12-31,4828000000.0,-3275000000.0,1553000000.0,-1395000000.0,-971000000.0,,,158000000.0,-64000000.0,-64000000.0,94000000,,94000000,-175000000.0,-48000000,-15000000.0,-83000000,-83000000,789000000.0,2223000000.0,1892000000.0,5559000000.0,7359000000.0,257000000.0,2351000000.0,9967000000.0,15526000000,4900000000.0,1326000000.0,6226000000.0,5630000000.0,8301000000.0,14527000000,1168000000.0,-5597000000.0,8470000000.0,999000000.0,15526000000,-63000000.0,207000000.0,559000000.0,-113000000.0,,,,,590000000.0,-309000000.0,31000000.0,,-245000000.0,-314000000.0,690000000.0,-788000000.0,-570000000.0,-642000000,2014-12-31,117.01000213623048,117.44000244140624,115.36000061035156,115.54000091552734,93.93879699707031,1486100.0
2015-03-31,4691000000.0,-3032000000.0,1659000000.0,-911000000.0,-849000000.0,,,748000000.0,-68000000.0,-68000000.0,680000000,,680000000,-230000000.0,486000000,,468000000,468000000,587000000.0,2244000000.0,1893000000.0,5383000000.0,7160000000.0,290000000.0,2220000000.0,9670000000.0,15053000000,4574000000.0,1612000000.0,6186000000.0,6119000000.0,8455000000.0,14641000000,,,,412000000.0,15053000000,486000000.0,194000000.0,-214000000.0,-446000000.0,,,,,20000000.0,-284000000.0,,,-281000000.0,-310000000.0,784000000.0,-207000000.0,104000000.0,-202000000,2015-03-31,107.02999877929688,108.06999969482422,107.02999877929688,107.11000061035156,87.7854995727539,1350000.0
2015-06-30,4643000000.0,-2986000000.0,1657000000.0,-2201000000.0,-869000000.0,,,-544000000.0,-69000000.0,-69000000.0,-613000000,,-613000000,281000000.0,-293000000,,-305000000,-305000000,603000000.0,2286000000.0,1948000000.0,5518000000.0,7251000000.0,286000000.0,2291000000.0,9828000000.0,15346000000,4710000000.0,2055000000.0,6765000000.0,5544000000.0,7837000000.0,14602000000,,,,744000000.0,15346000000,-293000000.0,189000000.0,847000000.0,29000000.0,,,,,772000000.0,-243000000.0,0.0,,-245000000.0,-321000000.0,-135000000.0,-69000000.0,-508000000.0,16000000,2015-06-30,106.9499969482422,107.31999969482422,105.7699966430664,105.97000122070312,87.56219482421875,1243800.0
2015-09-30,4718000000.0,-3036000000.0,1682000000.0,-903000000.0,-868000000.0,,,779000000.0,-70000000.0,-70000000.0,709000000,,709000000,-217000000.0,529000000,,517000000,517000000,643000000.0,2284000000.0,1883000000.0,5442000000.0,7066000000.0,279000000.0,2141000000.0,9486000000.0,14928000000,4741000000.0,1460000000.0,6201000000.0,6125000000.0,8451000000.0,14652000000,,,,276000000.0,14928000000,529000000.0,182000000.0,37000000.0,101000000.0,,,,,849000000.0,-271000000.0,0.0,,-297000000.0,-321000000.0,-10000000.0,-125000000.0,-455000000.0,40000000,2015-09-30,108.80999755859376,109.1999969482422,108.37000274658205,109.04000091552734,90.86756134033205,1649600.0
2015-12-31,4539000000.0,-2913000000.0,1626000000.0,-996000000.0,-857000000.0,,,630000000.0,-71000000.0,-71000000.0,559000000,,559000000,-252000000.0,344000000,,333000000,333000000,619000000.0,2281000000.0,1909000000.0,5426000000.0,7104000000.0,247000000.0,2065000000.0,9416000000.0,14842000000,4680000000.0,1669000000.0,6349000000.0,6106000000.0,8453000000.0,14802000000,1082000000.0,-2972000000.0,4994000000.0,40000000.0,14842000000,344000000.0,181000000.0,269000000.0,-129000000.0,,,,,665000000.0,-258000000.0,0.0,,-227000000.0,-320000000.0,211000000.0,-320000000.0,-439000000.0,-24000000,2015-12-31,128.5,129.27999877929688,127.29000091552734,127.3000030517578,106.86073303222656,1438200.0
2016-03-31,4476000000.0,-2837000000.0,1639000000.0,-835000000.0,-825000000.0,,,804000000.0,-72000000.0,-72000000.0,732000000,,732000000,-207000000.0,560000000,,545000000,545000000,635000000.0,2255000000.0,1902000000.0,5151000000.0,7188000000.0,284000000.0,2197000000.0,9669000000.0,14820000000,4392000000.0,999000000.0,5391000000.0,6904000000.0,9100000000.0,14491000000,,,,329000000.0,14820000000,560000000.0,172000000.0,-74000000.0,-105000000.0,,,,,553000000.0,-220000000.0,,,-229000000.0,-318000000.0,119000000.0,-109000000.0,-315000000.0,16000000,2016-03-31,135.27000427246094,135.8699951171875,134.39999389648438,134.50999450683594,113.7077407836914,1216100.0
2016-06-30,4588000000.0,-2924000000.0,1664000000.0,-826000000.0,-847000000.0,,,838000000.0,-78000000.0,-78000000.0,760000000,,760000000,-217000000.0,578000000,,566000000,566000000,656000000.0,2249000000.0,1807000000.0,5114000000.0,7188000000.0,287000000.0,2181000000.0,9656000000.0,14770000000,4456000000.0,772000000.0,5228000000.0,6905000000.0,9118000000.0,14346000000,,,,424000000.0,14770000000,578000000.0,177000000.0,48000000.0,57000000.0,,,,,860000000.0,-177000000.0,28000000.0,,-155000000.0,-332000000.0,-236000000.0,-126000000.0,-688000000.0,21000000,2016-06-30,134.75999450683594,137.47999572753906,134.25999450683594,137.47999572753906,117.04550170898438,1767200.0
2016-09-30,4594000000.0,-2924000000.0,1670000000.0,-834000000.0,-833000000.0,,,836000000.0,-79000000.0,-79000000.0,757000000,,757000000,-227000000.0,563000000,,550000000,550000000,884000000.0,2222000000.0,1736000000.0,5260000000.0,7198000000.0,289000000.0,2152000000.0,9639000000.0,14899000000,4515000000.0,1205000000.0,5720000000.0,6443000000.0,8628000000.0,14348000000,,,,551000000.0,14899000000,563000000.0,179000000.0,9000000.0,197000000.0,,,,,948000000.0,-185000000.0,-28000000.0,,-192000000.0,-331000000.0,-26000000.0,-180000000.0,-534000000.0,228000000,2016-09-30,125.70999908447266,126.86000061035156,125.6999969482422,126.13999938964844,108.16088104248048,1920000.0
2016-12-31,4629000000.0,-2911000000.0,1718000000.0,-813000000.0,-795000000.0,,,905000000.0,-145000000.0,-79000000.0,760000000,,760000000,-271000000.0,518000000,,505000000,505000000,923000000.0,2176000000.0,1679000000.0,5115000000.0,7169000000.0,257000000.0,2061000000.0,9487000000.0,14602000000,4713000000.0,1133000000.0,5846000000.0,6439000000.0,8639000000.0,14485000000,,,,117000000.0,14602000000,518000000.0,177000000.0,-9000000.0,185000000.0,,,,,871000000.0,-189000000.0,23000000.0,,-156000000.0,-330000000.0,-70000000.0,-217000000.0,-648000000.0,39000000,2016-12-30,114.88999938964844,115.1500015258789,113.8000030517578,114.12000274658205,98.6475067138672,1417500.0
2017-03-31,4504000000.0,-2844000000.0,1660000000.0,-812000000.0,-807000000.0,,,848000000.0,-95000000.0,-81000000.0,753000000,,753000000,-207000000.0,575000000,,563000000,563000000,835000000.0,2224000000.0,1728000000.0,5112000000.0,7251000000.0,284000000.0,2111000000.0,9646000000.0,14758000000,4536000000.0,1328000000.0,5864000000.0,6425000000.0,8532000000.0,14396000000,,,,362000000.0,14758000000,575000000.0,178000000.0,-53000000.0,-264000000.0,,,,,436000000.0,-215000000.0,,,-178000000.0,-329000000.0,188000000.0,-217000000.0,-367000000.0,-88000000,2017-03-31,132.14999389648438,132.55000305175778,131.60000610351562,131.6300048828125,114.61702728271484,1059300.0
2017-06-30,4576000000.0,-2924000000.0,1652000000.0,-838000000.0,-835000000.0,,,814000000.0,-98000000.0,-83000000.0,716000000,,716000000,-202000000.0,540000000,,531000000,531000000,1051000000.0,2221000000.0,1738000000.0,5390000000.0,7246000000.0,283000000.0,2151000000.0,9680000000.0,15070000000,4643000000.0,1246000000.0,5889000000.0,6777000000.0,8850000000.0,14739000000,,,,331000000.0,15070000000,540000000.0,180000000.0,32000000.0,73000000.0,,,,,825000000.0,-171000000.0,,,-209000000.0,-345000000.0,258000000.0,-273000000.0,-397000000.0,216000000,2017-06-30,129.25999450683594,130.05000305175778,129.10000610351562,129.11000061035156,113.26165008544922,1351900.0
2017-09-30,4665000000.0,-2998000000.0,1667000000.0,-799000000.0,-807000000.0,,,868000000.0,-89000000.0,-75000000.0,779000000,,779000000,-224000000.0,579000000,,567000000,567000000,655000000.0,2360000000.0,1748000000.0,5226000000.0,7317000000.0,272000000.0,2234000000.0,9823000000.0,15049000000,4823000000.0,589000000.0,5412000000.0,7057000000.0,9139000000.0,14551000000,,,,498000000.0,15049000000,579000000.0,182000000.0,7000000.0,37000000.0,,,,,805000000.0,-209000000.0,,,-290000000.0,-343000000.0,-370000000.0,-200000000.0,-916000000.0,-396000000,2017-09-29,116.8499984741211,117.7300033569336,116.6500015258789,117.68000030517578,104.07378387451172,1665300.0
2017-12-31,4603000000.0,-2995000000.0,1608000000.0,-780000000.0,-753000000.0,,,828000000.0,-85000000.0,-69000000.0,743000000,,743000000,-143000000.0,625000000,,617000000,617000000,616000000.0,2315000000.0,1790000000.0,5211000000.0,7436000000.0,233000000.0,2271000000.0,9940000000.0,15151000000,4905000000.0,953000000.0,5858000000.0,6472000000.0,8411000000.0,14269000000,1067000000.0,-3288000000.0,5769000000.0,882000000.0,15151000000,625000000.0,184000000.0,48000000.0,6000000.0,,,,,863000000.0,-190000000.0,3000000.0,,-174000000.0,-342000000.0,-260000000.0,-100000000.0,-741000000.0,-39000000,2017-12-29,120.5999984741211,121.48999786376952,120.1500015258789,120.66000366210938,107.56332397460938,1326900.0
2018-03-31,4731000000.0,-3407000000.0,1324000000.0,-1077000000.0,-1079000000.0,,,247000000.0,-73000000.0,-64000000.0,174000000,,174000000,-104000000.0,97000000,,93000000,93000000,626000000.0,2470000000.0,1778000000.0,5372000000.0,7328000000.0,260000000.0,2343000000.0,9931000000.0,15303000000,5075000000.0,1599000000.0,6674000000.0,6081000000.0,8074000000.0,14748000000,,,,555000000.0,15303000000,97000000.0,211000000.0,131000000.0,103000000.0,,,,,542000000.0,-189000000.0,,,-256000000.0,-341000000.0,247000000.0,-183000000.0,-283000000.0,10000000,2018-03-29,110.33999633789062,112.5,109.81999969482422,110.12999725341795,99.06266784667969,3391200.0
2018-06-30,4604000000.0,-3149000000.0,1455000000.0,-781000000.0,-771000000.0,,,674000000.0,-101000000.0,-65000000.0,573000000,,573000000,-138000000.0,465000000,,455000000,455000000,484000000.0,2286000000.0,1750000000.0,5028000000.0,7046000000.0,257000000.0,2233000000.0,9536000000.0,14564000000,4914000000.0,1741000000.0,6655000000.0,5746000000.0,7731000000.0,14386000000,,,,178000000.0,14564000000,465000000.0,224000000.0,108000000.0,-10000000.0,,,,,787000000.0,-158000000.0,,,-156000000.0,-350000000.0,-147000000.0,-215000000.0,-747000000.0,-142000000,2018-06-29,104.47000122070312,106.12000274658205,103.91999816894531,105.33999633789062,95.70393371582031,2044500.0
2018-09-30,4582000000.0,-3166000000.0,1416000000.0,-747000000.0,-749000000.0,,,669000000.0,-92000000.0,-62000000.0,577000000,,577000000,-138000000.0,462000000,,451000000,451000000,494000000.0,2308000000.0,1770000000.0,5108000000.0,7030000000.0,251000000.0,2194000000.0,9475000000.0,14583000000,5019000000.0,1786000000.0,6805000000.0,5739000000.0,7666000000.0,14471000000,,,,112000000.0,14583000000,462000000.0,217000000.0,-11000000.0,24000000.0,,,,,692000000.0,-219000000.0,,,-220000000.0,-348000000.0,43000000.0,-148000000.0,-453000000.0,10000000,2018-09-28,112.62999725341795,113.66000366210938,112.62999725341795,113.63999938964844,104.1371078491211,1865600.0
2018-12-31,4569000000.0,-3167000000.0,1402000000.0,-763000000.0,-768000000.0,,,639000000.0,-150000000.0,-62000000.0,489000000,,489000000,-91000000.0,421000000,,411000000,411000000,539000000.0,2164000000.0,1813000000.0,5041000000.0,7159000000.0,224000000.0,2094000000.0,9477000000.0,14518000000,5328000000.0,1208000000.0,6536000000.0,6247000000.0,8028000000.0,14564000000,1021000000.0,-3956000000.0,5947000000.0,-46000000.0,14518000000,421000000.0,230000000.0,-41000000.0,339000000.0,,,,,949000000.0,-260000000.0,,,-270000000.0,-347000000.0,-77000000.0,-192000000.0,-632000000.0,45000000,2018-12-31,113.44000244140624,114.29000091552734,112.06999969482422,113.94000244140624,105.348388671875,1876200.0
2019-03-31,4633000000.0,-3205000000.0,1428000000.0,-773000000.0,-769000000.0,,,655000000.0,-73000000.0,-62000000.0,582000000,,582000000,-143000000.0,466000000,,454000000,454000000,491000000.0,2377000000.0,1857000000.0,5255000000.0,7139000000.0,246000000.0,2564000000.0,9949000000.0,15204000000,5297000000.0,1900000000.0,7197000000.0,5990000000.0,8089000000.0,15286000000,,,,-82000000.0,15204000000,466000000.0,234000000.0,-8000000.0,-375000000.0,,,,,317000000.0,-316000000.0,,,-324000000.0,-345000000.0,449000000.0,-138000000.0,-42000000.0,-48000000,2019-03-29,123.83999633789062,124.29000091552734,123.0500030517578,123.9000015258789,115.5824966430664,1872300.0
2019-06-30,4594000000.0,-3108000000.0,1486000000.0,-816000000.0,-811000000.0,,,670000000.0,-76000000.0,-65000000.0,594000000,,594000000,-132000000.0,495000000,,485000000,485000000,534000000.0,2397000000.0,1856000000.0,5321000000.0,7207000000.0,249000000.0,2570000000.0,10026000000.0,15347000000,5294000000.0,1291000000.0,6585000000.0,6701000000.0,8712000000.0,15297000000,983000000.0,-4062000000.0,6170000000.0,50000000.0,15347000000,495000000.0,236000000.0,28000000.0,-150000000.0,,,,,609000000.0,-253000000.0,,,-198000000.0,-355000000.0,87000000.0,-32000000.0,-371000000.0,43000000,2019-06-28,134.33000183105472,135.22000122070312,133.27999877929688,133.27999877929688,125.2995147705078,5526900.0
2019-09-30,4640000000.0,-3085000000.0,1555000000.0,-640000000.0,-815000000.0,,,915000000.0,-74000000.0,-63000000.0,841000000,,841000000,-192000000.0,680000000,,671000000,671000000,416000000.0,2306000000.0,1779000000.0,5064000000.0,7158000000.0,294000000.0,2517000000.0,9969000000.0,15033000000,5227000000.0,1555000000.0,6782000000.0,6198000000.0,8163000000.0,14945000000,1008000000.0,-4222000000.0,6485000000.0,88000000.0,15033000000,680000000.0,230000000.0,-533000000.0,509000000.0,,,,,886000000.0,-92000000.0,,,-245000000.0,-354000000.0,-217000000.0,-163000000.0,-747000000.0,-118000000,2019-09-30,141.6199951171875,143.5,141.5399932861328,142.0500030517578,134.51544189453122,1399800.0
2019-12-31,4583000000.0,-3017000000.0,1566000000.0,-815000000.0,-859000000.0,,,751000000.0,-118000000.0,-60000000.0,633000000,,633000000,-109000000.0,556000000,,547000000,547000000,442000000.0,2263000000.0,1790000000.0,5057000000.0,7450000000.0,268000000.0,2508000000.0,10226000000.0,15283000000,5385000000.0,1534000000.0,6919000000.0,6213000000.0,8170000000.0,15089000000,1029000000.0,-4454000000.0,6686000000.0,194000000.0,15283000000,556000000.0,217000000.0,439000000.0,-288000000.0,,,,,924000000.0,-306000000.0,,-4000000.0,-275000000.0,-354000000.0,-17000000.0,-239000000.0,-632000000.0,26000000,2019-12-31,137.0,137.66000366210938,135.96000671386722,137.55000305175778,131.23731994628906,972500.0
2020-03-31,5009000000.0,-3218000000.0,1791000000.0,-887000000.0,-873000000.0,,,904000000.0,-70000000.0,-59000000.0,834000000,,834000000,-197000000.0,675000000,,660000000,660000000,979000000.0,2519000000.0,1539000000.0,5646000000.0,7226000000.0,314000000.0,2491000000.0,10031000000.0,15677000000,5245000000.0,1238000000.0,6483000000.0,7210000000.0,9148000000.0,15631000000,1032000000.0,-4562000000.0,6978000000.0,46000000.0,15677000000,675000000.0,213000000.0,-40000000.0,-144000000.0,,,,,704000000.0,-352000000.0,,,-359000000.0,-357000000.0,707000000.0,-106000000.0,220000000.0,537000000,2020-03-31,131.27000427246094,132.16000366210938,127.27999877929688,127.87000274658205,122.88851165771484,2394600.0
2020-06-30,4612000000.0,-2835000000.0,1777000000.0,-844000000.0,-844000000.0,,,933000000.0,-77000000.0,-63000000.0,856000000,,856000000,-199000000.0,692000000,,681000000,681000000,1448000000.0,2024000000.0,1825000000.0,5904000000.0,7366000000.0,319000000.0,2584000000.0,10269000000.0,16173000000,5644000000.0,850000000.0,6494000000.0,7223000000.0,9184000000.0,15678000000,1027000000.0,-4545000000.0,7299000000.0,495000000.0,16173000000,692000000.0,201000000.0,67000000.0,619000000.0,,,,,1579000000.0,-279000000.0,,,-331000000.0,-365000000.0,-385000000.0,-22000000.0,-787000000.0,469000000,2020-06-30,139.86000061035156,141.80999755859375,139.75999450683594,141.35000610351562,136.87724304199222,1504600.0
