Report Date,Revenue,Cost of Revenue,Gross Profit,Operating Expenses,"Selling, General & Administrative",Research & Development,Depreciation & Amortization,Operating Income (Loss),Non-Operating Income (Loss),"Interest Expense, Net","Pretax Income (Loss), Adj.",Abnormal Gains (Losses),Pretax Income (Loss),"Income Tax (Expense) Benefit, Net",Income (Loss) from Continuing Operations,Net Extraordinary Gains (Losses),Net Income,Net Income (Common),"Cash, Cash Equivalents & Short Term Investments",Accounts & Notes Receivable,Inventories,Total Current Assets,"Property, Plant & Equipment, Net",Long Term Investments & Receivables,Other Long Term Assets,Total Noncurrent Assets,Total Assets,Payables & Accruals,Short Term Debt,Total Current Liabilities,Long Term Debt,Total Noncurrent Liabilities,Total Liabilities,Share Capital & Additional Paid-In Capital,Treasury Stock,Retained Earnings,Total Equity,Total Liabilities & Equity,Net Income/Starting Line,Depreciation & Amortization,Non-Cash Items,Change in Working Capital,Change in Accounts Receivable,Change in Inventories,Change in Accounts Payable,Change in Other,Net Cash from Operating Activities,Change in Fixed Assets & Intangibles,Net Change in Long Term Investment,Net Cash from Acquisitions & Divestitures,Net Cash from Investing Activities,Dividends Paid,Cash from (Repayment of) Debt,Cash from (Repurchase of) Equity,Net Cash from Financing Activities,Net Change in Cash,Price Date,Open,High,Low,Close,Adj Close,Volume
2009-09-30,386100000.0,-245600000.0,140500000.0,-44600000.0,,,-44600000.0,95900000.0,-40500000.0,-41200000.0,55400000,-12000000.0,43400000,-14800000.0,28600000,,28200000,25400000,108900000.0,159100000.0,104300000.0,503400000.0,4727800000.0,52800000.0,122300000.0,4902900000.0,5406300000,365100000.0,107400000.0,472500000.0,1913800000.0,2629700000.0,3102200000,655900000.0,,1362600000.0,2303900000.0,5406100000,28600000.0,44600000.0,22100000.0,25600000.0,,,,,120900000.0,-65000000.0,,0.0,-80400000.0,-2800000.0,-14400000.0,23300000.0,6100000.0,46600000,2009-09-30,26.81999969482422,27.0,26.21999931335449,26.489999771118164,23.6994571685791,1792900.0
2009-12-31,406800000.0,-304100000.0,102700000.0,-42700000.0,,,-42700000.0,60000000.0,-39300000.0,-45300000.0,20700000,32200000.0,52900000,-17700000.0,35200000,,35000000,32300000,117500000.0,139400000.0,106400000.0,578000000.0,4722400000.0,46800000.0,107100000.0,4876300000.0,5454300000,342700000.0,68100000.0,410800000.0,1911900000.0,2717700000.0,3128500000,662300000.0,,1378800000.0,2325600000.0,5454100000,35200000.0,42700000.0,9900000.0,-3600000.0,,,,,84200000.0,-49700000.0,,0.0,-33600000.0,-2700000.0,-42300000.0,1500000.0,-42000000.0,8600000,2009-12-31,33.93000030517578,33.93000030517578,33.279998779296875,33.290000915527344,29.783123016357425,612500.0
2010-03-31,436300000.0,-282300000.0,154000000.0,-45800000.0,,,-45800000.0,108200000.0,-34900000.0,-44400000.0,73300000,-14900000.0,58400000,-24200000.0,34200000,,35300000,32600000,126100000.0,169000000.0,107600000.0,627800000.0,4757900000.0,53500000.0,109900000.0,4921300000.0,5549100000,381900000.0,64400000.0,446300000.0,1906900000.0,2739100000.0,3185400000,667900000.0,,1411300000.0,2363500000.0,5548900000,34200000.0,45800000.0,31200000.0,300000.0,,,,,111500000.0,-51000000.0,,-25000000.0,-81800000.0,-2700000.0,-10000000.0,500000.0,-21100000.0,8600000,2010-03-31,36.459999084472656,36.709999084472656,35.86999893188477,36.16999816894531,32.35973358154297,784600.0
2010-06-30,461600000.0,-287500000.0,174100000.0,-46900000.0,,,-46900000.0,127200000.0,-37700000.0,-41900000.0,89500000,-32500000.0,57000000,-19600000.0,37400000,,37400000,34600000,84300000.0,176400000.0,106100000.0,589900000.0,4789600000.0,46400000.0,120100000.0,4956100000.0,5546000000,380500000.0,84700000.0,465200000.0,1615300000.0,2462000000.0,2927200000,887600000.0,,1445900000.0,2618600000.0,5545800000,37400000.0,46900000.0,31500000.0,-7000000.0,,,,,108800000.0,-66400000.0,,0.0,-63600000.0,-2800000.0,-283300000.0,215100000.0,-87000000.0,-41800000,2010-06-30,36.959999084472656,37.650001525878906,36.18999862670898,36.349998474121094,32.52075958251953,849300.0
2010-09-30,438300000.0,-276200000.0,162100000.0,-46100000.0,,,-46100000.0,116000000.0,-26600000.0,-36200000.0,89400000,-1900000.0,87500000,-34700000.0,52800000,,52900000,50200000,68800000.0,173900000.0,106100000.0,637400000.0,4821700000.0,46800000.0,123200000.0,4991700000.0,5629100000,419600000.0,22300000.0,441900000.0,1610900000.0,2515700000.0,2957600000,889400000.0,,1496100000.0,2671300000.0,5628900000,52800000.0,46100000.0,5100000.0,35600000.0,,,,,139600000.0,-76700000.0,,0.0,-80300000.0,-2700000.0,-68000000.0,100000.0,-74800000.0,-15500000,2010-09-30,38.40999984741211,38.40999984741211,37.209999084472656,37.40999984741211,33.469112396240234,1371600.0
2010-12-31,478600000.0,-297400000.0,181200000.0,-46100000.0,,,-46100000.0,135100000.0,-29800000.0,-35600000.0,105300000,-19000000.0,86300000,-30700000.0,55600000,,54600000,51800000,85400000.0,160000000.0,101400000.0,576200000.0,4902400000.0,46400000.0,115900000.0,5064700000.0,5640900000,403000000.0,18100000.0,421100000.0,1621600000.0,2506100000.0,2927200000,878200000.0,,1548000000.0,2713500000.0,5640700000,55600000.0,46100000.0,60300000.0,-25600000.0,,,,,136400000.0,-84900000.0,,0.0,-85800000.0,-2800000.0,2300000.0,1300000.0,-34000000.0,16600000,2010-12-31,48.06000137329102,48.31000137329102,47.83000183105469,47.86000061035156,42.818275451660156,387300.0
2011-03-31,488600000.0,-315100000.0,173500000.0,-45700000.0,,,-45700000.0,127800000.0,-27900000.0,-33100000.0,99900000,0.0,99900000,-35800000.0,64100000,,64000000,62600000,101500000.0,180700000.0,107700000.0,604700000.0,4934100000.0,50400000.0,111100000.0,5095600000.0,5700300000,370600000.0,18200000.0,388800000.0,1616600000.0,2532900000.0,2921700000,881500000.0,,1609200000.0,2778600000.0,5700300000,64100000.0,45700000.0,39900000.0,-32600000.0,,,,,117100000.0,-93700000.0,,,-92800000.0,-2800000.0,-5800000.0,400000.0,-8200000.0,16100000,2011-03-31,53.86000061035156,54.52999877929688,53.68000030517578,54.45000076293945,48.71406555175781,1074500.0
2011-06-30,534900000.0,-337800000.0,197100000.0,-45500000.0,,,-45500000.0,151600000.0,-26700000.0,-32400000.0,124900000,-10300000.0,114600000,-42900000.0,71700000,,70800000,70700000,156000000.0,195800000.0,115400000.0,661500000.0,4994100000.0,48800000.0,121300000.0,5164200000.0,5825700000,387600000.0,18200000.0,405800000.0,1614600000.0,2566500000.0,2972300000,882700000.0,,1679900000.0,2853400000.0,5825700000,71700000.0,45500000.0,45800000.0,-11200000.0,,,,,151800000.0,-73200000.0,,,-81300000.0,-100000.0,-3800000.0,800000.0,-16000000.0,54500000,2011-06-30,57.7599983215332,59.5,57.61000061035156,59.33000183105469,53.08000183105469,1669600.0
2011-09-30,544500000.0,-340400000.0,204100000.0,-47900000.0,,,-47900000.0,156200000.0,-34100000.0,-32200000.0,122100000,21700000.0,143800000,-43700000.0,100100000,,99800000,99800000,217100000.0,186900000.0,116000000.0,723700000.0,5159500000.0,55200000.0,127600000.0,5342300000.0,6066000000,400600000.0,36300000.0,436900000.0,1676200000.0,2674200000.0,3111100000,885100000.0,,1779700000.0,2954900000.0,6066000000,100100000.0,47900000.0,28300000.0,19900000.0,,,,,196200000.0,-110300000.0,,,-118100000.0,0.0,-12300000.0,600000.0,-17000000.0,61100000,2011-09-30,51.040000915527344,51.5,49.93000030517578,49.959999084472656,44.69705200195313,1462000.0
2011-12-31,530300000.0,-332800000.0,197500000.0,-47100000.0,,,-47100000.0,150400000.0,-29200000.0,-31400000.0,121200000,-24500000.0,96700000,-700000.0,96000000,,95700000,95600000,72400000.0,166000000.0,109600000.0,642500000.0,5321600000.0,50400000.0,130600000.0,5502600000.0,6145100000,401100000.0,36300000.0,437400000.0,1602800000.0,2649000000.0,3086400000,885300000.0,,1875300000.0,3058700000.0,6145100000,96000000.0,47100000.0,48900000.0,-19100000.0,,,,,172900000.0,-195000000.0,,10000000.0,-218200000.0,-100000.0,-81400000.0,300000.0,-99400000.0,-144700000,2011-12-30,67.86000061035156,68.73000335693361,67.62999725341797,68.01000213623047,60.84561157226562,555900.0
2012-03-31,547500000.0,-341300000.0,206200000.0,-48400000.0,,,-48400000.0,157800000.0,-17400000.0,-27200000.0,140400000,-12900000.0,127500000,-52200000.0,75300000,,75000000,74900000,101800000.0,186600000.0,120900000.0,683900000.0,5388000000.0,57500000.0,124600000.0,5570100000.0,6254000000,400100000.0,46400000.0,446500000.0,1585500000.0,2677300000.0,3123800000,902700000.0,,1928800000.0,3130200000.0,6254000000,75300000.0,48400000.0,43400000.0,-27600000.0,,,,,139500000.0,-96700000.0,,,-101100000.0,-100000.0,-7400000.0,300000.0,-9000000.0,29400000,2012-03-30,71.41999816894531,72.11000061035156,71.0999984741211,71.69000244140625,64.13793182373047,843700.0
2012-06-30,545300000.0,-335800000.0,209500000.0,-48700000.0,,,-48700000.0,160800000.0,-24700000.0,-25300000.0,136100000,37900000.0,174000000,-53100000.0,120900000,,120400000,120400000,105500000.0,184800000.0,117300000.0,627400000.0,5479100000.0,54500000.0,129800000.0,5663400000.0,6290800000,393200000.0,52200000.0,445400000.0,1570700000.0,2613000000.0,3058400000,906100000.0,,2027700000.0,3232400000.0,6290800000,120900000.0,48700000.0,-4600000.0,5600000.0,,,,,170600000.0,-92100000.0,,,-130200000.0,-21500000.0,-12400000.0,600000.0,-36700000.0,3700000,2012-06-29,69.08000183105469,69.56999969482422,68.94000244140625,69.55999755859375,62.59161758422852,935300.0
2012-09-30,577400000.0,-346900000.0,230500000.0,-49800000.0,,,-49800000.0,180700000.0,-16100000.0,-24100000.0,164600000,0.0,164600000,-73900000.0,90700000,,90100000,90000000,187000000.0,200800000.0,123600000.0,682400000.0,5551600000.0,59700000.0,130500000.0,5741800000.0,6424200000,436300000.0,51800000.0,488100000.0,1557000000.0,2622900000.0,3111000000,917600000.0,,2096200000.0,3313200000.0,6424200000,90700000.0,49800000.0,39700000.0,25700000.0,,,,,205900000.0,-95300000.0,,,-96900000.0,-21500000.0,-14300000.0,200000.0,-27500000.0,81500000,2012-09-28,76.44999694824219,76.48999786376953,75.51000213623047,75.77999877929688,68.36222076416016,1135000.0
2012-12-31,568400000.0,-342900000.0,225500000.0,-51900000.0,,,-51900000.0,173600000.0,-21200000.0,-23800000.0,152400000,-2100000.0,150300000,-57800000.0,92500000,,91800000,91800000,72600000.0,183600000.0,125600000.0,522300000.0,5684800000.0,51500000.0,137300000.0,5873600000.0,6395900000,364600000.0,60200000.0,424800000.0,1547600000.0,2570400000.0,2995200000,926400000.0,,2166500000.0,3400700000.0,6395900000,92500000.0,51900000.0,65400000.0,-52600000.0,,,,,157200000.0,-218300000.0,,,-223700000.0,-43000000.0,-12200000.0,800000.0,-47900000.0,-114400000,2012-12-31,81.66999816894531,83.80000305175781,81.55999755859375,83.4800033569336,75.4988784790039,640000.0
2013-03-31,552800000.0,-336800000.0,216000000.0,-53100000.0,,,-53100000.0,162900000.0,-4400000.0,-23700000.0,158500000,0.0,158500000,-54300000.0,104200000,,103800000,103700000,63700000.0,202400000.0,140400000.0,543000000.0,5745700000.0,56600000.0,128200000.0,5930500000.0,6473500000,356900000.0,162500000.0,519400000.0,1431100000.0,2467000000.0,2986400000,931700000.0,,2246600000.0,3487100000.0,6473500000,104200000.0,53100000.0,20300000.0,-52000000.0,,,,,125600000.0,-109800000.0,,,-122800000.0,0.0,-14500000.0,400000.0,-11700000.0,-8900000,2013-03-28,107.62999725341795,112.25,107.33999633789062,110.9000015258789,100.50447845458984,1431300.0
2013-06-30,579300000.0,-345300000.0,234000000.0,-54700000.0,,,-54700000.0,179300000.0,-38000000.0,-19200000.0,141300000,-111400000.0,29900000,-14200000.0,15700000,,15400000,15400000,30000000.0,199600000.0,139100000.0,543700000.0,6063500000.0,38000000.0,84700000.0,6186200000.0,6729900000,356300000.0,48300000.0,404600000.0,1765700000.0,2842000000.0,3246600000,936300000.0,,2238200000.0,3483300000.0,6729900000,15700000.0,54700000.0,158300000.0,-27900000.0,,,,,200800000.0,-151800000.0,,,-321400000.0,-23800000.0,215000000.0,500000.0,86900000.0,-33700000,2013-06-28,107.41999816894531,107.43000030517578,105.45999908447266,105.95999908447266,96.22248840332031,848200.0
2013-09-30,621600000.0,-364100000.0,257500000.0,-57200000.0,,,-57200000.0,200300000.0,-15600000.0,-18300000.0,184700000,-2400000.0,182300000,-63300000.0,119000000,,118400000,118300000,95900000.0,211500000.0,135400000.0,617700000.0,6120400000.0,42600000.0,100300000.0,6263300000.0,6881000000,403000000.0,51800000.0,454800000.0,1728600000.0,2843500000.0,3298300000,940400000.0,,2332900000.0,3582700000.0,6881000000,119000000.0,57200000.0,26200000.0,43700000.0,,,,,246100000.0,-114000000.0,,,-119600000.0,-23800000.0,-33600000.0,0.0,-60600000.0,65900000,2013-09-30,108.7300033569336,109.83999633789062,108.41000366210938,109.36000061035156,99.50798797607422,545300.0
2013-12-31,615600000.0,-361200000.0,254400000.0,-58300000.0,,,-58300000.0,196100000.0,-9800000.0,-19400000.0,186300000,-5400000.0,180900000,-66500000.0,114400000,,113800000,113800000,429500000.0,198300000.0,121300000.0,942400000.0,6356300000.0,41100000.0,95600000.0,6493000000.0,7435400000,398600000.0,332000000.0,730600000.0,1856900000.0,3028200000.0,3758800000,943600000.0,,2422900000.0,3676600000.0,7435400000,114400000.0,58300000.0,25700000.0,27400000.0,,,,,225800000.0,-211000000.0,,,-269500000.0,-23600000.0,408300000.0,600000.0,377300000.0,333600000,2013-12-31,122.87999725341795,123.88999938964844,122.6999969482422,123.83000183105469,112.8706283569336,508200.0
2014-03-31,607400000.0,-355600000.0,251800000.0,-61900000.0,,,-61900000.0,189900000.0,-10400000.0,-18700000.0,179500000,-36500000.0,143000000,-49000000.0,94000000,,93700000,93600000,167500000.0,195600000.0,131800000.0,691700000.0,6540900000.0,40800000.0,87600000.0,6669300000.0,7361000000,374400000.0,199900000.0,574300000.0,1857300000.0,3047400000.0,3621700000,943300000.0,,2485600000.0,3739300000.0,7361000000,94000000.0,61900000.0,29700000.0,-42300000.0,,,,,143300000.0,-96600000.0,,,-239900000.0,-23800000.0,-140600000.0,200000.0,-165400000.0,-262000000,2014-03-31,100.22000122070312,102.54000091552734,99.43000030517578,102.05999755859376,93.29727172851562,1334300.0
2014-06-30,649700000.0,-371600000.0,278100000.0,-63900000.0,,,-63900000.0,214200000.0,-9500000.0,-17900000.0,204700000,-8400000.0,196300000,-66100000.0,130200000,,129800000,129800000,190200000.0,213100000.0,125800000.0,708200000.0,6825800000.0,38900000.0,77800000.0,6942500000.0,7650700000,383200000.0,345800000.0,729000000.0,1852400000.0,3079900000.0,3808900000,946500000.0,,2584500000.0,3841800000.0,7650700000,130200000.0,63900000.0,40700000.0,18200000.0,,,,,253000000.0,-167800000.0,,,-339700000.0,-31000000.0,140600000.0,200000.0,109400000.0,22700000,2014-06-30,106.08000183105469,108.0999984741211,106.06999969482422,107.51000213623048,98.54264068603516,676100.0
2014-09-30,677500000.0,-383100000.0,294400000.0,-65000000.0,,,-65000000.0,229400000.0,-25800000.0,-17900000.0,203600000,0.0,203600000,-65200000.0,138400000,,138100000,138000000,285800000.0,208500000.0,122800000.0,780300000.0,6909400000.0,43300000.0,84000000.0,7036700000.0,7817000000,424100000.0,336800000.0,760900000.0,1846100000.0,3103000000.0,3863900000,950700000.0,,2691600000.0,3953100000.0,7817000000,138400000.0,65000000.0,24700000.0,57400000.0,,,,,285500000.0,-132900000.0,,,-143200000.0,-30900000.0,-16900000.0,900000.0,-46700000.0,95600000,2014-09-30,121.66000366210938,123.9499969482422,121.0999984741211,121.1999969482422,111.36016845703124,887900.0
2014-12-31,642500000.0,-361300000.0,281200000.0,-67300000.0,,,-67300000.0,213900000.0,-43700000.0,-18300000.0,170200000,0.0,170200000,-28500000.0,141700000,,141000000,141000000,348000000.0,181600000.0,111000000.0,718200000.0,7154700000.0,36400000.0,67100000.0,7258200000.0,7976400000,423900000.0,474900000.0,898800000.0,1826500000.0,3013500000.0,3912300000,950900000.0,,2801700000.0,4064100000.0,7976400000,141700000.0,67300000.0,58200000.0,-43000000.0,,,,,224200000.0,-270900000.0,,,-260100000.0,-30900000.0,132500000.0,700000.0,98100000.0,62200000,2014-12-31,123.1500015258789,123.66999816894531,121.83999633789062,122.02999877929688,112.3798370361328,472000.0
2015-03-31,603100000.0,-346800000.0,256300000.0,-68500000.0,,,-68500000.0,187800000.0,-26600000.0,-18600000.0,161200000,-9600000.0,151600000,-50400000.0,101200000,,100800000,100700000,38400000.0,204400000.0,127300000.0,515400000.0,7306000000.0,40100000.0,79100000.0,7425200000.0,7940600000,390300000.0,268100000.0,658400000.0,1833600000.0,3143700000.0,3802100000,961000000.0,,2866000000.0,4138500000.0,7940600000,101200000.0,68500000.0,36300000.0,-43500000.0,,,,,162500000.0,-177100000.0,,,-233800000.0,-31000000.0,-214800000.0,3900000.0,-238300000.0,-309600000,2015-03-31,102.37000274658205,102.61000061035156,101.13999938964844,102.08000183105469,94.27536010742188,1053400.0
2015-06-30,585800000.0,-328200000.0,257600000.0,-70800000.0,,,-70800000.0,186800000.0,-24400000.0,-17700000.0,162400000,0.0,162400000,-50200000.0,112200000,,111800000,111800000,50900000.0,195300000.0,134100000.0,523500000.0,7419100000.0,36600000.0,73100000.0,7528800000.0,8052300000,384100000.0,317100000.0,701200000.0,1828500000.0,3153600000.0,3854800000,963200000.0,,2922600000.0,4197500000.0,8052300000,112200000.0,70800000.0,45500000.0,6500000.0,,,,,235000000.0,-183100000.0,,,-209700000.0,-36500000.0,43500000.0,-20600000.0,-12800000.0,12500000,2015-06-30,91.48999786376952,91.6500015258789,90.33999633789062,91.1999969482422,84.523681640625,1322100.0
2015-09-30,631900000.0,-340600000.0,291300000.0,-71400000.0,,,-71400000.0,219900000.0,-48000000.0,-21900000.0,171900000,0.0,171900000,-40000000.0,131900000,,131600000,131500000,116600000.0,196300000.0,127700000.0,581500000.0,7616500000.0,40000000.0,84500000.0,7741000000.0,8322500000,440100000.0,25300000.0,465400000.0,2319500000.0,3672800000.0,4138200000,959800000.0,,2913300000.0,4184300000.0,8322500000,131900000.0,71400000.0,40400000.0,30000000.0,,,,,273700000.0,-162600000.0,,,-250500000.0,-36500000.0,199300000.0,-115400000.0,42500000.0,65700000,2015-09-30,89.2699966430664,90.9499969482422,89.2699966430664,90.87999725341795,84.5298843383789,1509600.0
2015-12-31,598000000.0,-305200000.0,292800000.0,-73900000.0,,,-73900000.0,218900000.0,-24600000.0,-23700000.0,194300000,-7600000.0,186700000,-46700000.0,140000000,,139300000,139300000,136600000.0,171900000.0,137900000.0,537000000.0,7705400000.0,34700000.0,63900000.0,7804000000.0,8341000000,401500000.0,356100000.0,757600000.0,2045000000.0,3358700000.0,4116300000,948200000.0,,2964700000.0,4224700000.0,8341000000,140000000.0,73900000.0,68500000.0,-44400000.0,,,,,238000000.0,-160600000.0,,-700000.0,-179000000.0,-36100000.0,74800000.0,-57900000.0,-39000000.0,20000000,2015-12-31,73.56999969482422,75.98999786376953,73.52999877929688,74.66999816894531,69.76560974121094,1329700.0
2016-03-31,562700000.0,-300500000.0,262200000.0,-74300000.0,,,-74300000.0,187900000.0,-23000000.0,-23600000.0,164900000,,164900000,-56800000.0,108100000,,107800000,107700000,39200000.0,175400000.0,141100000.0,451500000.0,7757100000.0,38200000.0,69200000.0,7864500000.0,8316000000,350900000.0,329800000.0,680700000.0,2038800000.0,3383200000.0,4063900000,948600000.0,,2991500000.0,4252100000.0,8316000000,108100000.0,74300000.0,-25900000.0,3500000.0,,,,,160000000.0,-120900000.0,,,-136500000.0,-35800000.0,-33900000.0,-51000000.0,-120900000.0,-97400000,2016-03-31,85.7699966430664,86.0199966430664,84.33999633789062,85.44999694824219,80.15455627441406,1146700.0
2016-06-30,568500000.0,-272900000.0,295600000.0,-75700000.0,,,-75700000.0,219900000.0,-46100000.0,-24400000.0,173800000,,173800000,-53300000.0,120500000,,120100000,120100000,293600000.0,176900000.0,141200000.0,723800000.0,7847800000.0,34700000.0,71100000.0,7953600000.0,8677400000,405200000.0,275500000.0,680700000.0,2281800000.0,3665000000.0,4345700000,951400000.0,,3068500000.0,4331700000.0,8677400000,120500000.0,75700000.0,38400000.0,23500000.0,,,,,258100000.0,-135600000.0,,,-146800000.0,-35800000.0,189300000.0,-8000000.0,143100000.0,254400000,2016-06-30,89.51000213623047,90.0999984741211,87.58000183105469,90.08999633789062,84.80864715576172,1428600.0
2016-09-30,604500000.0,-327800000.0,276700000.0,-76900000.0,,,-76900000.0,199800000.0,-41500000.0,-25200000.0,158300000,,158300000,-37300000.0,121000000,,120600000,120500000,293100000.0,193700000.0,146000000.0,769000000.0,7951400000.0,37900000.0,71200000.0,8060500000.0,8829500000,477000000.0,275100000.0,752100000.0,2275700000.0,3691600000.0,4443700000,954900000.0,,3116600000.0,4385800000.0,8829500000,121000000.0,76900000.0,40000000.0,27600000.0,,,,,265500000.0,-145000000.0,,-900000.0,-182700000.0,-35600000.0,-7800000.0,-39900000.0,-83300000.0,-500000,2016-09-30,92.97000122070312,93.62999725341795,92.4499969482422,93.31999969482422,88.1494140625,1128600.0
2016-12-31,598500000.0,-309500000.0,289000000.0,-78100000.0,,,-78100000.0,210900000.0,-45200000.0,-24500000.0,165700000,0.0,165700000,-35400000.0,130300000,,129600000,129600000,170600000.0,191000000.0,152600000.0,648000000.0,8069700000.0,32900000.0,66900000.0,8169500000.0,8817500000,537700000.0,206700000.0,744400000.0,2271500000.0,3668600000.0,4413000000,955900000.0,,3134100000.0,4404500000.0,8817500000,130300000.0,78100000.0,2400000.0,24600000.0,,,,,235400000.0,-157100000.0,,0.0,-162200000.0,-35600000.0,-74500000.0,-85600000.0,-195700000.0,-122500000,2016-12-30,84.30999755859375,85.26000213623047,83.88999938964844,84.8499984741211,80.45687103271484,937300.0
2017-03-31,609500000.0,-319500000.0,290000000.0,-79300000.0,,,-79300000.0,210700000.0,27200000.0,-24700000.0,237900000,,237900000,-91000000.0,146900000,,146600000,146500000,123100000.0,208500000.0,154900000.0,633000000.0,8132500000.0,38000000.0,74700000.0,8245200000.0,8878200000,415800000.0,292400000.0,708200000.0,2263600000.0,3701100000.0,4409300000,956400000.0,,3196900000.0,4468900000.0,8878200000,146900000.0,79300000.0,-62800000.0,-33800000.0,,,,,129600000.0,-155400000.0,,-200000.0,-162400000.0,-35200000.0,76200000.0,-55700000.0,-14700000.0,-47500000,2017-03-31,86.73999786376953,86.94000244140625,85.68000030517578,85.76000213623047,81.6251449584961,1252300.0
2017-06-30,656400000.0,-336700000.0,319700000.0,-80400000.0,,,-80400000.0,239300000.0,-8000000.0,-25000000.0,231300000,,231300000,-96600000.0,134700000,,134400000,134400000,166300000.0,232900000.0,155400000.0,711400000.0,8247300000.0,36200000.0,72700000.0,8356200000.0,9067600000,476300000.0,345000000.0,821300000.0,2243600000.0,3738500000.0,4559800000,955700000.0,,3238000000.0,4507800000.0,9067600000,134700000.0,80400000.0,70600000.0,1600000.0,,,,,287300000.0,-124500000.0,,-6400000.0,-175000000.0,-35100000.0,30700000.0,-64700000.0,-69100000.0,43200000,2017-06-30,103.05999755859376,105.1500015258789,102.6500015258789,104.6500015258789,99.94276428222656,1063700.0
2017-09-30,656600000.0,-340900000.0,315700000.0,-81900000.0,,,-81900000.0,233800000.0,-21900000.0,-25200000.0,211900000,,211900000,-82000000.0,129900000,,129300000,129200000,88400000.0,237200000.0,151200000.0,640500000.0,8335600000.0,51900000.0,72300000.0,8459800000.0,9100300000,528400000.0,396400000.0,924800000.0,2238400000.0,3769100000.0,4693900000,931500000.0,,3160900000.0,4406400000.0,9100300000,129900000.0,81900000.0,33900000.0,71100000.0,,,,,316800000.0,-160400000.0,,-13700000.0,-204600000.0,-34800000.0,44200000.0,-199500000.0,-190100000.0,-77900000,2017-09-29,107.97000122070312,108.8499984741211,107.6500015258789,108.68000030517578,104.1520767211914,515300.0
2017-12-31,660400000.0,-343300000.0,317100000.0,-79300000.0,,,-79300000.0,237800000.0,-44600000.0,-25300000.0,193200000,0.0,193200000,359200000.0,552400000,,551700000,551700000,134100000.0,237800000.0,150800000.0,680100000.0,8403800000.0,44600000.0,70200000.0,8518600000.0,9198700000,587800000.0,383900000.0,971700000.0,2235500000.0,3361600000.0,4333300000,944300000.0,,3611400000.0,4865400000.0,9198700000,552400000.0,79300000.0,-388700000.0,51700000.0,,,,,294700000.0,-136300000.0,,-100000.0,-139100000.0,-37400000.0,-17500000.0,-55000000.0,-109900000.0,45700000,2017-12-29,105.97000122070312,106.43000030517578,105.18000030517578,105.22000122070312,101.1763153076172,795200.0
2018-03-31,638600000.0,-336600000.0,302000000.0,-83300000.0,,,-83300000.0,218700000.0,3000000.0,-25500000.0,221700000,,221700000,-76800000.0,144900000,,144500000,144400000,47000000.0,271200000.0,160800000.0,565900000.0,8430600000.0,46500000.0,85100000.0,8562200000.0,9128100000,445000000.0,378800000.0,823800000.0,2230200000.0,3372900000.0,4196700000,946100000.0,,3670200000.0,4931400000.0,9128100000,144900000.0,83300000.0,-1600000.0,-86000000.0,,,,,140600000.0,-108600000.0,,-200000.0,-124200000.0,-37100000.0,-12800000.0,-53600000.0,-103500000.0,-87100000,2018-03-29,108.05999755859376,110.69000244140624,107.9499969482422,109.8499984741211,105.9794464111328,692200.0
2018-06-30,682400000.0,-350300000.0,332100000.0,-86300000.0,,,-86300000.0,245800000.0,-47500000.0,-28000000.0,198300000,-2200000.0,196100000,-47400000.0,148700000,,148200000,148200000,61100000.0,250000000.0,154000000.0,527800000.0,8595700000.0,45600000.0,94000000.0,8735300000.0,9263100000,430100000.0,10800000.0,440900000.0,2682300000.0,3826000000.0,4266900000,947400000.0,,3731700000.0,4996200000.0,9263100000,148700000.0,86300000.0,24700000.0,25500000.0,,,,,285200000.0,-153000000.0,,-6100000.0,-260000000.0,-37000000.0,88100000.0,-54200000.0,-11100000.0,14100000,2018-06-29,106.26000213623048,107.9000015258789,105.88999938964844,105.95999908447266,102.56881713867188,1065300.0
2018-09-30,699000000.0,-355500000.0,343500000.0,-87500000.0,,,-87500000.0,256000000.0,-18400000.0,-28300000.0,237600000,9400000.0,247000000,-73000000.0,174000000,,173600000,173500000,107100000.0,272000000.0,155200000.0,615900000.0,8644500000.0,46500000.0,102200000.0,8793200000.0,9409100000,455400000.0,10500000.0,465900000.0,2680700000.0,3852400000.0,4318300000,950900000.0,,3818400000.0,5090800000.0,9409100000,174000000.0,87500000.0,16200000.0,2300000.0,,,,,280000000.0,-128000000.0,,-4000000.0,-140800000.0,-36800000.0,-2700000.0,-53700000.0,-93200000.0,46000000,2018-09-28,114.47000122070312,114.5500030517578,112.94000244140624,113.27999877929688,109.9882583618164,1008900.0
2018-12-31,694000000.0,-356499999.0,337500001.0,-89600000.0,,,-89600000.0,247900001.0,-34300000.0,-28200000.0,213600001,8500000.0,222100001,-60300000.0,161800001,,161100001,161100001,100500000.0,301200000.0,160300000.0,635400000.0,8691100000.0,44900000.0,98400000.0,8834400000.0,9469800000,436900000.0,10100000.0,447000000.0,2679300000.0,3890100000.0,4337100000,947600000.0,,3870600000.0,5132700000.0,9469800000,161800000.0,89600000.0,51700000.0,-59000000.0,,,,,244100000.0,-121999999.0,,-8900000.0,-126899999.0,-36600000.0,-2800000.0,-80200000.0,-119600000.0,-6599999,2018-12-31,95.8499984741211,96.38999938964844,94.87999725341795,95.4499969482422,93.02558135986328,613500.0
2019-03-31,674800000.0,-358500000.0,316300000.0,-88500000.0,,,-88500000.0,227800000.0,-21800000.0,-28200000.0,206000000,-68100000.0,137900000,-34700000.0,103200000,,102800000,102700000,92700000.0,277900000.0,166200000.0,654400000.0,8694300000.0,47800000.0,241200000.0,8983300000.0,9637700000,470900000.0,9700000.0,480600000.0,2677600000.0,4007100000.0,4487700000,947100000.0,,3891100000.0,5150000000.0,9637700000,103200000.0,88500000.0,61600000.0,19400000.0,,,,,272700000.0,-177700000.0,,-8400000.0,-189700000.0,-36400000.0,-2700000.0,-50100000.0,-90800000.0,-7800000,2019-03-29,117.06999969482422,118.33000183105469,115.66999816894531,115.9800033569336,113.39847564697266,1572800.0
2019-06-30,714000000.0,-367300000.0,346700000.0,-87700000.0,,,-87700000.0,259000000.0,-19800000.0,-28000000.0,239200000,-51000000.0,188200000,-59100000.0,129100000,,128700000,128700000,47600000.0,296300000.0,154500000.0,609700000.0,8744600000.0,48000000.0,235800000.0,9028400000.0,9638100000,483400000.0,283900000.0,767300000.0,2401400000.0,3719300000.0,4486600000,948100000.0,,3898800000.0,5151500000.0,9638100000,129100000.0,87700000.0,74100000.0,-22400000.0,,,,,268500000.0,-160400000.0,,-6900000.0,-184400000.0,-36200000.0,-2800000.0,-89300000.0,-129200000.0,-45100000,2019-06-28,120.87999725341795,122.41999816894531,120.4000015258789,121.81999969482422,119.47502899169922,976000.0
2019-09-30,747700000.0,-367200000.0,380500000.0,-86500000.0,,,-86500000.0,294000000.0,-27200000.0,-27900000.0,266800000,-12000000.0,254800000,-74200000.0,180600000,,180200000,180100000,61600000.0,273400000.0,161800000.0,613900000.0,8803800000.0,53500000.0,227200000.0,9084500000.0,9698400000,497400000.0,288800000.0,786200000.0,2394800000.0,3715000000.0,4501200000,948300000.0,,3951200000.0,5197200000.0,9698400000,180600000.0,86500000.0,-4300001.0,54800000.0,,,,,317599999.0,-111700000.0,,-11700000.0,-166200000.0,-36000000.0,-2300000.0,-98300000.0,-136600000.0,13999999,2019-09-30,133.10000610351562,133.41000366210938,132.21000671386722,133.00999450683594,130.81210327148438,606800.0
2019-12-31,729500000.0,-367199999.0,362300001.0,-88000000.0,,,-88000000.0,274300001.0,-28000000.0,-31800000.0,246300001,-38800000.0,207500001,-79600000.0,127900001,,127200001,127200001,148800000.0,274200000.0,150600000.0,728600000.0,8806300000.0,47600000.0,204300000.0,9058200000.0,9786800000,473300000.0,18000000.0,491300000.0,3228000000.0,4549600000.0,5040900000,844700000.0,,3601300000.0,4745900000.0,9786800000,127900000.0,88000000.0,28000001.0,1300000.0,,,,,245200001.0,-115300000.0,,-9700000.0,-136000000.0,-35700000.0,570300000.0,-547800000.0,-22300000.0,87200001,2019-12-31,152.9600067138672,153.88999938964844,152.58999633789062,153.16000366210938,151.0201873779297,537500.0
2020-03-31,731700000.0,-347500000.0,384200000.0,-89400000.0,,,-89400000.0,294800000.0,-91300000.0,-34200000.0,203500000,-6000000.0,197500000,-45200000.0,152300000,,151800000,151700000,91000000.0,269800000.0,143600000.0,621900000.0,8924000000.0,45900000.0,173900000.0,9143800000.0,9765700000,453600000.0,17100000.0,470700000.0,3227000000.0,4533000000.0,5003700000,926000000.0,,3532000000.0,4762000000.0,9765700000,152300000.0,89400000.0,76900000.0,-35400000.0,,,,,283200000.0,-95500000.0,,-4300000.0,-188600000.0,-38600000.0,-2400000.0,-107300000.0,-148300000.0,-57799999,2020-03-31,128.05999755859378,130.80999755859378,123.83000183105469,127.18000030517578,125.72967529296876,1960400.0
2020-06-30,547900000.0,-267700000.0,280200000.0,-89300000.0,,,-89300000.0,190900000.0,-29300000.0,-38100000.0,161600000,-10500000.0,151100000,-40800000.0,110300000,,109700000,109700000,620100000.0,222800000.0,131200000.0,1116200000.0,8947400000.0,44000000.0,180500000.0,9171900000.0,10288100000,440600000.0,16300000.0,456900000.0,3765400000.0,5086200000.0,5543100000,923800000.0,,3510700000.0,4745000000.0,10288100000,110300000.0,89300000.0,-6700000.0,49400000.0,,,,,242300000.0,-91200000.0,,-600000.0,-110600000.0,-38300000.0,543200000.0,-99900000.0,398400000.0,529099999,2020-06-30,147.4199981689453,150.02999877929688,146.75,149.2899932861328,147.9684600830078,751100.0
