Report Date,Revenue,Cost of Revenue,Gross Profit,Operating Expenses,"Selling, General & Administrative",Research & Development,Depreciation & Amortization,Operating Income (Loss),Non-Operating Income (Loss),"Interest Expense, Net","Pretax Income (Loss), Adj.",Abnormal Gains (Losses),Pretax Income (Loss),"Income Tax (Expense) Benefit, Net",Income (Loss) from Continuing Operations,Net Extraordinary Gains (Losses),Net Income,Net Income (Common),"Cash, Cash Equivalents & Short Term Investments",Accounts & Notes Receivable,Inventories,Total Current Assets,"Property, Plant & Equipment, Net",Long Term Investments & Receivables,Other Long Term Assets,Total Noncurrent Assets,Total Assets,Payables & Accruals,Short Term Debt,Total Current Liabilities,Long Term Debt,Total Noncurrent Liabilities,Total Liabilities,Share Capital & Additional Paid-In Capital,Treasury Stock,Retained Earnings,Total Equity,Total Liabilities & Equity,Net Income/Starting Line,Depreciation & Amortization,Non-Cash Items,Change in Working Capital,Change in Accounts Receivable,Change in Inventories,Change in Accounts Payable,Change in Other,Net Cash from Operating Activities,Change in Fixed Assets & Intangibles,Net Change in Long Term Investment,Net Cash from Acquisitions & Divestitures,Net Cash from Investing Activities,Dividends Paid,Cash from (Repayment of) Debt,Cash from (Repurchase of) Equity,Net Cash from Financing Activities,Net Change in Cash,Price Date,Open,High,Low,Close,Adj Close,Volume
2015-04-30,1246000000.0,-1093000000.0,153000000.0,-75000000.0,-75000000.0,,,78000000.0,-15000000.0,-14000000.0,63000000,-40000000.0,23000000,0.0,23000000,18000000.0,41000000,41000000,377000000.0,977000000.0,,1651000000.0,308000000.0,,1350000000.0,1658000000.0,3309000000,982000000.0,2000000.0,987000000.0,1156000000.0,1322000000.0,2309000000,1431000000.0,,-419000000.0,1000000000.0,3309000000,23000000.0,12000000.0,45000000.0,-122000000.0,,,,,-42000000.0,-3000000.0,,,-2000000.0,-24000000.0,-29000000.0,-5000000.0,-57000000.0,-82000000,2015-04-30,41.88000106811523,42.11000061035156,41.38999938964844,41.63999938964844,26.950725555419922,379800.0
2015-07-31,1257000000.0,-1113000000.0,144000000.0,-51000000.0,-51000000.0,,,93000000.0,-12000000.0,-14000000.0,81000000,-29000000.0,52000000,-15000000.0,37000000,0.0,37000000,37000000,365000000.0,929000000.0,,1692000000.0,178000000.0,,1341000000.0,1519000000.0,3211000000,989000000.0,2000000.0,993000000.0,1127000000.0,1296000000.0,2289000000,1336000000.0,,-406000000.0,919000000.0,3208000000,37000000.0,12000000.0,37000000.0,65000000.0,,,,,151000000.0,0.0,,0.0,-14000000.0,-24000000.0,-18000000.0,-107000000.0,-149000000.0,-12000000,2015-07-31,40.5,40.88999938964844,40.06999969482422,40.79999923706055,26.61921501159668,413300.0
2015-10-31,1302000000.0,-1138000000.0,164000000.0,-66000000.0,-53000000.0,,,98000000.0,-14000000.0,-14000000.0,84000000,-4000000.0,80000000,-31000000.0,49000000,0.0,49000000,49000000,635000000.0,844000000.0,,1729000000.0,178000000.0,,1395000000.0,1573000000.0,3302000000,1038000000.0,3000000.0,1042000000.0,1142000000.0,1306000000.0,2348000000,1345000000.0,,-380000000.0,954000000.0,3302000000,49000000.0,11000000.0,22000000.0,187000000.0,,,,,269000000.0,-3000000.0,,27000000.0,24000000.0,-23000000.0,-2000000.0,0.0,-23000000.0,270000000,2015-10-30,52.5099983215332,53.75,51.91999816894531,52.56999969482422,34.540679931640625,1056800.0
2016-01-31,907000000.0,-802000000.0,105000000.0,-17000000.0,-22000000.0,,,88000000.0,76000000.0,-7000000.0,164000000,36000000.0,200000000,-66000000.0,134000000,-19000000.0,115000000,115000000,656000000.0,921000000.0,,1793000000.0,142000000.0,,1435000000.0,1577000000.0,3370000000,1037000000.0,2000000.0,1040000000.0,1079000000.0,1262000000.0,2302000000,1353000000.0,,-277000000.0,1068000000.0,3370000000,134000000.0,6000000.0,-117000000.0,-19000000.0,,,,,4000000.0,58000000.0,,0.0,62000000.0,-22000000.0,10000000.0,0.0,-22000000.0,24000000,2016-01-29,45.65999984741211,46.63000106811523,45.04999923706055,46.11999893188477,30.47353744506836,1245200.0
2016-04-30,1312000000.0,-1154000000.0,158000000.0,-60000000.0,-60000000.0,,,98000000.0,-11000000.0,-11000000.0,87000000,-9000000.0,78000000,-25000000.0,53000000,,53000000,53000000,609000000.0,874000000.0,,1803000000.0,136000000.0,,1452000000.0,1588000000.0,3391000000,923000000.0,2000000.0,1005000000.0,1089000000.0,1284000000.0,2289000000,1359000000.0,,-251000000.0,1102000000.0,3391000000,53000000.0,8000000.0,10000000.0,-85000000.0,,,,,-14000000.0,-1000000.0,,,-1000000.0,-23000000.0,-1000000.0,-7000000.0,-31000000.0,-47000000,2016-04-29,49.81000137329102,49.88999938964844,48.81000137329102,49.61000061035156,33.00657272338867,393400.0
2016-07-31,1288000000.0,-1141000000.0,147000000.0,-56000000.0,-56000000.0,,,91000000.0,-15000000.0,-13000000.0,76000000,-16000000.0,60000000,-19000000.0,41000000,,41000000,41000000,670000000.0,924000000.0,,1817000000.0,131000000.0,,1453000000.0,1584000000.0,3401000000,989000000.0,1000000.0,990000000.0,1092000000.0,1287000000.0,2277000000,1358000000.0,,-230000000.0,1124000000.0,3401000000,41000000.0,9000000.0,3000000.0,19000000.0,,,,,72000000.0,-3000000.0,,23000000.0,19000000.0,-23000000.0,-1000000.0,-6000000.0,-30000000.0,61000000,2016-07-29,50.47999954223633,50.90999984741211,49.18000030517578,50.0099983215332,33.493881225585945,2560300.0
2016-10-31,1868000000.0,-1630000000.0,238000000.0,-88000000.0,-88000000.0,,,150000000.0,-26000000.0,-25000000.0,124000000,-49000000.0,75000000,17000000.0,92000000,,91000000,91000000,449000000.0,1677000000.0,,2556000000.0,231000000.0,,6792000000.0,7023000000.0,9579000000,1938000000.0,42000000.0,1980000000.0,3428000000.0,4469000000.0,6449000000,3310000000.0,,-188000000.0,3130000000.0,9579000000,92000000.0,37000000.0,10000000.0,131000000.0,,,,,270000000.0,-13000000.0,,25000000.0,16000000.0,-1041000000.0,590000000.0,18000000.0,-463000000.0,-177000000,2016-10-31,41.38999938964844,41.81999969482422,41.27000045776367,41.56999969482422,38.11133575439453,1128400.0
2017-01-31,2575000000.0,-2178000000.0,397000000.0,-221000000.0,-218000000.0,,,176000000.0,-37000000.0,-37000000.0,139000000,-34000000.0,105000000,-45000000.0,60000000,,59000000,59000000,376000000.0,1657000000.0,,2381000000.0,259000000.0,,6492000000.0,6751000000.0,9132000000,1954000000.0,62000000.0,2016000000.0,3225000000.0,3969000000.0,5985000000,3316000000.0,,-177000000.0,3147000000.0,9132000000,60000000.0,68000000.0,16000000.0,-23000000.0,,,,,121000000.0,-9000000.0,,0.0,-8000000.0,-48000000.0,-175000000.0,-4000000.0,-227000000.0,-114000000,2017-01-31,48.52999877929688,48.86000061035156,48.09000015258789,48.31999969482422,44.58335876464844,934100.0
2017-04-30,2580000000.0,-2233000000.0,347000000.0,-181000000.0,-181000000.0,,,166000000.0,-26000000.0,-36000000.0,140000000,-32000000.0,108000000,-34000000.0,74000000,,72000000,72000000,206000000.0,1841000000.0,,2395000000.0,238000000.0,,6507000000.0,6745000000.0,9140000000,1899000000.0,84000000.0,1983000000.0,3188000000.0,3969000000.0,5952000000,3323000000.0,,-154000000.0,3188000000.0,9140000000,74000000.0,82000000.0,13000000.0,-240000000.0,,,,,-71000000.0,-7000000.0,,0.0,-5000000.0,-50000000.0,-22000000.0,-5000000.0,-78000000.0,-154000000,2017-04-28,53.27999877929688,53.27999877929688,52.61000061035156,52.65999984741211,48.88395309448242,1206100.0
2017-07-31,2571000000.0,-2190000000.0,381000000.0,-186000000.0,-186000000.0,,,195000000.0,-38000000.0,-34000000.0,157000000,-22000000.0,135000000,-37000000.0,98000000,,98000000,98000000,262000000.0,1832000000.0,,2434000000.0,215000000.0,,6233000000.0,6448000000.0,8882000000,1826000000.0,84000000.0,1910000000.0,3147000000.0,3731000000.0,5641000000,3321000000.0,,-105000000.0,3241000000.0,8882000000,98000000.0,80000000.0,35000000.0,-47000000.0,,,,,166000000.0,-9000000.0,,0.0,-9000000.0,-52000000.0,-47000000.0,-13000000.0,-112000000.0,45000000,2017-07-31,53.5,53.59000015258789,52.959999084472656,53.43999862670898,49.89508056640625,715100.0
2017-10-31,2503000000.0,-2136000000.0,367000000.0,-194000000.0,-194000000.0,,,173000000.0,-30000000.0,-35000000.0,143000000,-27000000.0,116000000,-37000000.0,79000000,,82000000,82000000,287000000.0,1797000000.0,,2571000000.0,212000000.0,,6140000000.0,6352000000.0,8923000000,1957000000.0,64000000.0,2021000000.0,3043000000.0,3595000000.0,5616000000,3335000000.0,,-72000000.0,3307000000.0,8923000000,79000000.0,92000000.0,18000000.0,78000000.0,,,,,267000000.0,-19000000.0,,0.0,-19000000.0,-48000000.0,-125000000.0,2000000.0,-174000000.0,74000000,2017-10-31,61.93000030517578,62.66999816894531,61.93000030517578,62.52000045776367,58.70626449584961,1071700.0
2018-01-31,2516000000.0,-2179000000.0,337000000.0,-186000000.0,-176000000.0,,,151000000.0,-59000000.0,-35000000.0,92000000,-58000000.0,34000000,79000000.0,113000000,,114000000,114000000,390000000.0,1831000000.0,,2674000000.0,232000000.0,,6084000000.0,6316000000.0,8990000000,2147000000.0,55000000.0,2202000000.0,3056000000.0,3405000000.0,5607000000,3344000000.0,,-7000000.0,3383000000.0,8990000000,113000000.0,82000000.0,55000000.0,-86000000.0,,,,,164000000.0,-38000000.0,,0.0,-38000000.0,-48000000.0,-15000000.0,-2000000.0,-65000000.0,61000000,2018-01-31,66.98999786376953,67.79000091552734,66.47000122070311,66.59999847412111,62.8522834777832,746200.0
2018-04-30,2443000000.0,-2086000000.0,357000000.0,-178000000.0,-178000000.0,,,179000000.0,-30000000.0,-34000000.0,149000000,-24000000.0,125000000,-23000000.0,102000000,,102000000,102000000,215000000.0,1914000000.0,,2635000000.0,227000000.0,,6051000000.0,6278000000.0,8913000000,2022000000.0,81000000.0,2103000000.0,3007000000.0,3376000000.0,5479000000,3338000000.0,,37000000.0,3434000000.0,8913000000,102000000.0,63000000.0,25000000.0,-168000000.0,,,,,22000000.0,-15000000.0,,-81000000.0,-96000000.0,-52000000.0,-17000000.0,-18000000.0,-91000000.0,-165000000,2018-04-30,65.91999816894531,66.02999877929689,64.23000335693361,64.23000335693361,60.8968505859375,962500.0
2018-07-31,2529000000.0,-2152000000.0,377000000.0,-174000000.0,-174000000.0,,,203000000.0,-30000000.0,-35000000.0,173000000,-8000000.0,165000000,-20000000.0,145000000,,144000000,144000000,303000000.0,1779000000.0,,2639000000.0,221000000.0,,5910000000.0,6131000000.0,8770000000,1922000000.0,71000000.0,2015000000.0,2990000000.0,3337000000.0,5352000000,3260000000.0,,133000000.0,3418000000.0,8770000000,145000000.0,66000000.0,15000000.0,45000000.0,,,,,271000000.0,-13000000.0,,0.0,-13000000.0,-51000000.0,-27000000.0,-90000000.0,-192000000.0,66000000,2018-07-31,67.83000183105469,68.59999847412111,67.34999847412111,68.41999816894531,65.207275390625,1047500.0
2018-10-31,2575000000.0,-2174000000.0,401000000.0,-195000000.0,-195000000.0,,,206000000.0,-29000000.0,-35000000.0,177000000,-7000000.0,170000000,-23000000.0,147000000,,147000000,147000000,515000000.0,1812000000.0,,2881000000.0,230000000.0,,5797000000.0,6027000000.0,8908000000,2013000000.0,56000000.0,2093000000.0,2985000000.0,3358000000.0,5451000000,3210000000.0,,231000000.0,3457000000.0,8908000000,147000000.0,64000000.0,17000000.0,143000000.0,,,,,371000000.0,-25000000.0,,0.0,15000000.0,-48000000.0,-15000000.0,-61000000.0,-134000000.0,252000000,2018-10-31,63.72999954223633,65.33999633789061,63.65999984741211,64.77999877929689,62.01818084716797,1102600.0
2019-01-31,2647000000.0,-2278000000.0,369000000.0,-182000000.0,-182000000.0,,,187000000.0,-32000000.0,-34000000.0,155000000,-5000000.0,150000000,38000000.0,188000000,,188000000,188000000,327000000.0,1877000000.0,,2839000000.0,237000000.0,,5694000000.0,5931000000.0,8770000000,1964000000.0,72000000.0,2059000000.0,3052000000.0,3400000000.0,5459000000,2966000000.0,,372000000.0,3311000000.0,8770000000,188000000.0,64000000.0,12000000.0,-160000000.0,,,,,104000000.0,-20000000.0,,0.0,-20000000.0,-47000000.0,0.0,-255000000.0,-290000000.0,-206000000,2019-01-31,58.02999877929688,58.52999877929688,57.75,58.0,55.832969665527344,1161800.0
2019-04-30,2577000000.0,-2221000000.0,356000000.0,-166000000.0,-166000000.0,,,190000000.0,58000000.0,-38000000.0,248000000,-2000000.0,246000000,-57000000.0,189000000,,189000000,189000000,536000000.0,1894000000.0,,2860000000.0,220000000.0,,6280000000.0,6500000000.0,9360000000,2256000000.0,66000000.0,2322000000.0,2966000000.0,3741000000.0,6063000000,2767000000.0,,562000000.0,3297000000.0,9360000000,189000000.0,58000000.0,-73000000.0,114000000.0,,,,,288000000.0,66000000.0,,171000000.0,237000000.0,-54000000.0,-31000000.0,-212000000.0,-297000000.0,228000000,2019-04-30,67.65000152587889,73.69000244140625,67.59999847412111,73.4800033569336,71.09371948242188,3289300.0
2019-07-31,2728000000.0,-2348000000.0,380000000.0,-175000000.0,-175000000.0,,,205000000.0,-25000000.0,-33000000.0,180000000,-1000000.0,179000000,-41000000.0,138000000,,136000000,136000000,660000000.0,1842000000.0,,2914000000.0,216000000.0,,6197000000.0,6413000000.0,9327000000,2181000000.0,65000000.0,2246000000.0,2954000000.0,3719000000.0,5965000000,2780000000.0,,652000000.0,3362000000.0,9327000000,138000000.0,57000000.0,14000000.0,-23000000.0,,,,,186000000.0,-16000000.0,,0.0,-16000000.0,-47000000.0,-17000000.0,0.0,-64000000.0,106000000,2019-07-31,84.38999938964844,84.76000213623047,81.16000366210938,82.0999984741211,79.75582122802734,1715900.0
2019-10-31,2835000000.0,-2450000000.0,385000000.0,-142000000.0,-177000000.0,,,243000000.0,-29000000.0,-28000000.0,214000000,0.0,214000000,-52000000.0,162000000,,161000000,161000000,635000000.0,1775000000.0,,2924000000.0,228000000.0,,6258000000.0,6486000000.0,9410000000,2450000000.0,77000000.0,2527000000.0,2939000000.0,3633000000.0,6160000000,2590000000.0,,764000000.0,3250000000.0,9410000000,162000000.0,59000000.0,32000000.0,96000000.0,,,,,349000000.0,-21000000.0,,-82000000.0,-102000000.0,0.0,-2000000.0,-202000000.0,-204000000.0,43000000,2019-10-31,86.81999969482422,87.94999694824219,86.12000274658203,86.2300033569336,84.09903717041016,1186900.0
2020-01-31,2954000000.0,-2527000000.0,427000000.0,-166000000.0,-171000000.0,,,261000000.0,-32000000.0,-34000000.0,229000000,-2000000.0,227000000,-46000000.0,181000000,,181000000,181000000,668000000.0,1734000000.0,,2812000000.0,287000000.0,,6268000000.0,6555000000.0,9367000000,2272000000.0,61000000.0,2333000000.0,2925000000.0,3617000000.0,5950000000,2587000000.0,,896000000.0,3417000000.0,9367000000,181000000.0,60000000.0,24000000.0,-96000000.0,,,,,169000000.0,-54000000.0,,-5000000.0,-54000000.0,-97000000.0,-30000000.0,-17000000.0,-144000000.0,-29000000,2020-01-31,102.56999969482422,102.73999786376952,100.37999725341795,100.47000122070312,98.35383605957031,900800.0
2020-04-30,2889000000.0,-2494000000.0,395000000.0,-197000000.0,-197000000.0,,,198000000.0,-56000000.0,-48000000.0,142000000,-12000000.0,130000000,-15000000.0,115000000,,115000000,115000000,445000000.0,1793000000.0,,2868000000.0,490000000.0,,7630000000.0,8120000000.0,10988000000,2497000000.0,1793000000.0,4290000000.0,2444000000.0,3339000000.0,7629000000,2579000000.0,,961000000.0,3359000000.0,10988000000,115000000.0,61000000.0,45000000.0,151000000.0,,,,,372000000.0,-44000000.0,,-1642000000.0,-1685000000.0,-51000000.0,1248000000.0,-24000000.0,1161000000.0,-152000000,2020-04-30,101.81999969482422,101.81999969482422,98.5500030517578,98.80999755859376,97.1136245727539,1063500.0
2020-07-31,2914000000.0,-2531000000.0,383000000.0,-114000000.0,-195000000.0,,,269000000.0,-50000000.0,-41000000.0,219000000,-27000000.0,192000000,-38000000.0,154000000,,153000000,153000000,588000000.0,1789000000.0,294000000.0,3052000000.0,569000000.0,,8522000000.0,9091000000.0,12143000000,2575000000.0,854000000.0,3429000000.0,4148000000.0,5167000000.0,8596000000,2600000000.0,,1065000000.0,3547000000.0,12143000000,154000000.0,71000000.0,37000000.0,160000000.0,,,,,422000000.0,-46000000.0,,-968000000.0,-1014000000.0,-48000000.0,774000000.0,6000000.0,709000000.0,117000000,2020-07-31,92.37000274658205,95.19000244140624,91.5199966430664,95.16000366210938,93.84418487548828,1120500.0
