Report Date,Revenue,Cost of Revenue,Gross Profit,Operating Expenses,"Selling, General & Administrative",Research & Development,Depreciation & Amortization,Operating Income (Loss),Non-Operating Income (Loss),"Interest Expense, Net","Pretax Income (Loss), Adj.",Abnormal Gains (Losses),Pretax Income (Loss),"Income Tax (Expense) Benefit, Net",Income (Loss) from Continuing Operations,Net Extraordinary Gains (Losses),Net Income,Net Income (Common),"Cash, Cash Equivalents & Short Term Investments",Accounts & Notes Receivable,Inventories,Total Current Assets,"Property, Plant & Equipment, Net",Long Term Investments & Receivables,Other Long Term Assets,Total Noncurrent Assets,Total Assets,Payables & Accruals,Short Term Debt,Total Current Liabilities,Long Term Debt,Total Noncurrent Liabilities,Total Liabilities,Share Capital & Additional Paid-In Capital,Treasury Stock,Retained Earnings,Total Equity,Total Liabilities & Equity,Net Income/Starting Line,Depreciation & Amortization,Non-Cash Items,Change in Working Capital,Change in Accounts Receivable,Change in Inventories,Change in Accounts Payable,Change in Other,Net Cash from Operating Activities,Change in Fixed Assets & Intangibles,Net Change in Long Term Investment,Net Cash from Acquisitions & Divestitures,Net Cash from Investing Activities,Dividends Paid,Cash from (Repayment of) Debt,Cash from (Repurchase of) Equity,Net Cash from Financing Activities,Net Change in Cash,Price Date,Open,High,Low,Close,Adj Close,Volume
2010-06-30,874300000.0,-694600000.0,179700000.0,-94600000.0,-88800000.0,,-4900000.0,85100000.0,-8000000.0,-8000000.0,77100000,,77100000,-23500000.0,53600000,500000.0,52700000,52700000,243500000.0,537200000.0,451500000.0,1307000000.0,624600000.0,,1147700000.0,1772300000.0,3079300000,481500000.0,10000000.0,571600000.0,854800000.0,1019400000.0,1591000000,473400000.0,-1083200000.0,2032300000.0,1488300000.0,3079300000,54100000.0,29300000.0,13800000.0,-30400000.0,,,,,66800000.0,-16500000.0,,800000.0,-14800000.0,-38500000.0,27000000.0,-39800000.0,-50400000.0,-3700000,2010-06-30,20.40999984741211,20.6200008392334,19.989999771118164,20.059999465942386,13.30656909942627,2313000.0
2010-09-30,866500000.0,-697800000.0,168700000.0,-93100000.0,-87600000.0,,-4900000.0,75600000.0,-7600000.0,-7600000.0,68000000,,68000000,-18100000.0,49900000,-600000.0,47400000,47400000,276700000.0,546600000.0,448900000.0,1308400000.0,621300000.0,,1149600000.0,1770900000.0,3079300000,446700000.0,9800000.0,549900000.0,833500000.0,1013900000.0,1563800000,474800000.0,-1085800000.0,2039100000.0,1515500000.0,3079300000,49300000.0,30000000.0,31800000.0,-20600000.0,,,,,90500000.0,-18600000.0,,16400000.0,0.0,-38200000.0,-13200000.0,-8900000.0,-61300000.0,33200000,2010-09-30,23.040000915527344,23.32999992370605,22.670000076293945,22.76000022888184,15.29058837890625,1687500.0
2010-12-31,801900000.0,-660400000.0,141500000.0,-91400000.0,-85600000.0,,-5000000.0,50100000.0,-8700000.0,-8700000.0,41400000,,41400000,-8800000.0,32600000,-100000.0,31400000,31400000,244500000.0,478900000.0,435300000.0,1219100000.0,624200000.0,,1157700000.0,1781900000.0,3001000000,435900000.0,2200000.0,523000000.0,762200000.0,953600000.0,1476600000,465200000.0,-1093000000.0,2033300000.0,1524400000.0,3001000000,32500000.0,31600000.0,16600000.0,73400000.0,,,,,154100000.0,-19100000.0,,-2800000.0,-46000000.0,-39500000.0,-75100000.0,-25600000.0,-147000000.0,-32200000,2010-12-31,22.959999084472656,23.1200008392334,22.71999931335449,22.76000022888184,15.479016304016113,843000.0
2011-03-31,895800000.0,-725800000.0,170000000.0,-95800000.0,-95800000.0,,-4800000.0,74200000.0,-8000000.0,-8000000.0,66200000,,66200000,-19900000.0,46300000,,45000000,45000000,195400000.0,575600000.0,462200000.0,1290400000.0,616100000.0,,1160400000.0,1776500000.0,3066900000,508700000.0,2200000.0,585700000.0,821900000.0,1023400000.0,1609100000,457800000.0,-1180900000.0,2038100000.0,1457800000.0,3066900000,46300000.0,30100000.0,16900000.0,-46500000.0,,,,,46800000.0,-16700000.0,,16500000.0,-900000.0,-39700000.0,45700000.0,-109700000.0,-98200000.0,-49100000,2011-03-31,24.51000022888184,24.68000030517578,24.399999618530273,24.5,16.856801986694336,1353800.0
2011-06-30,945200000.0,-763300000.0,181900000.0,-102800000.0,-98100000.0,,-4900000.0,79100000.0,-7100000.0,-7100000.0,72000000,,72000000,-16500000.0,55500000,,54700000,54700000,203300000.0,567900000.0,507100000.0,1317900000.0,618000000.0,,1158800000.0,1776800000.0,3094700000,497400000.0,2200000.0,577800000.0,856600000.0,1062200000.0,1640000000,460600000.0,-1214500000.0,2053700000.0,1454700000.0,3094700000,55500000.0,30200000.0,14000000.0,-45500000.0,,,,,54200000.0,-21100000.0,,-2600000.0,-2100000.0,-39100000.0,38400000.0,-47400000.0,-47800000.0,7900000,2011-06-30,24.10000038146973,24.420000076293945,23.940000534057614,24.3799991607666,16.9710693359375,1792800.0
2011-09-30,940900000.0,-770500000.0,170400000.0,-98800000.0,-93900000.0,,-4700000.0,71600000.0,-8200000.0,-8200000.0,63400000,,63400000,-18100000.0,45300000,0.0,44900000,44900000,218800000.0,576700000.0,456500000.0,1291300000.0,600900000.0,,1130100000.0,1731000000.0,3022300000,493100000.0,2100000.0,604000000.0,897300000.0,1080200000.0,1684200000,454300000.0,-1261300000.0,2058800000.0,1338100000.0,3022300000,45300000.0,27900000.0,5700000.0,22100000.0,,,,,101000000.0,-18900000.0,,-200000.0,-19700000.0,-38200000.0,41100000.0,-50500000.0,-61200000.0,15500000,2011-09-30,20.309999465942386,20.350000381469727,19.790000915527344,19.790000915527344,13.965213775634766,1951000.0
2011-12-31,837000000.0,-690800000.0,146200000.0,-105800000.0,-90200000.0,,-3300000.0,40400000.0,-8300000.0,-8300000.0,32100000,0.0,32100000,-5400000.0,26700000,-17400000.0,8700000,8700000,236300000.0,503600000.0,441000000.0,1224000000.0,580600000.0,,1110500000.0,1691100000.0,2915100000,466200000.0,2500000.0,586000000.0,833300000.0,1021400000.0,1607400000,458900000.0,-1254300000.0,2027400000.0,1307700000.0,2915100000,9300000.0,28700000.0,32800000.0,56100000.0,,,,,126900000.0,-18300000.0,,6500000.0,-13900000.0,-38900000.0,-60100000.0,2800000.0,-96400000.0,17500000,2011-12-30,23.71999931335449,23.75,23.03000068664551,23.040000915527344,16.45883560180664,1432700.0
2012-03-31,946800000.0,-768500000.0,178300000.0,-103700000.0,-97900000.0,,-6200000.0,74600000.0,-7800000.0,-7800000.0,66800000,,66800000,-22300000.0,44500000,,44000000,44000000,261200000.0,571600000.0,473300000.0,1350200000.0,592400000.0,,1270100000.0,1862500000.0,3212700000,516700000.0,2500000.0,626100000.0,1046800000.0,1243400000.0,1869500000,455500000.0,-1239500000.0,2031100000.0,1343200000.0,3212700000,44500000.0,29000000.0,18400000.0,-26800000.0,,,,,65100000.0,-17600000.0,,-184600000.0,-206800000.0,-39000000.0,204200000.0,-2500000.0,163700000.0,24900000,2012-03-30,23.07999992370605,23.170000076293945,22.82999992370605,23.01000022888184,16.64168357849121,1033900.0
2012-06-30,934600000.0,-747900000.0,186700000.0,-99900000.0,-91800000.0,,-6400000.0,86800000.0,-8000000.0,-8000000.0,78800000,,78800000,-21500000.0,57300000,8100000.0,64900000,64900000,254500000.0,557600000.0,517600000.0,1383400000.0,581100000.0,,1258900000.0,1840000000.0,3223400000,543500000.0,201900000.0,864100000.0,821000000.0,1012300000.0,1876400000,457200000.0,-1232600000.0,2055600000.0,1347000000.0,3223400000,65400000.0,28700000.0,7000000.0,-19900000.0,,,,,81200000.0,-19700000.0,,2200000.0,-18700000.0,-39200000.0,-24500000.0,-300000.0,-63700000.0,-6700000,2012-06-29,20.770000457763672,21.1299991607666,20.6299991607666,21.1299991607666,15.489712715148926,2928500.0
2012-09-30,978100000.0,-773200000.0,204900000.0,-100000000.0,-94100000.0,,-6500000.0,104900000.0,-9700000.0,-9700000.0,95200000,,95200000,-28600000.0,66600000,0.0,65800000,65800000,264900000.0,589700000.0,471200000.0,1378700000.0,575400000.0,,1291800000.0,1867200000.0,3245900000,526000000.0,201800000.0,795700000.0,860200000.0,1049400000.0,1845100000,458000000.0,-1224100000.0,2079400000.0,1400800000.0,3245900000,66600000.0,31500000.0,5000000.0,-8400000.0,,,,,94700000.0,-16200000.0,,1400000.0,-37800000.0,-39300000.0,31700000.0,1500000.0,-50500000.0,10400000,2012-09-28,24.68000030517578,25.1200008392334,24.54999923706055,25.04999923706055,18.58257484436035,1933000.0
2012-12-31,555000000.0,-429300000.0,125700000.0,-67600000.0,-64300000.0,,-6000000.0,58100000.0,-11400000.0,-11400000.0,46700000,0.0,46700000,16700000.0,63400000,10600000.0,73500000,73500000,359100000.0,446200000.0,489000000.0,1339100000.0,572800000.0,,1343000000.0,1915800000.0,3254900000,505900000.0,201500000.0,731000000.0,853900000.0,1081700000.0,1812700000,460600000.0,-1206700000.0,2109600000.0,1442200000.0,3254900000,74000000.0,29800000.0,-7600000.0,112500000.0,,,,,208700000.0,-17500000.0,,-14800000.0,-30700000.0,-82000000.0,-9800000.0,6900000.0,-86100000.0,94200000,2012-12-31,26.34000015258789,27.32999992370605,26.26000022888184,27.21999931335449,20.41017723083496,1436700.0
2013-03-31,932700000.0,-743800000.0,188900000.0,-109500000.0,-107200000.0,,-5700000.0,79400000.0,-10100000.0,-10100000.0,69300000,,69300000,-19900000.0,49400000,100000.0,49100000,49100000,449400000.0,528600000.0,502500000.0,1524700000.0,566800000.0,,1336400000.0,1903200000.0,3427900000,527800000.0,201400000.0,792600000.0,953800000.0,1195400000.0,1988000000,462600000.0,-1204900000.0,2117200000.0,1439900000.0,3427900000,49500000.0,29300000.0,17100000.0,-71900000.0,,,,,24000000.0,-19800000.0,,1800000.0,-21200000.0,0.0,98200000.0,-13200000.0,90000000.0,90300000,2013-03-28,33.27000045776367,33.799999237060554,33.27000045776367,33.779998779296875,25.55691719055176,1074800.0
2013-06-30,958800000.0,-759700000.0,199100000.0,-100600000.0,-98800000.0,,-5400000.0,98500000.0,-9100000.0,-9100000.0,89400000,0.0,89400000,-24300000.0,65100000,6800000.0,71300000,71300000,280300000.0,553000000.0,510400000.0,1387200000.0,562100000.0,,1329400000.0,1891500000.0,3278700000,552000000.0,1800000.0,630700000.0,973900000.0,1214300000.0,1845000000,470100000.0,-1238300000.0,2146300000.0,1433700000.0,3278700000,71900000.0,29800000.0,22500000.0,-25000000.0,,,,,99200000.0,-22100000.0,,2500000.0,-20800000.0,-41400000.0,-171500000.0,-36500000.0,-248500000.0,-169100000,2013-06-28,31.149999618530273,31.36000061035156,30.770000457763672,31.09000015258789,23.73774719238281,813600.0
2013-09-30,877600000.0,-698000000.0,179600000.0,-80200000.0,-85400000.0,,-5300000.0,99400000.0,-8900000.0,-8900000.0,90500000,,90500000,-24000000.0,66500000,5500000.0,71300000,71300000,298900000.0,574700000.0,488900000.0,1407900000.0,579900000.0,,1317300000.0,1897200000.0,3305100000,553000000.0,1100000.0,638800000.0,957500000.0,1202600000.0,1841400000,475400000.0,-1263900000.0,2174000000.0,1463700000.0,3305100000,72000000.0,29200000.0,-6900000.0,21300000.0,,,,,115600000.0,-18100000.0,,-14000000.0,-11900000.0,-41200000.0,-18700000.0,-28400000.0,-89200000.0,18600000,2013-09-30,30.020000457763672,30.29999923706055,29.95000076293945,30.149999618530273,23.250551223754886,867700.0
2013-12-31,708100000.0,-565800000.0,142300000.0,-82000000.0,-76500000.0,,-9000000.0,60300000.0,-8900000.0,-8900000.0,51400000,-63000000.0,-11600000,16900000.0,5300000,1000000.0,5600000,5600000,272700000.0,467400000.0,495900000.0,1281700000.0,574600000.0,,1251800000.0,1826400000.0,3108100000,569000000.0,181100000.0,829500000.0,688400000.0,879400000.0,1708900000,481100000.0,-1320700000.0,2136400000.0,1399200000.0,3108100000,6300000.0,34300000.0,35500000.0,102000000.0,,,,,178100000.0,-20600000.0,,700000.0,-21400000.0,-42300000.0,-88400000.0,-54400000.0,-186600000.0,-26200000,2013-12-31,31.149999618530273,31.20000076293945,30.8700008392334,30.940000534057614,24.10373687744141,642400.0
2014-03-31,875500000.0,-698700000.0,176800000.0,-91000000.0,-92100000.0,,-4800000.0,85800000.0,-9000000.0,-9000000.0,76800000,0.0,76800000,-20800000.0,56000000,-2300000.0,53100000,53100000,268600000.0,573900000.0,519500000.0,1409800000.0,564300000.0,,1247400000.0,1811700000.0,3221500000,574100000.0,181400000.0,834000000.0,811000000.0,1016600000.0,1850600000,476700000.0,-1341000000.0,2146800000.0,1370900000.0,3221500000,53700000.0,28900000.0,21400000.0,-123700000.0,,,,,-19700000.0,-15100000.0,,6500000.0,-14300000.0,-42000000.0,120400000.0,-45700000.0,33600000.0,-4100000,2014-03-31,32.36999893188477,32.75,32.290000915527344,32.639999389648445,25.66822624206543,660300.0
2014-06-30,956100000.0,-755400000.0,200700000.0,-98500000.0,-94100000.0,,-4800000.0,102200000.0,-9000000.0,-9000000.0,93200000,0.0,93200000,-23600000.0,69600000,-92700000.0,-23900000,-23900000,304200000.0,603400000.0,527100000.0,1489500000.0,582600000.0,,1171300000.0,1753900000.0,3243400000,599900000.0,181300000.0,864800000.0,926000000.0,1116200000.0,1981000000,486300000.0,-1406400000.0,2080500000.0,1262400000.0,3243400000,-23100000.0,29500000.0,99300000.0,-2600000.0,,,,,103100000.0,-23300000.0,,-47900000.0,-80100000.0,-41700000.0,117300000.0,-63600000.0,12700000.0,35600000,2014-06-30,34.060001373291016,34.299999237060554,33.900001525878906,34.279998779296875,27.197553634643555,620800.0
2014-09-30,997400000.0,-788300000.0,209100000.0,-133700000.0,-131400000.0,,-4900000.0,75400000.0,-8900000.0,-8900000.0,66500000,0.0,66500000,-13100000.0,53400000,-4400000.0,48200000,48200000,242900000.0,584400000.0,476500000.0,1435000000.0,546600000.0,,1203100000.0,1749700000.0,3184700000,654900000.0,381600000.0,1144400000.0,619200000.0,811700000.0,1956100000,480000000.0,-1407100000.0,2084800000.0,1228600000.0,3184700000,49000000.0,29200000.0,-13100000.0,67200000.0,,,,,132300000.0,-24600000.0,,-16800000.0,-42600000.0,-41200000.0,-104900000.0,-3200000.0,-146600000.0,-61300000,2014-09-30,35.439998626708984,35.58000183105469,34.919998168945305,34.919998168945305,27.94953346252441,1050400.0
2014-12-31,953300000.0,-749500000.0,203800000.0,-135700000.0,-132000000.0,,-5200000.0,68100000.0,-9100000.0,-9100000.0,59000000,0.0,59000000,-12800000.0,46200000,-24600000.0,20600000,20600000,332800000.0,523300000.0,481400000.0,1429300000.0,548800000.0,,1162500000.0,1711300000.0,3140600000,707400000.0,201700000.0,992200000.0,766700000.0,993500000.0,1985700000,504400000.0,-1416600000.0,2061300000.0,1154900000.0,3140600000,21600000.0,30300000.0,1600000.0,112700000.0,,,,,166200000.0,-31100000.0,,64300000.0,34300000.0,-42600000.0,-45800000.0,-15400000.0,-103300000.0,89900000,2014-12-31,42.86999893188477,43.11000061035156,42.59000015258789,42.61000061035156,34.361438751220696,892400.0
2015-03-31,966200000.0,-748400000.0,217800000.0,-102000000.0,-97500000.0,,-5200000.0,115800000.0,-9700000.0,-9700000.0,106100000,-4100000.0,102000000,-28700000.0,73300000,-500000.0,71700000,71700000,262200000.0,532000000.0,506200000.0,1409300000.0,533200000.0,,1160700000.0,1693900000.0,3103200000,662100000.0,202200000.0,953100000.0,798000000.0,1033700000.0,1986800000,508800000.0,-1450100000.0,2089000000.0,1116400000.0,3103200000,72800000.0,29600000.0,24000000.0,-94300000.0,,,,,32100000.0,-21700000.0,,-5900000.0,-32400000.0,-42700000.0,30700000.0,-60400000.0,-62800000.0,-70600000,2015-03-31,45.86999893188477,46.4900016784668,45.75,46.09000015258789,37.428688049316406,742000.0
2015-06-30,997300000.0,-766600000.0,230700000.0,-112400000.0,-106600000.0,,-5200000.0,118300000.0,-10200000.0,-10200000.0,108100000,900000.0,109000000,-32300000.0,76700000,1800000.0,77700000,77700000,275100000.0,549600000.0,510800000.0,1436200000.0,538600000.0,,1168900000.0,1707500000.0,3143700000,674700000.0,201700000.0,964000000.0,831700000.0,1069700000.0,2033700000,515800000.0,-1502900000.0,2123000000.0,1110000000.0,3143700000,78500000.0,26900000.0,11600000.0,-22200000.0,,,,,94800000.0,-29600000.0,,10300000.0,-20800000.0,-42800000.0,32300000.0,-54200000.0,-62700000.0,12900000,2015-06-30,49.06000137329102,49.20000076293945,48.52000045776367,48.68000030517578,39.782264709472656,925900.0
2015-09-30,1009100000.0,-768000000.0,241100000.0,-99400000.0,-96900000.0,,-5200000.0,141700000.0,-9200000.0,-9200000.0,132500000,-200000.0,132300000,-36100000.0,96200000,-100000.0,95200000,95200000,251200000.0,529600000.0,504600000.0,1379700000.0,543700000.0,,1142800000.0,1686500000.0,3066200000,656200000.0,3400000.0,751000000.0,989100000.0,1214800000.0,1965800000,523200000.0,-1538800000.0,2173400000.0,1100400000.0,3066200000,96100000.0,28500000.0,-500000.0,5800000.0,,,,,129900000.0,-27200000.0,,2300000.0,-23500000.0,-42500000.0,-37800000.0,-40800000.0,-124700000.0,-23900000,2015-09-30,41.13000106811523,41.29999923706055,40.68999862670898,41.25,33.9560546875,963400.0
2015-12-31,944600000.0,-711000000.0,233600000.0,-118800000.0,-115900000.0,,-5200000.0,114800000.0,-7600000.0,-7600000.0,107200000,-700000.0,106500000,-24700000.0,81800000,0.0,80500000,80500000,253200000.0,520200000.0,504600000.0,1311200000.0,540800000.0,,1111700000.0,1652500000.0,2963700000,593900000.0,3400000.0,701200000.0,941500000.0,1164800000.0,1866000000,531500000.0,-1564000000.0,2209200000.0,1097700000.0,2963700000,81800000.0,28200000.0,52400000.0,-60100000.0,,,,,102300000.0,-24700000.0,,33600000.0,7100000.0,-43600000.0,-28500000.0,-27800000.0,-99000000.0,2000000,2015-12-31,42.41999816894531,42.52999877929688,42.0099983215332,42.02000045776367,34.845706939697266,468800.0
2016-03-31,938400000.0,-704800000.0,233600000.0,-109000000.0,-105100000.0,,-5100000.0,124600000.0,-8400000.0,-8400000.0,116200000,2500000.0,118700000,-27700000.0,91000000,100000.0,89500000,89500000,250200000.0,531300000.0,522100000.0,1341900000.0,554700000.0,,1127800000.0,1682500000.0,3024400000,588400000.0,3500000.0,680000000.0,1032000000.0,1253200000.0,1933200000,530100000.0,-1643900000.0,2254400000.0,1091200000.0,3024400000,91100000.0,28300000.0,18600000.0,-26700000.0,,,,,111300000.0,-27700000.0,,-14100000.0,-47100000.0,-43500000.0,80800000.0,-105400000.0,-69800000.0,-3000000,2016-03-31,48.02000045776367,48.5,47.77999877929688,48.4000015258789,40.41677474975586,844100.0
2016-06-30,958900000.0,-724900000.0,234000000.0,-102100000.0,-99700000.0,,-4800000.0,131900000.0,-9300000.0,-9300000.0,122600000,14600000.0,137200000,-37700000.0,99500000,20300000.0,121200000,121200000,284800000.0,534700000.0,523400000.0,1380100000.0,553100000.0,,1098600000.0,1651700000.0,3031800000,606700000.0,3600000.0,699000000.0,1044300000.0,1267200000.0,1966200000,506700000.0,-1695400000.0,2329000000.0,1065600000.0,3031800000,119800000.0,28900000.0,900000.0,1200000.0,,,,,150800000.0,-30200000.0,,51200000.0,18900000.0,-43000000.0,7800000.0,-55400000.0,-126900000.0,34600000,2016-06-30,50.040000915527344,51.11999893188477,49.90999984741211,51.11000061035156,42.97106170654297,922200.0
2016-09-30,948900000.0,-721500000.0,227400000.0,-96800000.0,-93900000.0,,-5200000.0,130600000.0,-9000000.0,-9000000.0,121600000,-100000.0,121500000,-27600000.0,93900000,0.0,93800000,93800000,317300000.0,543800000.0,518600000.0,1413300000.0,554100000.0,,1102900000.0,1657000000.0,3070300000,599100000.0,1000000.0,686900000.0,1055400000.0,1279800000.0,1966700000,503700000.0,-1700900000.0,2375600000.0,1103600000.0,3070300000,93600000.0,29200000.0,11100000.0,-10300000.0,,,,,123600000.0,-25200000.0,,-10900000.0,-37400000.0,-45500000.0,8200000.0,-16600000.0,-54000000.0,32500000,2016-09-30,45.72000122070313,45.88000106811523,45.11000061035156,45.58000183105469,38.58373641967773,2911900.0
2016-12-31,903700000.0,-699500000.0,204200000.0,-103200000.0,-98100000.0,,-4800000.0,101000000.0,-8200000.0,-8200000.0,92800000,16900000.0,109700000,-27000000.0,82700000,-1300000.0,81300000,81300000,281900000.0,486600000.0,519600000.0,1324900000.0,565500000.0,,1093700000.0,1659200000.0,2984100000,608800000.0,3600000.0,706600000.0,956200000.0,1183500000.0,1890100000,508200000.0,-1713500000.0,2410500000.0,1094000000.0,2984100000,81700000.0,29000000.0,5300000.0,50900000.0,,,,,166900000.0,-40900000.0,,30400000.0,-36400000.0,-45400000.0,-90300000.0,-15700000.0,-151500000.0,-35400000,2016-12-30,49.77999877929688,49.77999877929688,48.7400016784668,48.88000106811523,41.65951156616211,612400.0
2017-03-31,960300000.0,-734300000.0,226000000.0,-110300000.0,-106400000.0,,-5100000.0,115700000.0,-8600000.0,-8600000.0,107100000,200000.0,107300000,-21200000.0,86100000,0.0,86100000,86100000,268600000.0,555400000.0,556200000.0,1413100000.0,588800000.0,,1117600000.0,1706400000.0,3119500000,629500000.0,3400000.0,716600000.0,1119900000.0,1337500000.0,2054100000,501500000.0,-1792900000.0,2451600000.0,1065400000.0,3119500000,86100000.0,30300000.0,20800000.0,-79500000.0,,,,,57700000.0,-34300000.0,,-36600000.0,-77500000.0,-45400000.0,154200000.0,-102900000.0,2500000.0,-13300000,2017-03-31,50.38000106811523,50.47999954223633,50.27000045776367,50.31999969482422,43.18745803833008,627200.0
2017-06-30,989300000.0,-758600000.0,230700000.0,-108400000.0,-104700000.0,,-4700000.0,122300000.0,-8900000.0,-8900000.0,113400000,,113400000,-25800000.0,87600000,0.0,87600000,87600000,335100000.0,577700000.0,580000000.0,1540200000.0,616200000.0,,1125100000.0,1741300000.0,3281500000,652000000.0,3400000.0,741700000.0,1183500000.0,1406200000.0,2147900000,506600000.0,-1799900000.0,2490200000.0,1133600000.0,3281500000,87600000.0,31900000.0,9000000.0,-30100000.0,,,,,98400000.0,-44800000.0,,-600000.0,-46600000.0,-45000000.0,60800000.0,-10400000.0,4400000.0,66500000,2017-06-30,52.22999954223633,52.7599983215332,52.22999954223633,52.52999877929688,45.39376449584961,663800.0
2017-09-30,1009700000.0,-793200000.0,216500000.0,-102800000.0,-95400000.0,,-6200000.0,113700000.0,-8500000.0,-8500000.0,105200000,-4500000.0,100700000,-17200000.0,83500000,-900000.0,82600000,82600000,342900000.0,585800000.0,558000000.0,1549700000.0,644300000.0,,1129700000.0,1774000000.0,3323700000,645800000.0,153300000.0,891500000.0,1044400000.0,1259400000.0,2150900000,515900000.0,-1830700000.0,2523900000.0,1172800000.0,3323700000,82600000.0,32200000.0,-1300000.0,-8100000.0,,,,,105400000.0,-39900000.0,,10800000.0,-31400000.0,-47600000.0,13400000.0,-41500000.0,-75900000.0,7800000,2017-09-29,47.72000122070313,47.9000015258789,47.599998474121094,47.72999954223633,41.57385635375977,671600.0
2017-12-31,984500000.0,-775300000.0,209200000.0,-112300000.0,-94000000.0,,-4700000.0,96900000.0,-9900000.0,-9900000.0,87000000,23600000.0,110600000,-74200000.0,36400000,0.0,36300000,36300000,526100000.0,595100000.0,571100000.0,1766500000.0,663900000.0,,1120400000.0,1784300000.0,3550800000,733700000.0,153800000.0,976200000.0,1097900000.0,1383800000.0,2360000000,516700000.0,-1828300000.0,2511300000.0,1190800000.0,3550800000,36400000.0,31500000.0,76800000.0,37500000.0,,,,,182200000.0,-40400000.0,,32500000.0,-9500000.0,-47600000.0,53100000.0,-200000.0,4500000.0,183200000,2017-12-29,47.709999084472656,48.0,47.68999862670898,47.72999954223633,41.89978408813477,803500.0
2018-03-31,1028800000.0,-811400000.0,217400000.0,-110000000.0,-104700000.0,,-5000000.0,107400000.0,-12000000.0,-12000000.0,95400000,200000.0,95600000,-17500000.0,78100000,0.0,78100000,78100000,494600000.0,658200000.0,610600000.0,1814100000.0,710100000.0,,1168200000.0,1878300000.0,3692400000,731100000.0,154000000.0,978100000.0,1239000000.0,1518000000.0,2496100000,516600000.0,-1868900000.0,2538300000.0,1196300000.0,3692400000,77900000.0,33400000.0,10700000.0,-77900000.0,,,,,44100000.0,-40300000.0,,-84200000.0,-127000000.0,-47500000.0,143800000.0,-54900000.0,41100000.0,-31500000,2018-03-29,44.11000061035156,44.54999923706055,43.84000015258789,44.36000061035156,39.24187088012695,609000.0
2018-06-30,1102500000.0,-871500000.0,231000000.0,-109900000.0,-107800000.0,,-5100000.0,121100000.0,-13600000.0,-13600000.0,107500000,,107500000,-22400000.0,85100000,0.0,85000000,85000000,446400000.0,649800000.0,634200000.0,1782800000.0,709300000.0,,1151900000.0,1861200000.0,3644000000,705000000.0,153700000.0,936900000.0,1298000000.0,1578500000.0,2515400000,521700000.0,-1917400000.0,2572600000.0,1128600000.0,3644000000,85100000.0,33800000.0,17100000.0,-55500000.0,,,,,80500000.0,-40900000.0,,-4100000.0,-45400000.0,-47300000.0,46200000.0,-52400000.0,-61400000.0,-48200000,2018-06-29,44.59000015258789,45.18000030517578,44.209999084472656,44.63999938964844,39.83341979980469,1298200.0
2018-09-30,1091500000.0,-864400000.0,227100000.0,-102600000.0,-100700000.0,,-5200000.0,124500000.0,-11100000.0,-11100000.0,113400000,,113400000,-23300000.0,90100000,0.0,90100000,90100000,363500000.0,625500000.0,634000000.0,1667000000.0,723000000.0,,1159100000.0,1882100000.0,3549100000,698200000.0,3600000.0,784900000.0,1353200000.0,1598200000.0,2383100000,523700000.0,-1911200000.0,2611700000.0,1166000000.0,3549100000,90000000.0,33800000.0,-9200000.0,11900000.0,,,,,126500000.0,-41400000.0,,-15900000.0,-67900000.0,-49400000.0,-90500000.0,-600000.0,-131900000.0,-82900000,2018-09-28,43.79999923706055,44.0,43.47999954223633,43.790000915527344,39.40028762817383,1000900.0
2018-12-31,1046700000.0,-833500000.0,213200000.0,-123900000.0,-111900000.0,,-5200000.0,89300000.0,-15800000.0,-15800000.0,73500000,-5600000.0,67900000,-15100000.0,52800000,0.0,52700000,52700000,268100000.0,571600000.0,633900000.0,1524600000.0,728500000.0,,1128900000.0,1857400000.0,3382000000,728100000.0,1200000.0,815700000.0,1167800000.0,1408700000.0,2224400000,529100000.0,-1908300000.0,2613800000.0,1157600000.0,3382000000,53100000.0,3300000.0,57300000.0,75500000.0,,,,,189200000.0,-32100000.0,,-5000000.0,-37500000.0,-49500000.0,-185300000.0,300000.0,-244700000.0,-95400000,2018-12-31,35.90999984741211,36.150001525878906,35.34000015258789,35.84000015258789,32.57691192626953,948900.0
2019-03-31,1155100000.0,-922100000.0,233000000.0,-131900000.0,-118600000.0,,-14100000.0,101100000.0,-20000000.0,-20000000.0,81100000,-2900000.0,78200000,-17100000.0,61100000,,61200000,61200000,263300000.0,665300000.0,676800000.0,1659000000.0,810300000.0,,2484500000.0,3294800000.0,4953800000,679300000.0,51400000.0,867000000.0,2409600000.0,2891600000.0,3758600000,526800000.0,-1891600000.0,2623900000.0,1195200000.0,4953800000,61100000.0,46300000.0,16800000.0,-92800000.0,,,,,31400000.0,-31800000.0,,-1244100000.0,-1277200000.0,-49600000.0,1289300000.0,-2000000.0,1236700000.0,-4800000,2019-03-29,42.47999954223633,42.72000122070313,42.0099983215332,42.22000122070313,38.71313095092773,1025800.0
2019-06-30,1213200000.0,-943500000.0,269700000.0,-132300000.0,-118300000.0,,-16900000.0,137400000.0,-21900000.0,-21900000.0,115500000,-1400000.0,114100000,-27800000.0,86300000,,86200000,86200000,289700000.0,700300000.0,656700000.0,1703000000.0,817900000.0,,2481100000.0,3299000000.0,5002000000,716200000.0,51300000.0,900300000.0,2363500000.0,2862900000.0,3763200000,532100000.0,-1887900000.0,2656200000.0,1238800000.0,5002000000,86300000.0,50000000.0,19000000.0,17000000.0,,,,,172300000.0,-38700000.0,,1800000.0,-43300000.0,-49800000.0,-48400000.0,-300000.0,-100300000.0,26400000,2019-06-28,38.02000045776367,38.5099983215332,38.02000045776367,38.36999893188477,35.55890274047852,1030000.0
2019-09-30,1239300000.0,-963800000.0,275500000.0,-133000000.0,-115200000.0,,-16300000.0,142500000.0,-21100000.0,-21100000.0,121400000,1600000.0,123000000,-23400000.0,99600000,,99600000,99600000,242000000.0,677300000.0,635800000.0,1604600000.0,817300000.0,,2435900000.0,3253200000.0,4857800000,737900000.0,51200000.0,920800000.0,2197100000.0,2681400000.0,3602200000,533400000.0,-1884200000.0,2701800000.0,1255600000.0,4857800000,99600000.0,48400000.0,9700000.0,55200000.0,,,,,212900000.0,-32500000.0,,3300000.0,-29000000.0,-52600000.0,-166400000.0,-2100000.0,-222000000.0,-47700000,2019-09-30,41.11999893188477,41.310001373291016,40.83000183105469,40.93999862670898,38.305084228515625,826300.0
2019-12-31,1144900000.0,-872500000.0,272400000.0,-132200000.0,-117600000.0,,-16000000.0,140200000.0,-20300000.0,-20300000.0,119900000,-5100000.0,114800000,-27900000.0,86900000,,86800000,86800000,247600000.0,591900000.0,636700000.0,1538100000.0,830800000.0,,2447500000.0,3278300000.0,4816400000,744400000.0,51100000.0,928100000.0,2066500000.0,2575800000.0,3503900000,536100000.0,-1883800000.0,2734500000.0,1312500000.0,4816400000,86900000.0,-27200000.0,90600000.0,101099999.0,,,,,251399999.0,-34600000.0,,-26100000.0,-68700000.0,-52600000.0,-127500000.0,-2699999.0,-183299999.0,5600000,2019-12-31,50.93999862670898,51.29999923706055,50.7599983215332,50.83000183105469,47.93047714233398,691600.0
2020-03-31,1045500000.0,-824800000.0,220700000.0,-134199999.0,-117800000.0,,-16399999.0,86500001.0,-24400000.0,-20000000.0,62100001,-3500000.0,58600001,-14500000.0,44100001,,44100001,44100001,505800000.0,568200000.0,655500000.0,1782000000.0,809500000.0,,2390500000.0,3200000000.0,4982000000,673100000.0,51200000.0,854700000.0,2415200000.0,2888700000.0,3743400000,535500000.0,-1873500000.0,2723500000.0,1238600000.0,4982000000,44100000.0,30100000.0,44300000.0,-108100000.0,,,,,10400000.0,-24200000.0,,,-17300000.0,-52700000.0,340100000.0,-7599999.0,279000001.0,258200001,2020-03-31,27.690000534057614,27.979999542236328,26.40999984741211,26.68000030517578,25.45492744445801,1571900.0
2020-06-30,845100000.0,-698500000.0,146600000.0,-113500000.0,-97200000.0,,-16300000.0,33100000.0,-4900000.0,-20400000.0,28200000,-25900000.0,2300000,-8400000.0,-6100000,,-6100000,-6100000,208800000.0,577300000.0,574100000.0,1410300000.0,797400000.0,,2374400000.0,3171800000.0,4582100000,601900000.0,51100000.0,775500000.0,2083200000.0,2592000000.0,3367500000,539800000.0,-1871500000.0,2663100000.0,1214600000.0,4582100000,-6100000.0,29100000.0,68400000.0,20700000.0,,,,,112100000.0,-15200000.0,,,-17500000.0,-52900000.0,-332100000.0,-1.0,-396400001.0,-297000001,2020-06-30,34.450000762939446,35.36000061035156,34.209999084472656,35.150001525878906,33.94473648071289,1273900.0
