Report Date,Revenue,Cost of Revenue,Gross Profit,Operating Expenses,"Selling, General & Administrative",Research & Development,Depreciation & Amortization,Operating Income (Loss),Non-Operating Income (Loss),"Interest Expense, Net","Pretax Income (Loss), Adj.",Abnormal Gains (Losses),Pretax Income (Loss),"Income Tax (Expense) Benefit, Net",Income (Loss) from Continuing Operations,Net Extraordinary Gains (Losses),Net Income,Net Income (Common),"Cash, Cash Equivalents & Short Term Investments",Accounts & Notes Receivable,Inventories,Total Current Assets,"Property, Plant & Equipment, Net",Long Term Investments & Receivables,Other Long Term Assets,Total Noncurrent Assets,Total Assets,Payables & Accruals,Short Term Debt,Total Current Liabilities,Long Term Debt,Total Noncurrent Liabilities,Total Liabilities,Share Capital & Additional Paid-In Capital,Treasury Stock,Retained Earnings,Total Equity,Total Liabilities & Equity,Net Income/Starting Line,Depreciation & Amortization,Non-Cash Items,Change in Working Capital,Change in Accounts Receivable,Change in Inventories,Change in Accounts Payable,Change in Other,Net Cash from Operating Activities,Change in Fixed Assets & Intangibles,Net Change in Long Term Investment,Net Cash from Acquisitions & Divestitures,Net Cash from Investing Activities,Dividends Paid,Cash from (Repayment of) Debt,Cash from (Repurchase of) Equity,Net Cash from Financing Activities,Net Change in Cash,Price Date,Open,High,Low,Close,Adj Close,Volume
2009-06-30,,,507400000.0,-252500000.0,-237300000.0,,-15200000.0,254900000.0,-12600000.0,-16200000.0,242300000,-10200000.0,232100000,-92700000.0,139400000,,136400000,136400000,226600000.0,655300000.0,71200000.0,1055000000.0,496800000.0,,3161400000.0,3658200000.0,4713200000,432700000.0,120800000.0,553500000.0,1291100000.0,2021300000.0,2574800000,286500000.0,-932500000.0,2653800000.0,2138400000.0,4713200000,139400000.0,48500000.0,10200000.0,-15700000.0,16200000.0,4200000.0,-9200000.0,-26900000.0,182400000.0,-23500000.0,,-1600000.0,-25100000.0,,-304500000.0,2500000.0,-305400000.0,-146600000,2009-06-30,67.01000213623047,68.08999633789061,67.01000213623047,67.79000091552734,67.79000091552734,1518900.0
2009-09-30,,,498100000.0,-263200000.0,-247300000.0,,-15900000.0,234900000.0,-11800000.0,-15000000.0,223100000,,223100000,-88500000.0,134600000,,131400000,131400000,126800000.0,636900000.0,81600000.0,977500000.0,493500000.0,,3359100000.0,3852600000.0,4830100000,481800000.0,120800000.0,602600000.0,1280000000.0,2058300000.0,2660900000,141000000.0,-932500000.0,2785200000.0,2169200000.0,4830100000,134600000.0,49500000.0,12700000.0,49600000.0,36200000.0,-8600000.0,8500000.0,13500000.0,246400000.0,-22000000.0,,-160500000.0,-182500000.0,,-12500000.0,-149200000.0,-164500000.0,-99800000,2009-09-30,66.12000274658203,66.19000244140625,65.05999755859375,65.69999694824219,65.69999694824219,1649600.0
2009-12-31,,,476000000.0,-256900000.0,-240500000.0,,-16400000.0,219100000.0,-12600000.0,-14700000.0,206500000,-3300000.0,203200000,-57400000.0,145800000,,142700000,142700000,148500000.0,574200000.0,90000000.0,935600000.0,500800000.0,,3401400000.0,3902200000.0,4837800000,458800000.0,417200000.0,876000000.0,977200000.0,1713300000.0,2589300000,49200000.0,-932500000.0,2927900000.0,2248500000.0,4837800000,145800000.0,49800000.0,15000000.0,14100000.0,60000000.0,-7600000.0,8400000.0,-46700000.0,224700000.0,-37600000.0,,-44600000.0,-82200000.0,,-8400000.0,-107200000.0,-120800000.0,21700000,2009-12-31,75.44000244140625,75.44000244140625,74.83000183105469,74.83999633789062,74.83999633789062,498800.0
2010-03-31,,,506900000.0,-263400000.0,-246000000.0,,-17400000.0,243500000.0,-11100000.0,-14600000.0,232400000,-9300000.0,223100000,-86900000.0,136200000,,132700000,132700000,172200000.0,614300000.0,82500000.0,981000000.0,488400000.0,,3464800000.0,3953200000.0,4934200000,516400000.0,370000000.0,886400000.0,958300000.0,1723600000.0,2610000000,12400000.0,-934900000.0,3002700000.0,2324200000.0,4934200000,136200000.0,50000000.0,21100000.0,24700000.0,-38400000.0,7700000.0,-14800000.0,70200000.0,232000000.0,-22900000.0,,-32200000.0,-55100000.0,,-68800000.0,-82200000.0,-154300000.0,23700000,2010-03-31,75.69000244140625,76.02999877929688,75.19000244140625,75.70999908447266,75.70999908447266,860800.0
2010-06-30,,,533600000.0,-263100000.0,-245400000.0,,-17700000.0,270500000.0,-10500000.0,-14500000.0,260000000,0.0,260000000,-102800000.0,157200000,,153700000,153700000,103800000.0,617600000.0,86300000.0,915800000.0,499100000.0,,3543500000.0,4042600000.0,4958400000,512200000.0,383400000.0,895600000.0,939400000.0,1695600000.0,2591200000,12300000.0,-934900000.0,3072600000.0,2367200000.0,4958400000,157200000.0,50100000.0,6000000.0,2900000.0,1400000.0,-3900000.0,23900000.0,-18500000.0,216200000.0,-34100000.0,,-142700000.0,-176800000.0,,-6800000.0,-97300000.0,-106100000.0,-68400000,2010-06-30,76.04000091552734,76.76000213623047,75.27999877929688,75.3499984741211,75.3499984741211,1156300.0
2010-09-30,,,527700000.0,-288500000.0,-270500000.0,,-18000000.0,239200000.0,-18700000.0,-21600000.0,220500000,-3900000.0,216600000,-73500000.0,143100000,,140000000,140000000,96900000.0,631000000.0,88200000.0,948700000.0,504600000.0,,3594300000.0,4098900000.0,5047600000,525900000.0,425400000.0,951300000.0,920600000.0,1662500000.0,2613800000,12100000.0,-934900000.0,3114800000.0,2433800000.0,5047600000,143100000.0,50600000.0,7700000.0,-25200000.0,-12000000.0,-1500000.0,-18000000.0,6300000.0,176200000.0,-32800000.0,,-54800000.0,-87600000.0,,21800000.0,-114200000.0,-96200000.0,-6900000,2010-09-30,78.52999877929688,78.9000015258789,77.91999816894531,78.43000030517578,78.43000030517578,709800.0
2010-12-31,,,529600000.0,-292000000.0,-272400000.0,,-19600000.0,237600000.0,-22900000.0,-19300000.0,214700000,1200000.0,215900000,-80800000.0,135100000,,131800000,131800000,230700000.0,655600000.0,103400000.0,1143800000.0,586900000.0,,4457100000.0,5044000000.0,6187800000,610700000.0,361700000.0,972400000.0,1826700000.0,2580400000.0,3552800000,66100000.0,-934900000.0,3246600000.0,2635000000.0,6187800000,135100000.0,52900000.0,34300000.0,36900000.0,23700000.0,-8100000.0,59000000.0,-37700000.0,259200000.0,-31900000.0,,-961600000.0,-993500000.0,,841000000.0,39000000.0,867400000.0,133800000,2010-12-31,88.05000305175781,88.80999755859375,87.83000183105469,87.91999816894531,87.91999816894531,399400.0
2011-03-31,,,568400000.0,-304700000.0,-282800000.0,,-21900000.0,263700000.0,-22100000.0,-24000000.0,241600000,-27900000.0,213700000,-83100000.0,130600000,,127100000,127100000,195400000.0,717300000.0,98000000.0,1147600000.0,579500000.0,,4474500000.0,5054000000.0,6201600000,650600000.0,396800000.0,1047400000.0,1807900000.0,2580300000.0,3627700000,29700000.0,-937600000.0,3203700000.0,2573900000.0,6201600000,130600000.0,58100000.0,12700000.0,13900000.0,-68500000.0,5600000.0,-42600000.0,119400000.0,215300000.0,-29000000.0,,-15400000.0,-44400000.0,,15000000.0,-223600000.0,-207200000.0,-35300000,2011-03-31,91.41999816894531,92.1500015258789,90.91999816894531,92.12999725341795,92.12999725341795,481000.0
2011-06-30,,,588200000.0,-344200000.0,-322700000.0,,-21500000.0,244000000.0,-18400000.0,-21000000.0,225600000,-18300000.0,207300000,-80600000.0,126700000,,122900000,122900000,118900000.0,714800000.0,106800000.0,1083600000.0,586400000.0,,4498300000.0,5084700000.0,6168300000,657200000.0,215100000.0,872300000.0,1788200000.0,2541400000.0,3413700000,84800000.0,-940900000.0,3326600000.0,2754600000.0,6168300000,126700000.0,57800000.0,-3400000.0,3800000.0,10100000.0,-8300000.0,-14700000.0,16700000.0,184900000.0,-43100000.0,,-29600000.0,-72700000.0,,-196400000.0,3700000.0,-187900000.0,-76500000,2011-06-30,95.54000091552734,96.87000274658205,95.5199966430664,96.79000091552734,96.79000091552734,786100.0
2011-09-30,,,568500000.0,-305000000.0,-283800000.0,,-21200000.0,263500000.0,-19300000.0,-20300000.0,244200000,-24100000.0,220100000,-82500000.0,137600000,,134300000,134300000,85800000.0,718700000.0,103800000.0,1072600000.0,577400000.0,,4403200000.0,4980600000.0,6053200000,627200000.0,214300000.0,841500000.0,1769300000.0,2508100000.0,3349600000,11900000.0,-940900000.0,3402200000.0,2703600000.0,6053200000,137600000.0,57700000.0,21000000.0,-39500000.0,-7500000.0,1800000.0,16500000.0,-50300000.0,176800000.0,-39900000.0,,-1300000.0,-41200000.0,,-26200000.0,-137600000.0,-167200000.0,-33100000,2011-09-30,79.98999786376953,81.44999694824219,78.5999984741211,79.05000305175781,79.05000305175781,1113300.0
2011-12-31,,,549600000.0,-291500000.0,-270300000.0,,-21200000.0,258100000.0,-22500000.0,-22200000.0,235600000,-10600000.0,225000000,-86800000.0,138200000,,135400000,135400000,159300000.0,699800000.0,110800000.0,1060000000.0,578300000.0,,4473500000.0,5051800000.0,6111800000,597100000.0,135500000.0,732600000.0,2085500000.0,2855500000.0,3588100000,11700000.0,-940900000.0,3387200000.0,2523700000.0,6111800000,138200000.0,57800000.0,33300000.0,49300000.0,28800000.0,-5200000.0,32100000.0,-6400000.0,278600000.0,-30000000.0,,-92000000.0,-122000000.0,,236600000.0,-168000000.0,-82700000.0,73500000,2011-12-30,86.51000213623047,86.83999633789062,85.86000061035156,85.97000122070312,85.97000122070312,397600.0
2012-03-31,,,576100000.0,-292600000.0,-271200000.0,,-21400000.0,283500000.0,-17500000.0,-21500000.0,266000000,3600000.0,269600000,-107600000.0,162000000,,161600000,161600000,129900000.0,751700000.0,107000000.0,1081900000.0,577200000.0,,4471500000.0,5048700000.0,6130600000,633200000.0,136000000.0,769200000.0,1985400000.0,2743200000.0,3512400000,11600000.0,-943500000.0,3469600000.0,2618200000.0,6130600000,162000000.0,56700000.0,33800000.0,-55400000.0,-50500000.0,3900000.0,-32300000.0,23500000.0,197100000.0,-34700000.0,,0.0,-34700000.0,,-100200000.0,-96100000.0,-193100000.0,-29400000,2012-03-30,91.5500030517578,91.7699966430664,91.0500030517578,91.54000091552734,91.54000091552734,556600.0
2012-06-30,,,579500000.0,-300100000.0,-279500000.0,,-20600000.0,279400000.0,-19800000.0,-21300000.0,259600000,-3400000.0,256200000,-102400000.0,153800000,,153300000,153300000,124400000.0,735800000.0,114000000.0,1063300000.0,576200000.0,,4458800000.0,5035000000.0,6098300000,584100000.0,134400000.0,718500000.0,1975200000.0,2727800000.0,3446300000,11500000.0,-951800000.0,3522700000.0,2652000000.0,6098300000,153800000.0,56100000.0,27600000.0,-51200000.0,15500000.0,-7200000.0,9000000.0,-68500000.0,186300000.0,-34100000.0,,-30100000.0,-64200000.0,,-12300000.0,-113100000.0,-126300000.0,-5500000,2012-06-29,92.97000122070312,94.1500015258789,92.20999908447266,92.61000061035156,92.61000061035156,1677500.0
2012-09-30,,,556100000.0,-306200000.0,-285100000.0,,-21100000.0,249900000.0,-18200000.0,-24100000.0,231700000,-4800000.0,226900000,-78500000.0,148400000,,148000000,148000000,466000000.0,768900000.0,118900000.0,1455800000.0,612200000.0,,4746300000.0,5358500000.0,6814300000,634300000.0,485100000.0,1119400000.0,2175000000.0,2957300000.0,4076700000,11400000.0,-951800000.0,3587500000.0,2737600000.0,6814300000,148400000.0,57600000.0,22900000.0,-25100000.0,-14200000.0,-1000000.0,3900000.0,-13800000.0,203800000.0,-42800000.0,,-270600000.0,-313400000.0,,550000000.0,-96200000.0,449300000.0,341600000,2012-09-28,90.94000244140624,92.61000061035156,90.61000061035156,92.47000122070312,92.47000122070312,733300.0
2012-12-31,,,538000000.0,-302000000.0,-278800000.0,,-23200000.0,236000000.0,-23800000.0,-27600000.0,212200000,-20700000.0,191500000,-70900000.0,120600000,,120200000,120200000,466800000.0,718500000.0,121000000.0,1391800000.0,630800000.0,,4772400000.0,5403200000.0,6795000000,548500000.0,480000000.0,1028500000.0,2175000000.0,3028400000.0,4056900000,11300000.0,-951800000.0,3588500000.0,2738100000.0,6795000000,120600000.0,59400000.0,17500000.0,56700000.0,49800000.0,-2000000.0,-10600000.0,19500000.0,254200000.0,-61500000.0,,-60400000.0,-121900000.0,,-5700000.0,-125300000.0,-130700000.0,800000,2012-12-31,85.6500015258789,86.62000274658203,84.91000366210938,86.62000274658203,86.62000274658203,486200.0
2013-03-31,1440900000.0,-868700000.0,572200000.0,-302700000.0,-283200000.0,,-19500000.0,269500000.0,-20600000.0,-24500000.0,248900000,-7500000.0,241400000,-93800000.0,147600000,,147200000,147200000,185800000.0,793800000.0,124000000.0,1190000000.0,634600000.0,,4744800000.0,5379400000.0,6569400000,592600000.0,147900000.0,740500000.0,2175000000.0,3029700000.0,3770200000,11200000.0,-954200000.0,3667500000.0,2799200000.0,6569400000,147600000.0,55500000.0,21800000.0,-26700000.0,-75800000.0,-3200000.0,10100000.0,42200000.0,198200000.0,-41500000.0,,-20000000.0,-61500000.0,,-332900000.0,-85100000.0,-412800000.0,-281000000,2013-03-28,89.25,90.33000183105469,89.12000274658203,90.1999969482422,90.1999969482422,1297000.0
2013-06-30,1468200000.0,-890900000.0,577300000.0,-301400000.0,-280900000.0,,-20500000.0,275900000.0,-19300000.0,-23100000.0,256600000,-6600000.0,250000000,-97700000.0,152300000,,151900000,151900000,111300000.0,815700000.0,126400000.0,1148000000.0,646900000.0,,4797000000.0,5443900000.0,6591900000,535200000.0,119900000.0,655100000.0,2390000000.0,3253000000.0,3908100000,11000000.0,-958900000.0,3574600000.0,2683800000.0,6591900000,152400000.0,56900000.0,26800000.0,-98500000.0,-23900000.0,-2500000.0,6800000.0,-78900000.0,137600000.0,-48600000.0,,-89500000.0,-138100000.0,,186600000.0,-263000000.0,-74100000.0,-74500000,2013-06-28,100.44000244140624,100.77999877929688,99.16999816894531,100.0999984741211,100.0999984741211,747800.0
2013-09-30,1462200000.0,-914600000.0,547600000.0,-299300000.0,-279000000.0,,-20300000.0,248300000.0,-14600000.0,-24700000.0,233700000,-3700000.0,230000000,-81300000.0,148700000,,148300000,148300000,174100000.0,813200000.0,126500000.0,1212900000.0,672600000.0,,4801200000.0,5473800000.0,6686700000,570200000.0,110400000.0,680600000.0,2553500000.0,3420500000.0,4101100000,10700000.0,-958900000.0,3461700000.0,2585600000.0,6686700000,148700000.0,57900000.0,4400000.0,23200000.0,4200000.0,100000.0,8300000.0,10600000.0,234200000.0,-51900000.0,,4700000.0,-47200000.0,,147000000.0,-268800000.0,-126800000.0,62800000,2013-09-30,98.29000091552734,99.19000244140624,97.76000213623048,99.13999938964844,99.13999938964844,490600.0
2013-12-31,1437000000.0,-910900000.0,526100000.0,-307100000.0,-285700000.0,,-21400000.0,219000000.0,-20800000.0,-24200000.0,198200000,-4000000.0,194200000,-67400000.0,126800000,,126400000,126400000,404000000.0,784700000.0,136500000.0,1432100000.0,707400000.0,,4826400000.0,5533800000.0,6965900000,614500000.0,111300000.0,735700000.0,2889100000.0,3719500000.0,4455200000,10500000.0,-958900000.0,3373500000.0,2510700000.0,6965900000,126700000.0,59800000.0,34700000.0,27500000.0,28000000.0,-9700000.0,35600000.0,-26400000.0,248700000.0,-59100000.0,,-53700000.0,-112800000.0,,327400000.0,-224700000.0,95400000.0,229900000,2013-12-31,91.3499984741211,91.98999786376952,91.19000244140624,91.37000274658205,91.37000274658205,361700.0
2014-03-31,1430700000.0,-913900000.0,516800000.0,-305900000.0,-284900000.0,,-21000000.0,210900000.0,-15600000.0,-25700000.0,195300000,-7600000.0,187700000,-74200000.0,113500000,,113100000,113100000,338900000.0,822000000.0,134800000.0,1420900000.0,733100000.0,,4838400000.0,5571500000.0,6992400000,639900000.0,105300000.0,753600000.0,2903000000.0,3718900000.0,4472500000,10400000.0,-963500000.0,3408900000.0,2519900000.0,6992400000,113500000.0,60700000.0,13900000.0,-45800000.0,-39200000.0,2900000.0,-27100000.0,17600000.0,142300000.0,-56300000.0,,-51800000.0,-108100000.0,,-6900000.0,-91300000.0,-98000000.0,-65100000,2014-03-31,98.44000244140624,98.8499984741211,97.94000244140624,98.20999908447266,98.20999908447266,654800.0
2014-06-30,1516400000.0,-947800000.0,568600000.0,-319900000.0,-297900000.0,,-22000000.0,248700000.0,-14200000.0,-25800000.0,234500000,-2000000.0,232500000,-90800000.0,141700000,,141300000,141300000,479500000.0,832600000.0,134500000.0,1565900000.0,741200000.0,,4837700000.0,5578900000.0,7144800000,643200000.0,97600000.0,740800000.0,2909900000.0,3728300000.0,4469100000,10400000.0,-965500000.0,3553000000.0,2675700000.0,7144800000,141700000.0,62800000.0,-9700000.0,12600000.0,-8800000.0,500000.0,1400000.0,19500000.0,207400000.0,-48000000.0,,8900000.0,-39100000.0,,-9200000.0,-14000000.0,-25400000.0,140600000,2014-06-30,101.5,102.83999633789062,101.47000122070312,102.4000015258789,102.4000015258789,1299700.0
2014-09-30,1551800000.0,-980600000.0,571200000.0,-324000000.0,-305700000.0,,-18300000.0,247200000.0,-22400000.0,-25900000.0,224800000,-5800000.0,219000000,-81500000.0,137500000,,137200000,137200000,575700000.0,841600000.0,138800000.0,1687800000.0,754700000.0,,4789300000.0,5544000000.0,7231800000,651400000.0,97600000.0,749000000.0,2917100000.0,3693600000.0,4442600000,10400000.0,-965500000.0,3685600000.0,2789200000.0,7231800000,137500000.0,58500000.0,9600000.0,-30000000.0,-11700000.0,-4700000.0,9500000.0,-23100000.0,175600000.0,-52000000.0,,-3600000.0,-55600000.0,,-1300000.0,-18400000.0,-18400000.0,96200000,2014-09-30,103.01000213623048,103.01000213623048,101.73999786376952,101.75,101.75,405700.0
2014-12-31,1512700000.0,-966200000.0,546500000.0,-325100000.0,-309700000.0,,-15400000.0,221400000.0,-31500000.0,-32100000.0,189900000,-2400000.0,187500000,-67600000.0,119900000,,119600000,119600000,580000000.0,815700000.0,139500000.0,1692700000.0,786500000.0,,4822600000.0,5609100000.0,7301800000,623700000.0,347100000.0,976300000.0,2682700000.0,3487300000.0,4463600000,10400000.0,-965500000.0,3786100000.0,2838200000.0,7301800000,119900000.0,63500000.0,43300000.0,-13000000.0,28600000.0,1000000.0,-5000000.0,-37600000.0,213700000.0,-45800000.0,,-101500000.0,-147300000.0,,-2900000.0,-30500000.0,-58800000.0,4300000,2014-12-31,109.56999969482422,109.7699966430664,107.79000091552734,107.9000015258789,107.9000015258789,893700.0
2015-03-31,1793200000.0,-1168100000.0,625100000.0,-473400000.0,-442300000.0,,-31100000.0,151700000.0,-99900000.0,-104300000.0,51800000,-19300000.0,32500000,-29100000.0,3400000,,3100000,3100000,446400000.0,1187000000.0,186500000.0,2328500000.0,1597200000.0,,10224900000.0,11822100000.0,14150600000,909700000.0,348600000.0,1412200000.0,6597700000.0,8204600000.0,9616800000,1835200000.0,-973300000.0,3786800000.0,4533800000.0,14150600000,3100000.0,102600000.0,56500000.0,-249100000.0,-40300000.0,4200000.0,-48900000.0,-164100000.0,-86900000.0,-33500000.0,,-3617800000.0,-3651300000.0,,3633800000.0,30500000.0,3629700000.0,-133600000,2015-03-31,129.83999633789062,131.19000244140622,125.79000091552734,126.08999633789062,126.08999633789062,1139900.0
2015-06-30,2269100000.0,-1496400000.0,772700000.0,-435100000.0,-390500000.0,,-44600000.0,337600000.0,-57000000.0,-57900000.0,280600000,-14300000.0,266300000,-96200000.0,170100000,,169800000,169800000,619000000.0,1201400000.0,182000000.0,2586000000.0,1831800000.0,,10047400000.0,11879200000.0,14465200000,1006500000.0,674100000.0,1823100000.0,6113200000.0,7855900000.0,9679000000,1889600000.0,-975900000.0,3955800000.0,4786200000.0,14465200000,170400000.0,117300000.0,5700000.0,103300000.0,-13500000.0,5300000.0,15100000.0,96400000.0,396700000.0,-68900000.0,,-63400000.0,-132300000.0,,-146000000.0,25500000.0,-118600000.0,172800000,2015-06-30,120.20999908447266,121.27999877929688,119.52999877929688,121.22000122070312,121.22000122070312,1242600.0
2015-09-30,2317300000.0,-1552400000.0,764900000.0,-430500000.0,-385600000.0,,-44900000.0,334400000.0,-56600000.0,-55900000.0,277800000,-26300000.0,251500000,-96500000.0,155000000,,154700000,154700000,713000000.0,1235200000.0,181600000.0,2707100000.0,1806800000.0,,9908400000.0,11715200000.0,14422300000,1028000000.0,674700000.0,1844400000.0,6006500000.0,7648900000.0,9493300000,1949600000.0,-976300000.0,4108700000.0,4929000000.0,14422300000,155000000.0,119600000.0,16900000.0,-3500000.0,-36100000.0,100000.0,9500000.0,23000000.0,288000000.0,-67800000.0,,-14900000.0,-82700000.0,,-126100000.0,33200000.0,-86700000.0,94000000,2015-09-30,108.20999908447266,108.93000030517578,107.4000015258789,108.47000122070312,108.47000122070312,1130100.0
2015-12-31,2300500000.0,-1559900000.0,740600000.0,-453600000.0,-409700000.0,,-43900000.0,287000000.0,-57300000.0,-56800000.0,229700000,-54000000.0,175700000,-65500000.0,110200000,,110000000,110000000,716400000.0,1217900000.0,191000000.0,2621200000.0,1747400000.0,,9736100000.0,11483500000.0,14104700000,1130500000.0,423900000.0,1700500000.0,5940300000.0,7444200000.0,9144700000,1986500000.0,-978100000.0,4223700000.0,4960000000.0,14104700000,110200000.0,118300000.0,35300000.0,120800000.0,18100000.0,-9800000.0,55000000.0,57500000.0,384600000.0,-85000000.0,,-43600000.0,-128600000.0,,-252300000.0,9700000.0,-239800000.0,3200000,2015-12-31,123.76000213623048,124.66999816894531,123.2300033569336,123.63999938964844,123.63999938964844,603500.0
2016-03-31,2368000000.0,-1590700000.0,777300000.0,-458600000.0,-414300000.0,,-44300000.0,318700000.0,-45900000.0,-54500000.0,272800000,-19200000.0,253600000,-89200000.0,164400000,,164100000,164100000,696300000.0,1328500000.0,188200000.0,2744900000.0,1771700000.0,,9893800000.0,11665500000.0,14410400000,1050900000.0,425400000.0,1642700000.0,5969500000.0,7585400000.0,9228100000,2034800000.0,-993200000.0,4383200000.0,5182300000.0,14410400000,164400000.0,122400000.0,42300000.0,-201500000.0,-105800000.0,2400000.0,-34100000.0,-64000000.0,127600000.0,-68900000.0,,-82700000.0,-151600000.0,,-1500000.0,11900000.0,-700000.0,-20100000,2016-03-31,116.8499984741211,117.52999877929688,115.63999938964844,117.12999725341795,117.12999725341795,899000.0
2016-06-30,2430700000.0,-1603900000.0,826800000.0,-454700000.0,-409400000.0,,-45300000.0,372100000.0,-53600000.0,-53500000.0,318500000,-6600000.0,311900000,-107500000.0,204400000,,204100000,204100000,639600000.0,1314400000.0,189600000.0,2644100000.0,1741900000.0,,9813000000.0,11554900000.0,14199000000,1008900000.0,87400000.0,1271600000.0,5967600000.0,7598500000.0,8870100000,2100200000.0,-1011200000.0,4581400000.0,5328900000.0,14199000000,204400000.0,125400000.0,23400000.0,-3700000.0,6200000.0,-1800000.0,-20200000.0,12100000.0,349500000.0,-48200000.0,,-58600000.0,-106800000.0,,-340200000.0,28800000.0,-307700000.0,-56700000,2016-06-30,129.71000671386722,130.55999755859378,128.28999328613278,130.27000427246094,130.27000427246094,1408600.0
2016-09-30,2414700000.0,-1626300000.0,788400000.0,-441600000.0,-400500000.0,,-41100000.0,346800000.0,-60600000.0,-58200000.0,286200000,-22800000.0,263400000,-83600000.0,179800000,,179500000,179500000,567600000.0,1346600000.0,198800000.0,2654900000.0,1730600000.0,,10097500000.0,11828100000.0,14483000000,1044500000.0,698200000.0,1912200000.0,5473200000.0,7031800000.0,8944000000,2142400000.0,-1011700000.0,4770700000.0,5539000000.0,14483000000,179800000.0,121100000.0,20800000.0,-71800000.0,-9600000.0,-5400000.0,-2000000.0,-54800000.0,249900000.0,-63600000.0,,-254100000.0,-317700000.0,,-20800000.0,26700000.0,6700000.0,-72000000,2016-09-30,135.91000366210938,138.03999328613278,135.17999267578122,137.47999572753906,137.47999572753906,663300.0
2016-12-31,2339500000.0,-1878000000.0,461500000.0,-170100000.0,-121300000.0,,-48800000.0,291400000.0,-36900000.0,-52900000.0,254500000,-9800000.0,244700000,-80400000.0,164300000,,164100000,164100000,433600000.0,1328700000.0,205200000.0,2478700000.0,1718600000.0,,10049700000.0,11768300000.0,14247000000,1102100000.0,549500000.0,1827600000.0,5300000000.0,6898400000.0,8726000000,2143800000.0,-1012700000.0,4955800000.0,5521000000.0,14247000000,164300000.0,130300000.0,71400000.0,104100000.0,25600000.0,-4800000.0,47600000.0,35700000.0,470100000.0,-67400000.0,,-152200000.0,-219600000.0,,-290900000.0,-40700000.0,-369300000.0,-134000000,2016-12-30,128.30999755859378,128.63999938964844,127.33000183105469,128.3800048828125,128.3800048828125,608300.0
2017-03-31,2413700000.0,-1701200000.0,712500000.0,-390500000.0,-342900000.0,,-47600000.0,322000000.0,-52800000.0,-52400000.0,269200000,-3900000.0,265300000,-82000000.0,183300000,,183000000,183000000,365500000.0,1356900000.0,199800000.0,2486000000.0,1720000000.0,,10222000000.0,11942000000.0,14428000000,1049600000.0,519200000.0,1753200000.0,5401900000.0,7008600000.0,8761800000,2063200000.0,-1033400000.0,5148000000.0,5666200000.0,14428000000,183300000.0,128100000.0,47200000.0,-132700000.0,-26700000.0,4900000.0,1600000.0,-112500000.0,225900000.0,-72600000.0,,-172900000.0,-245500000.0,,70800000.0,-121000000.0,-51900000.0,-68100000,2017-03-31,144.0,144.22999572753906,143.14999389648438,143.47000122070312,143.47000122070312,412200.0
2017-06-30,2528200000.0,-1750200000.0,778000000.0,-409100000.0,-357700000.0,,-51400000.0,368900000.0,-50600000.0,-55000000.0,318300000,-39100000.0,279200000,-94100000.0,185100000,,184800000,184800000,299900000.0,1379300000.0,209900000.0,2515700000.0,1717900000.0,,10668900000.0,12386800000.0,14902500000,1108700000.0,519600000.0,1805500000.0,5608300000.0,7203000000.0,9008500000,1984700000.0,-1058900000.0,5336600000.0,5894000000.0,14902500000,185100000.0,127000000.0,12800000.0,-14400000.0,-23500000.0,-5600000.0,7000000.0,7700000.0,310500000.0,-70200000.0,,-421200000.0,-491400000.0,,210700000.0,-103600000.0,106800000.0,-65700000,2017-06-30,152.5500030517578,154.82000732421875,152.5500030517578,154.13999938964844,154.13999938964844,961500.0
2017-09-30,2621400000.0,-1837200000.0,784200000.0,-435900000.0,-381300000.0,,-54600000.0,348300000.0,-59900000.0,-59900000.0,288400000,-21600000.0,266800000,-92500000.0,174300000,,171500000,171500000,409300000.0,1556600000.0,217200000.0,2900600000.0,1736200000.0,,12055000000.0,13791200000.0,16691800000,1205500000.0,18100000.0,1537200000.0,7200300000.0,9001800000.0,10539000000,2010400000.0,-1059200000.0,5517200000.0,6152800000.0,16691800000,174300000.0,133100000.0,51400000.0,37900000.0,-50300000.0,-5700000.0,100500000.0,-6600000.0,396700000.0,-75100000.0,,-1238400000.0,-1313500000.0,,1087400000.0,-8300000.0,1018600000.0,109300000,2017-09-29,149.38999938964844,151.66000366210938,148.9499969482422,150.97000122070312,150.97000122070312,477600.0
2017-12-31,2744700000.0,-1927600000.0,817100000.0,-480200000.0,-417300000.0,,-62900000.0,336900000.0,-64400000.0,-67800000.0,272500000,-6300000.0,266200000,424000000.0,690200000,,687800000,687800000,316600000.0,1531000000.0,227200000.0,2733800000.0,1706600000.0,,12232600000.0,13939200000.0,16673000000,1367200000.0,417500000.0,2185700000.0,6344600000.0,7662400000.0,9848100000,2001800000.0,-1060100000.0,6196100000.0,6824900000.0,16673000000,690200000.0,145000000.0,-501700000.0,231500000.0,87300000.0,-10000000.0,63200000.0,91000000.0,565000000.0,-92000000.0,,-86300000.0,-178300000.0,,-444900000.0,-31600000.0,-480300000.0,-92400000,2017-12-29,161.36000061035156,161.36000061035156,159.49000549316406,159.50999450683594,159.50999450683594,352700.0
2018-03-31,2848300000.0,-2069300000.0,779000000.0,-459300000.0,-397000000.0,,-62300000.0,319700000.0,-63900000.0,-63500000.0,255800000,-14300000.0,241500000,-69000000.0,172500000,,173200000,173200000,361800000.0,1613000000.0,226200000.0,2896600000.0,1749900000.0,,12185200000.0,13935100000.0,16831700000,1268200000.0,417700000.0,2104000000.0,6359300000.0,7723500000.0,9827500000,1981000000.0,-1085100000.0,6369300000.0,7004200000.0,16831700000,172500000.0,142800000.0,65300000.0,-200900000.0,-53600000.0,1400000.0,-59800000.0,-88900000.0,179700000.0,-72400000.0,,-1900000.0,-74300000.0,,12200000.0,-46600000.0,-65000000.0,45100000,2018-03-29,162.25,163.25,160.63999938964844,161.75,161.75,1057700.0
2018-06-30,2866300000.0,-2031200000.0,835100000.0,-453700000.0,-395200000.0,,-58500000.0,381400000.0,-56500000.0,-63100000.0,324900000,-12200000.0,312700000,-78600000.0,234100000,,233800000,233800000,221400000.0,1520300000.0,230700000.0,3021200000.0,1710900000.0,,11772400000.0,13483300000.0,16504500000,1228000000.0,417800000.0,2121500000.0,6039400000.0,7325300000.0,9446800000,1946800000.0,-1105200000.0,6603100000.0,7057700000.0,16504500000,234100000.0,138500000.0,23500000.0,-53800000.0,66800000.0,-6100000.0,-31500000.0,-83000000.0,342300000.0,-86600000.0,,-84500000.0,-122000000.0,,-312300000.0,-60400000.0,-348000000.0,-140300000,2018-06-29,179.72000122070312,181.6999969482422,178.94000244140625,179.52999877929688,179.52999877929688,516700.0
2018-09-30,2831300000.0,-2041400000.0,789900000.0,-436500000.0,-381800000.0,,-54700000.0,353400000.0,156200000.0,-59400000.0,509600000,-10000000.0,499600000,-180600000.0,319000000,,318800000,318800000,892600000.0,1536100000.0,233000000.0,3274300000.0,1734300000.0,,11652800000.0,13387100000.0,16661400000,1399000000.0,417800000.0,2106200000.0,6044600000.0,7286700000.0,9392900000,1840300000.0,-1106300000.0,6921900000.0,7268500000.0,16661400000,319100000.0,133100000.0,-211500000.0,56300000.0,-21700000.0,-4100000.0,11400000.0,70700000.0,297000000.0,-48500000.0,,-7000000.0,549900000.0,,-2000000.0,-125600000.0,-174000000.0,671200000,2018-09-28,170.6699981689453,174.13999938964844,170.55999755859375,173.67999267578125,173.67999267578125,780000.0
2018-12-31,2787500000.0,-2015100000.0,772400000.0,-453100000.0,-396900000.0,,-56200000.0,319300000.0,-93200000.0,-58200000.0,226100000,-11600000.0,214500000,-56200000.0,158300000,,157900000,157900000,426800000.0,1467900000.0,237300000.0,2835400000.0,1740300000.0,,11609600000.0,13349900000.0,16185300000,1504600000.0,10000000.0,1878900000.0,5990900000.0,7315900000.0,9194800000,1462800000.0,-1108100000.0,7079800000.0,6990500000.0,16185300000,158200000.0,137700000.0,62400000.0,128100000.0,58700000.0,-10100000.0,123200000.0,-43700000.0,486400000.0,536000000.0,-22300000.0,-6100000.0,-146900000.0,,-440900000.0,-398300000.0,-802900000.0,-465800000,2018-12-31,124.97000122070312,126.79000091552734,124.83999633789062,126.36000061035156,126.36000061035156,635500.0
2019-03-31,2791200000.0,-2001500000.0,789700000.0,-450900000.0,-393800000.0,,-57100000.0,338800000.0,-63500000.0,-56700000.0,275300000,-20600000.0,254700000,-68800000.0,185900000,,185600000,185600000,348800000.0,1563000000.0,233700000.0,2885300000.0,2457900000.0,,11627600000.0,14085500000.0,16970800000,1389500000.0,501700000.0,2526900000.0,5495600000.0,7313100000.0,9840000000,1412900000.0,-1127500000.0,7265400000.0,7130800000.0,16970800000,185900000.0,198500000.0,47800000.0,-266400000.0,-90800000.0,3400000.0,-28800000.0,-150200000.0,165800000.0,-90300000.0,,-50200000.0,-140500000.0,,-8200000.0,-75400000.0,-103200000.0,-78000000,2019-03-29,151.24000549316406,153.36000061035156,151.24000549316406,152.97999572753906,152.97999572753906,494400.0
2019-06-30,2881700000.0,-2056900000.0,824800000.0,-475500000.0,-415300000.0,,-60200000.0,349300000.0,-65700000.0,-59100000.0,283600000,-13600000.0,270000000,-79300000.0,190700000,,190400000,190400000,265400000.0,1576100000.0,219700000.0,2848600000.0,2544200000.0,,12351600000.0,14895800000.0,17744400000,1351900000.0,502300000.0,2495800000.0,6135000000.0,8084200000.0,10580000000,111400000.0,0.0,9100000.0,7164400000.0,17744400000,190700000.0,172600000.0,40700000.0,-150500000.0,-300000.0,-5100000.0,-80200000.0,-64900000.0,253500000.0,-84900000.0,,-665900000.0,-750800000.0,,631300000.0,-190700000.0,414900000.0,-83400000,2019-06-28,171.11000061035156,173.0500030517578,170.47999572753906,172.89999389648438,172.89999389648438,924100.0
2019-09-30,2928500000.0,-2111199999.0,817300001.0,-463200000.0,-401500000.0,,-61700000.0,354100001.0,-52500000.0,-60500000.0,301600001,-14200000.0,287400001,-66400000.0,221000001,,220700001,220700001,361100000.0,1617200000.0,234900000.0,2987800000.0,2462800000.0,,12397200000.0,14860000000.0,17847800000,1438100000.0,502600000.0,2554900000.0,6101300000.0,8042100000.0,10597000000,67500000.0,0.0,9000000.0,7250800000.0,17847800000,221000000.0,50300000.0,160400000.0,23900000.0,-53200000.0,1700000.0,80800000.0,-5400000.0,455600000.0,-91000000.0,,-148700000.0,-239700000.0,,-85400000.0,-74900000.0,-115000000.0,95700000,2019-09-30,165.6300048828125,168.7899932861328,165.50999450683594,168.0,168.0,436700.0
2019-12-31,2953400000.0,-2132700000.0,820700000.0,-478100000.0,-413900000.0,,-64200000.0,342600000.0,-43600000.0,-64400000.0,299000000,-6200000.0,292800000,-65500000.0,227300000,,227100000,227100000,337500000.0,1543900000.0,244700000.0,2981200000.0,2636600000.0,,12428600000.0,15065200000.0,18046400000,1574700000.0,423600000.0,2655800000.0,5789800000.0,7803500000.0,10459300000,35800000.0,,7903600000.0,7587100000.0,18046400000,227300000.0,155800000.0,88100000.0,98600001.0,80200001.0,-21900000.0,15400000.0,24900000.0,569800001.0,-115100000.0,-27500000.0,-9500000.0,-152100000.0,,-368200000.0,-44300000.0,-449400000.0,-23599999,2019-12-31,168.02000427246094,169.22000122070312,167.4600067138672,169.1699981689453,169.1699981689453,388600.0
2020-03-31,2823800000.0,-2095800000.0,728000000.0,-457800000.0,-395500000.0,,-62300000.0,270200000.0,-75100000.0,-55000000.0,195100000,-462800000.0,-267700000,-49200000.0,-316900000,,-317200000,-317200000,323600000.0,1482200000.0,254000000.0,2891100000.0,2609600000.0,,11797700000.0,14407300000.0,17298400000,1396800000.0,417400000.0,2458000000.0,5790200000.0,7801800000.0,10259800000,18500000.0,,9000000.0,7038600000.0,17298400000,-316900000.0,144600000.0,560900000.0,-184800000.0,46700000.0,-10600000.0,-56500000.0,-164400000.0,203800000.0,-99600000.0,,-7000000.0,-106600000.0,,0.0,-73100000.0,-102800000.0,-13900000,2020-03-31,130.75,131.27000427246094,123.05999755859376,126.38999938964844,126.38999938964844,1273700.0
2020-06-30,2768800000.0,-2008300000.0,760500000.0,-456400000.0,-396300000.0,,-60100000.0,304100000.0,-700000.0,-52700000.0,303400000,-6400000.0,297000000,-65400000.0,231600000,,231600000,231600000,557000000.0,1661000000.0,342300000.0,3413200000.0,2627700000.0,,11808200000.0,14435900000.0,17849100000,1566800000.0,790800000.0,3034400000.0,5416600000.0,7442500000.0,10476900000,51600000.0,,9000000.0,7372200000.0,17849100000,231600000.0,143900000.0,64100000.0,-68900000.0,-170900000.0,-87800000.0,-32400000.0,222200000.0,370700000.0,-98300000.0,,-25100000.0,-123400000.0,,0.0,1900000.0,-16900000.0,233400000,2020-06-30,162.27000427246094,166.8800048828125,160.8800048828125,166.11000061035156,166.11000061035156,904500.0
