Report Date,Revenue,Cost of Revenue,Gross Profit,Operating Expenses,"Selling, General & Administrative",Research & Development,Depreciation & Amortization,Operating Income (Loss),Non-Operating Income (Loss),"Interest Expense, Net","Pretax Income (Loss), Adj.",Abnormal Gains (Losses),Pretax Income (Loss),"Income Tax (Expense) Benefit, Net",Income (Loss) from Continuing Operations,Net Extraordinary Gains (Losses),Net Income,Net Income (Common),"Cash, Cash Equivalents & Short Term Investments",Accounts & Notes Receivable,Inventories,Total Current Assets,"Property, Plant & Equipment, Net",Long Term Investments & Receivables,Other Long Term Assets,Total Noncurrent Assets,Total Assets,Payables & Accruals,Short Term Debt,Total Current Liabilities,Long Term Debt,Total Noncurrent Liabilities,Total Liabilities,Share Capital & Additional Paid-In Capital,Treasury Stock,Retained Earnings,Total Equity,Total Liabilities & Equity,Net Income/Starting Line,Depreciation & Amortization,Non-Cash Items,Change in Working Capital,Change in Accounts Receivable,Change in Inventories,Change in Accounts Payable,Change in Other,Net Cash from Operating Activities,Change in Fixed Assets & Intangibles,Net Change in Long Term Investment,Net Cash from Acquisitions & Divestitures,Net Cash from Investing Activities,Dividends Paid,Cash from (Repayment of) Debt,Cash from (Repurchase of) Equity,Net Cash from Financing Activities,Net Change in Cash,Price Date,Open,High,Low,Close,Adj Close,Volume
2008-12-31,2733000000.0,-2164000000.0,569000000.0,-499000000.0,,,-154000000.0,70000000.0,-153000000.0,-28000000.0,-83000000,,-83000000,26000000.0,-57000000,,-57000000,-57000000,1803000000.0,,203000000.0,2653000000.0,11040000000.0,,375000000.0,11415000000.0,14068000000,1680000000.0,163000000.0,2806000000.0,3498000000.0,6309000000.0,9115000000,2023000000.0,-1005000000.0,4919000000.0,4953000000.0,14068000000,-57000000.0,154000000.0,-2299000000.0,-343000000.0,,,,,-2545000000.0,-158000000.0,,,631000000.0,0.0,876000000.0,4000000.0,892000000.0,-1022000000,2008-12-31,8.430000305175781,8.670000076293945,8.300000190734862,8.619999885559082,7.9696574211120605,6789900.0
2009-03-31,2357000000.0,-1929000000.0,428000000.0,-478000000.0,,,-150000000.0,-50000000.0,-57000000.0,-40000000.0,-107000000,,-107000000,16000000.0,-91000000,,-91000000,-91000000,2134000000.0,,171000000.0,2996000000.0,10813000000.0,,370000000.0,11183000000.0,14179000000,1709000000.0,163000000.0,3123000000.0,3447000000.0,6128000000.0,9251000000,2027000000.0,-996000000.0,4819000000.0,4928000000.0,14179000000,-91000000.0,150000000.0,-49000000.0,276000000.0,,,,,286000000.0,-85000000.0,,,-465000000.0,-7000000.0,-35000000.0,4000000.0,-44000000.0,-223000000,2009-03-31,6.230000019073486,6.53000020980835,6.170000076293945,6.329999923706055,5.856966495513916,11128400.0
2009-06-30,2616000000.0,-2005000000.0,611000000.0,-488000000.0,,,-150000000.0,123000000.0,-16000000.0,-44000000.0,107000000,,107000000,-16000000.0,91000000,,91000000,91000000,2198000000.0,,200000000.0,3094000000.0,10661000000.0,,272000000.0,10933000000.0,14027000000,1756000000.0,105000000.0,3068000000.0,3278000000.0,5811000000.0,8879000000,2031000000.0,-986000000.0,4900000000.0,5148000000.0,14027000000,91000000.0,150000000.0,-133000000.0,27000000.0,,,,,135000000.0,-187000000.0,,,-169000000.0,-3000000.0,-166000000.0,4000000.0,-165000000.0,-199000000,2009-06-30,6.670000076293945,6.739999771118164,6.46999979019165,6.730000019073486,6.231598377227782,8532200.0
2009-09-30,2666000000.0,-2158000000.0,508000000.0,-486000000.0,,,-162000000.0,22000000.0,-42000000.0,-45000000.0,-20000000,,-20000000,4000000.0,-16000000,,-16000000,-16000000,2254000000.0,,196000000.0,3127000000.0,10698000000.0,,275000000.0,10973000000.0,14100000000,1612000000.0,198000000.0,3024000000.0,3378000000.0,5859000000.0,8883000000,2034000000.0,-978000000.0,4876000000.0,5217000000.0,14100000000,-16000000.0,162000000.0,44000000.0,-118000000.0,,,,,72000000.0,-198000000.0,,,-297000000.0,-3000000.0,185000000.0,4000000.0,181000000.0,-44000000,2009-09-30,9.65999984741211,9.729999542236328,9.4399995803833,9.600000381469727,8.89449405670166,7022200.0
2009-12-31,2711000000.0,-2043000000.0,668000000.0,-501000000.0,,,-154000000.0,167000000.0,17000000.0,-44000000.0,184000000,0.0,184000000,-69000000.0,115000000,,115000000,115000000,2593000000.0,,221000000.0,3358000000.0,10634000000.0,,277000000.0,10911000000.0,14269000000,1461000000.0,190000000.0,2695000000.0,3325000000.0,6120000000.0,8815000000,2024000000.0,-963000000.0,4971000000.0,5454000000.0,14269000000,115000000.0,154000000.0,255000000.0,-32000000.0,,,,,492000000.0,-115000000.0,,0.0,-257000000.0,0.0,-29000000.0,8000000.0,-23000000.0,212000000,2009-12-31,11.380000114440918,11.529999732971193,11.300000190734865,11.43000030517578,10.59525203704834,5805400.0
2010-03-31,2630000000.0,-2088000000.0,542000000.0,-488000000.0,,,-154000000.0,54000000.0,-37000000.0,-38000000.0,17000000,,17000000,-6000000.0,11000000,,11000000,11000000,2773000000.0,,227000000.0,3621000000.0,10621000000.0,,288000000.0,10909000000.0,14530000000,1348000000.0,170000000.0,2918000000.0,3305000000.0,6076000000.0,8994000000,2026000000.0,-945000000.0,4973000000.0,5536000000.0,14530000000,11000000.0,154000000.0,22000000.0,186000000.0,,,,,373000000.0,-139000000.0,,,-322000000.0,-7000000.0,-60000000.0,12000000.0,-55000000.0,-4000000,2010-03-31,13.0600004196167,13.420000076293945,13.0600004196167,13.220000267028807,12.25934886932373,8113800.0
2010-06-30,3168.0,-2324.0,844.0,-481.0,,,-154.0,363.0,-179.0,-38.0,184,0.0,184,-72.0,112,,112,112,3124000000.0,,226000000.0,3971000000.0,10627000000.0,,389000000.0,11016000000.0,14987000000,1729000000.0,123000000.0,3338000000.0,3324000000.0,6101000000.0,9439000000,2029000000.0,-915000000.0,5075000000.0,5548000000.0,14987000000,112.0,154.0,-54.0,328.0,,,,,540.0,-159.0,,0.0,-610.0,-3.0,-69.0,23.0,-51.0,-121,2010-06-30,11.109999656677246,11.329999923706055,11.0600004196167,11.109999656677246,10.306963920593262,7743800.0
2010-09-30,3192000000.0,-2313000000.0,879000000.0,-523000000.0,,,-161000000.0,356000000.0,-23000000.0,-41000000.0,333000000,-1000000.0,332000000,-127000000.0,205000000,,205000000,205000000,3379000000.0,,231000000.0,4042000000.0,10566000000.0,,535000000.0,11101000000.0,15143000000,1651000000.0,113000000.0,3187000000.0,3350000000.0,6006000000.0,9193000000,2033000000.0,-903000000.0,5273000000.0,5950000000.0,15143000000,205000000.0,161000000.0,38000000.0,-19000000.0,,,,,385000000.0,-100000000.0,,0.0,-312000000.0,-3000000.0,-39000000.0,10000000.0,-31000000.0,42000000,2010-09-30,13.229999542236328,13.5,13.0,13.06999969482422,12.130778312683105,9007300.0
2010-12-31,6281996832.0,-4660997676.0,1620999156.0,-1034999519.0,,,-312999846.0,585999637.0,-182999821.0,-75999962.0,402999816,-7000000.0,395999816,-152999928.0,242999888,,242999888,242999888,3538000000.0,,243000000.0,4279000000.0,10578000000.0,,606000000.0,11184000000.0,15463000000,1602000000.0,505000000.0,3305000000.0,2875000000.0,5921000000.0,9226000000,1991000000.0,-891000000.0,5399000000.0,6237000000.0,15463000000,242999888.0,312999846.0,102000054.0,144999672.0,,,,,802999460.0,-253999841.0,,0.0,-630999390.0,-2999997.0,-99999931.0,32999977.0,-62999949.0,109000121,2010-12-31,12.949999809265135,13.0,12.829999923706055,12.979999542236328,12.051878929138185,3003800.0
2011-03-31,3103000000.0,-2438000000.0,665000000.0,-534000000.0,,,-155000000.0,131000000.0,-96000000.0,-40000000.0,35000000,-17000000.0,18000000,-13000000.0,5000000,,5000000,5000000,4465000000.0,,320000000.0,5329000000.0,10496000000.0,,589000000.0,11085000000.0,16414000000,1743000000.0,905000000.0,4358000000.0,2428000000.0,5469000000.0,9827000000,1994000000.0,-885000000.0,5399000000.0,6587000000.0,16414000000,5000000.0,155000000.0,234000000.0,571000000.0,,,,,965000000.0,-57000000.0,,0.0,-231000000.0,-7000000.0,-30000000.0,4000000.0,44000000.0,778000000,2011-03-31,12.56999969482422,12.729999542236328,12.479999542236328,12.630000114440918,11.73186492919922,5918500.0
2011-06-30,4136000000.0,-3224000000.0,912000000.0,-647000000.0,,,-176000000.0,265000000.0,68000000.0,-47000000.0,333000000,-58000000.0,275000000,-114000000.0,161000000,,161000000,161000000,4374.0,,394.0,5421.0,11721.0,,1803.0,13524.0,18945,2179.0,990.0,5318.0,3242.0,6425.0,11743,2027.0,-116.0,5398.0,7202.0,18945,161000000.0,176000000.0,-164000000.0,64000000.0,,,,,237000000.0,-215000000.0,,-35000000.0,-589000000.0,-3000000.0,-113000000.0,27000000.0,-92000000.0,-444000000,2011-06-30,11.4399995803833,11.600000381469727,11.380000114440918,11.420000076293945,10.61250114440918,7753300.0
2011-09-30,4311000000.0,-3351000000.0,960000000.0,-713000000.0,,,-191000000.0,247000000.0,-451000000.0,-49000000.0,-204000000,-22000000.0,-226000000,86000000.0,-140000000,,-140000000,-140000000,3656000000.0,,459000000.0,4594000000.0,11834000000.0,,1457000000.0,13291000000.0,17885000000,2276000000.0,986000000.0,5320000000.0,3220000000.0,6080000000.0,11400000000,2030000000.0,-283000000.0,5251000000.0,6485000000.0,17885000000,-140000000.0,191000000.0,-107000000.0,-162000000.0,,,,,-218000000.0,-276000000.0,,0.0,-137000000.0,-3000000.0,-48000000.0,-171000000.0,-224000000.0,-579000000,2011-09-30,8.489999771118164,8.560000419616701,8.039999961853027,8.039999961853027,7.476260185241699,10393200.0
2011-12-31,4108000000.0,-3224000000.0,884000000.0,-700000000.0,,,-193000000.0,184000000.0,109000000.0,-48000000.0,293000000,-37000000.0,256000000,-104000000.0,152000000,,152000000,152000000,3144000000.0,,401000000.0,4345000000.0,12127000000.0,,1596000000.0,13723000000.0,18068000000,2053000000.0,644000000.0,4533000000.0,3107000000.0,6658000000.0,11191000000,2030000000.0,-324000000.0,5395000000.0,6877000000.0,18068000000,152000000.0,193000000.0,207000000.0,-180000000.0,,,,,372000000.0,-420000000.0,,0.0,-65000000.0,-1000000.0,-430000000.0,-65000000.0,-494000000.0,-187000000,2011-12-30,8.579999923706055,8.640000343322754,8.520000457763674,8.560000419616701,7.964502811431885,4516000.0
2012-03-31,3991000000.0,-3265000000.0,726000000.0,-691000000.0,,,-201000000.0,35000000.0,137000000.0,-38000000.0,172000000,-13000000.0,159000000,-61000000.0,98000000,,98000000,98000000,3784000000.0,,432000000.0,5120000000.0,12095000000.0,,1611000000.0,13706000000.0,18826000000,2232000000.0,259000000.0,5047000000.0,3048000000.0,6682000000.0,11729000000,2033000000.0,-365000000.0,5486000000.0,7097000000.0,18826000000,98000000.0,201000000.0,100000000.0,826000000.0,,,,,1225000000.0,-127000000.0,,,-12000000.0,-7000000.0,-431000000.0,-45000000.0,-484000000.0,729000000,2012-03-30,8.399999618530272,8.409999847412111,8.159999847412111,8.239999771118164,7.671109199523926,8889300.0
2012-06-30,4616000000.0,-3440000000.0,1176000000.0,-705000000.0,,,-202000000.0,471000000.0,-92000000.0,-36000000.0,379000000,-11000000.0,368000000,-140000000.0,228000000,,228000000,228000000,3256000000.0,,446000000.0,4691000000.0,12342000000.0,,1483000000.0,13825000000.0,18516000000,2295000000.0,257000000.0,5080000000.0,3019000000.0,6596000000.0,11676000000,2032000000.0,-564000000.0,5692000000.0,6840000000.0,18516000000,228000000.0,202000000.0,-258000000.0,-27000000.0,,,,,145000000.0,-416000000.0,,,-355000000.0,-8000000.0,-38000000.0,-213000000.0,-265000000.0,-475000000,2012-06-29,9.34000015258789,9.420000076293944,9.18000030517578,9.220000267028807,8.593055725097656,13235000.0
2012-09-30,4309000000.0,-3387000000.0,922000000.0,-726000000.0,,,-217000000.0,196000000.0,-18000000.0,-33000000.0,178000000,-145000000.0,33000000,-17000000.0,16000000,,16000000,16000000,3235000000.0,,544000000.0,4652000000.0,12572000000.0,,1589000000.0,14161000000.0,18813000000,2180000000.0,265000000.0,4969000000.0,2961000000.0,6842000000.0,11811000000,2036000000.0,-609000000.0,5700000000.0,7002000000.0,18813000000,16000000.0,217000000.0,499000000.0,-268000000.0,,,,,464000000.0,-406000000.0,,,-277000000.0,-7000000.0,-48000000.0,-45000000.0,-102000000.0,85000000,2012-09-28,8.869999885559082,8.869999885559082,8.75,8.770000457763674,8.182626724243164,6275500.0
2012-12-31,4172000000.0,-3307000000.0,865000000.0,-761000000.0,,,-224000000.0,104000000.0,35000000.0,-33000000.0,139000000,-14000000.0,125000000,-46000000.0,79000000,,79000000,79000000,2970000000.0,,469000000.0,4227000000.0,12766000000.0,,1603000000.0,14369000000.0,18596000000,2209000000.0,271000000.0,4650000000.0,2883000000.0,6954000000.0,11604000000,2018000000.0,-675000000.0,5768000000.0,6992000000.0,18596000000,79000000.0,224000000.0,75000000.0,-148000000.0,,,,,230000000.0,-399000000.0,,,-189000000.0,0.0,-61000000.0,-70000000.0,-96000000.0,-55000000,2012-12-31,10.130000114440918,10.25,10.100000381469727,10.239999771118164,9.564300537109377,5516300.0
2013-03-31,4084000000.0,-3290000000.0,794000000.0,-711000000.0,,,-210000000.0,83000000.0,24000000.0,-27000000.0,107000000,-13000000.0,94000000,-35000000.0,59000000,,59000000,59000000,3135000000.0,,480000000.0,4514000000.0,13130000000.0,,1553000000.0,14683000000.0,19197000000,2254000000.0,280000000.0,5411000000.0,2708000000.0,6825000000.0,12236000000,2022000000.0,-768000000.0,5818000000.0,6961000000.0,19197000000,59000000.0,210000000.0,9000000.0,705000000.0,,,,,983000000.0,-534000000.0,,,-472000000.0,-15000000.0,-164000000.0,-94000000.0,-286000000.0,225000000,2013-03-28,13.25,13.579999923706055,13.210000038146973,13.479999542236328,12.600970268249512,11806600.0
2013-06-30,4643000000.0,-3452000000.0,1191000000.0,-732000000.0,,,-213000000.0,459000000.0,-70000000.0,-31000000.0,389000000,-26000000.0,363000000,-139000000.0,224000000,,224000000,224000000,3393000000.0,,461000000.0,4864000000.0,13164000000.0,,1354000000.0,14518000000.0,19382000000,2439000000.0,263000000.0,5779000000.0,2671000000.0,6822000000.0,12601000000,2009000000.0,-995000000.0,6015000000.0,6781000000.0,19382000000,224000000.0,213000000.0,25000000.0,316000000.0,,,,,778000000.0,-193000000.0,,,-300000000.0,-28000000.0,-52000000.0,-238000000.0,-327000000.0,151000000,2013-06-28,12.989999771118164,13.050000190734865,12.829999923706055,12.890000343322756,12.083556175231935,7505200.0
2013-09-30,4545000000.0,-3374000000.0,1171000000.0,-753000000.0,,,-221000000.0,418000000.0,29000000.0,-34000000.0,447000000,-28000000.0,419000000,-160000000.0,259000000,,259000000,259000000,3328000000.0,,521000000.0,4773000000.0,13203000000.0,,1388000000.0,14591000000.0,19364000000,2306000000.0,259000000.0,5546000000.0,2616000000.0,6805000000.0,12351000000,2013000000.0,-1132000000.0,6246000000.0,7013000000.0,19364000000,259000000.0,221000000.0,131000000.0,-183000000.0,,,,,428000000.0,-268000000.0,,,-359000000.0,-28000000.0,-51000000.0,-138000000.0,-225000000.0,-156000000,2013-09-30,14.460000038146973,14.640000343322756,14.109999656677244,14.5600004196167,13.687933921813965,6002400.0
2013-12-31,4427000000.0,-3226000000.0,1201000000.0,-797000000.0,,,-223000000.0,404000000.0,-52000000.0,-33000000.0,352000000,-19000000.0,333000000,-121000000.0,212000000,,212000000,212000000,3152000000.0,,467000000.0,4456000000.0,13389000000.0,,1500000000.0,14889000000.0,19345000000,2476000000.0,629000000.0,5676000000.0,2191000000.0,6333000000.0,12009000000,2039000000.0,-1131000000.0,6431000000.0,7336000000.0,19345000000,212000000.0,223000000.0,11000000.0,-158000000.0,,,,,288000000.0,-452000000.0,,,-253000000.0,0.0,-46000000.0,26000000.0,-13000000.0,22000000,2013-12-31,18.84000015258789,18.940000534057614,18.76000022888184,18.84000015258789,17.749958038330078,2872100.0
2014-03-31,4166000000.0,-3186000000.0,980000000.0,-747000000.0,,,-221000000.0,233000000.0,29000000.0,-31000000.0,262000000,-18000000.0,244000000,-92000000.0,152000000,,152000000,152000000,3498000000.0,,438000000.0,4814000000.0,13420000000.0,,1742000000.0,15162000000.0,19976000000,2467000000.0,642000000.0,6441000000.0,2172000000.0,6345000000.0,12786000000,2064000000.0,-1417000000.0,6555000000.0,7190000000.0,19976000000,152000000.0,221000000.0,26000000.0,720000000.0,,,,,1119000000.0,-407000000.0,,,-358000000.0,-56000000.0,-46000000.0,-266000000.0,-375000000.0,386000000,2014-03-31,23.29999923706055,23.709999084472656,23.28000068664551,23.61000061035156,22.283950805664066,4551000.0
2014-06-30,5011000000.0,-3437000000.0,1574000000.0,-761000000.0,,,-228000000.0,813000000.0,-29000000.0,-32000000.0,784000000,-38000000.0,746000000,-281000000.0,465000000,,465000000,465000000,3994000000.0,,435000000.0,5317000000.0,13727000000.0,,1847000000.0,15574000000.0,20891000000,2937000000.0,605000000.0,7027000000.0,2153000000.0,6348000000.0,13375000000,2071000000.0,-1645000000.0,6979000000.0,7516000000.0,20891000000,465000000.0,228000000.0,79000000.0,566000000.0,,,,,1338000000.0,-500000000.0,,,-857000000.0,-42000000.0,-73000000.0,-215000000.0,-340000000.0,141000000,2014-06-30,27.149999618530273,27.239999771118164,26.790000915527344,26.86000061035156,25.40905570983887,4876100.0
2014-09-30,4800000000.0,-3357000000.0,1443000000.0,-806000000.0,,,-238000000.0,637000000.0,-89000000.0,-29000000.0,548000000,-23000000.0,525000000,-196000000.0,329000000,,329000000,329000000,3560000000.0,,429000000.0,4985000000.0,13965000000.0,,1589000000.0,15554000000.0,20539000000,2462000000.0,607000000.0,6446000000.0,2125000000.0,6664000000.0,13110000000,2088000000.0,-1833000000.0,7266000000.0,7429000000.0,20539000000,329000000.0,238000000.0,331000000.0,-658000000.0,,,,,240000000.0,-433000000.0,,,-44000000.0,-41000000.0,-48000000.0,-177000000.0,-246000000.0,-50000000,2014-09-30,33.709999084472656,34.279998779296875,33.299999237060554,33.77000045776367,32.00809860229492,6780500.0
2014-12-31,4628000000.0,-3131000000.0,1497000000.0,-829000000.0,,,-251000000.0,668000000.0,-320000000.0,-31000000.0,348000000,-47000000.0,301000000,-111000000.0,190000000,,190000000,190000000,2988000000.0,,342000000.0,3927000000.0,14292000000.0,,1504000000.0,15796000000.0,19723000000,2768000000.0,258000000.0,5923000000.0,2434000000.0,7025000000.0,12948000000,2123000000.0,-2026000000.0,7416000000.0,6775000000.0,19723000000,190000000.0,251000000.0,-166000000.0,-70000000.0,,,,,205000000.0,-488000000.0,,,-468000000.0,0.0,-94000000.0,-187000000.0,-287000000.0,-550000000,2014-12-31,42.5,43.18999862670898,42.25,42.31999969482422,40.16922378540039,4912400.0
2015-03-31,4414000000.0,-2870000000.0,1544000000.0,-741000000.0,,,-244000000.0,803000000.0,-57000000.0,-31000000.0,746000000,-23000000.0,723000000,-270000000.0,453000000,,453000000,453000000,3438000000.0,,304000000.0,4963000000.0,14607000000.0,,1593000000.0,16200000000.0,21163000000,3019000000.0,271000000.0,6903000000.0,2416000000.0,7358000000.0,14261000000,2137000000.0,-2322000000.0,7829000000.0,6902000000.0,21163000000,453000000.0,244000000.0,-22000000.0,777000000.0,,,,,1452000000.0,-595000000.0,,,-302000000.0,-81000000.0,-51000000.0,-287000000.0,-407000000.0,743000000,2015-03-31,44.61999893188477,44.61999893188477,43.88000106811523,44.29999923706055,42.10572052001953,4602700.0
2015-06-30,5111000000.0,-3210000000.0,1901000000.0,-813000000.0,,,-250000000.0,1088000000.0,-108000000.0,-27000000.0,980000000,-3000000.0,977000000,-369000000.0,608000000,,608000000,608000000,3132000000.0,,326000000.0,4596000000.0,14860000000.0,,1619000000.0,16479000000.0,21075000000,2785000000.0,276000000.0,6876000000.0,2411000000.0,7041000000.0,13917000000,2127000000.0,-2692000000.0,8387000000.0,7158000000.0,21075000000,608000000.0,250000000.0,-332000000.0,101000000.0,,,,,627000000.0,-450000000.0,,,-407000000.0,-50000000.0,-40000000.0,-372000000.0,-473000000.0,-253000000,2015-06-30,33.560001373291016,33.75,33.09000015258789,33.09000015258789,31.514781951904297,10601600.0
2015-09-30,5318000000.0,-3257000000.0,2061000000.0,-830000000.0,,,-258000000.0,1231000000.0,-292000000.0,-29000000.0,939000000,-6000000.0,933000000,-349000000.0,584000000,,584000000,584000000,3096000000.0,,308000000.0,4573000000.0,14929000000.0,,1657000000.0,16586000000.0,21159000000,3284000000.0,287000000.0,7084000000.0,2381000000.0,7107000000.0,14191000000,2138000000.0,-3189000000.0,8922000000.0,6968000000.0,21159000000,584000000.0,258000000.0,-122000000.0,116000000.0,,,,,836000000.0,-262000000.0,,,-259000000.0,-49000000.0,-79000000.0,-491000000.0,-609000000.0,-32000000,2015-09-30,38.11000061035156,38.45000076293945,37.45000076293945,38.040000915527344,36.29643630981445,7232500.0
2015-12-31,4977000000.0,-3071000000.0,1906000000.0,-873000000.0,,,-263000000.0,1033000000.0,-180000000.0,-25000000.0,853000000,-7000000.0,846000000,-310000000.0,536000000,,536000000,536000000,3051000000.0,,311000000.0,4024000000.0,15601000000.0,,1687000000.0,17288000000.0,21312000000,3779000000.0,637000000.0,7406000000.0,2541000000.0,6548000000.0,13954000000,2182000000.0,-3182000000.0,9409000000.0,7358000000.0,21312000000,536000000.0,263000000.0,-552000000.0,76000000.0,,,,,323000000.0,-836000000.0,,,-945000000.0,0.0,457000000.0,16000000.0,465000000.0,-157000000,2015-12-31,43.18000030517578,43.29999923706055,42.75,43.060001373291016,41.14857864379883,3826000.0
2016-03-31,4826000000.0,-3014000000.0,1812000000.0,-868000000.0,,,-290000000.0,944000000.0,-128000000.0,-25000000.0,816000000,,816000000,-303000000.0,513000000,,513000000,513000000,3582000000.0,,289000000.0,4574000000.0,15964000000.0,,1703000000.0,17667000000.0,22241000000,3625000000.0,953000000.0,8253000000.0,2355000000.0,6492000000.0,14745000000,2195000000.0,-3677000000.0,9872000000.0,7496000000.0,22241000000,513000000.0,290000000.0,-168000000.0,981000000.0,,,,,1616000000.0,-449000000.0,,,-175000000.0,-96000000.0,-56000000.0,-489000000.0,-636000000.0,805000000,2016-03-31,44.97000122070313,45.36999893188477,44.77999877929688,44.79999923706055,42.88802337646485,5195700.0
2016-06-30,5384000000.0,-3190000000.0,2194000000.0,-918000000.0,,,-299000000.0,1276000000.0,28000000.0,-26000000.0,1304000000,,1304000000,-484000000.0,820000000,,820000000,820000000,3415000000.0,,328000000.0,4469000000.0,16294000000.0,,1684000000.0,17978000000.0,22447000000,3116000000.0,963000000.0,7833000000.0,2391000000.0,6793000000.0,14626000000,2191000000.0,-4373000000.0,10631000000.0,7821000000.0,22447000000,820000000.0,299000000.0,265000000.0,-272000000.0,,,,,1112000000.0,-488000000.0,,,-674000000.0,-63000000.0,-48000000.0,-694000000.0,-786000000.0,-348000000,2016-06-30,38.959999084472656,39.209999084472656,38.540000915527344,39.209999084472656,37.626853942871094,5333300.0
2016-09-30,5139000000.0,-3471000000.0,1668000000.0,-973000000.0,,,-315000000.0,695000000.0,-77000000.0,-25000000.0,618000000,,618000000,-230000000.0,388000000,,388000000,388000000,3446000000.0,,331000000.0,4839000000.0,16546000000.0,,1660000000.0,18206000000.0,23045000000,3167000000.0,972000000.0,7816000000.0,2323000000.0,7182000000.0,14998000000,2210000000.0,-4621000000.0,10957000000.0,8047000000.0,23045000000,388000000.0,315000000.0,319000000.0,-166000000.0,,,,,856000000.0,-497000000.0,,,-584000000.0,-62000000.0,-68000000.0,-244000000.0,-346000000.0,-74000000,2016-09-30,38.27000045776367,39.18000030517578,38.02999877929688,38.88999938964844,37.421241760253906,9364400.0
2016-12-31,5076000000.0,-3255000000.0,1821000000.0,-976000000.0,,,-317000000.0,845000000.0,-36000000.0,-22000000.0,809000000,0.0,809000000,-286000000.0,523000000,,523000000,523000000,3305000000.0,,337000000.0,4498000000.0,17044000000.0,,1744000000.0,18788000000.0,23286000000,3163000000.0,566000000.0,6844000000.0,2821000000.0,8001000000.0,14845000000,2218000000.0,-4872000000.0,11418000000.0,8441000000.0,23286000000,523000000.0,317000000.0,230000000.0,-361000000.0,,,,,709000000.0,-713000000.0,,,-839000000.0,-1000000.0,96000000.0,-294000000.0,-156000000.0,-286000000,2016-12-30,50.18999862670898,50.36999893188477,49.52999877929688,49.84000015258789,48.059791564941406,3257200.0
2017-03-31,4854000000.0,-3242000000.0,1612000000.0,-1006000000.0,,,-318000000.0,606000000.0,-74000000.0,-22000000.0,532000000,,532000000,-193000000.0,339000000,,339000000,339000000,3482000000.0,,356000000.0,4658000000.0,17286000000.0,,1819000000.0,19105000000.0,23763000000,3161000000.0,285000000.0,7458000000.0,2781000000.0,8101000000.0,15559000000,2227000000.0,-5419000000.0,11708000000.0,8204000000.0,23763000000,339000000.0,318000000.0,74000000.0,894000000.0,,,,,1625000000.0,-463000000.0,,,-470000000.0,-123000000.0,-369000000.0,-543000000.0,-984000000.0,171000000,2017-03-31,53.52999877929688,53.959999084472656,53.40999984741211,53.7599983215332,51.92999649047852,3119600.0
2017-06-30,5731000000.0,-3470000000.0,2261000000.0,-1046000000.0,,,-319000000.0,1215000000.0,-50000000.0,-19000000.0,1165000000,,1165000000,-422000000.0,743000000,,743000000,743000000,3152000000.0,,365000000.0,4343000000.0,17679000000.0,,1899000000.0,19578000000.0,23921000000,2778000000.0,307000000.0,7097000000.0,2788000000.0,8294000000.0,15391000000,2230000000.0,-5815000000.0,12378000000.0,8530000000.0,23921000000,743000000.0,319000000.0,124000000.0,-440000000.0,,,,,746000000.0,-598000000.0,,,-584000000.0,-76000000.0,-59000000.0,-393000000.0,-476000000.0,-314000000,2017-06-30,62.040000915527344,62.58000183105469,61.97000122070313,62.13999938964844,60.14929580688477,3186400.0
2017-09-30,5303000000.0,-3415000000.0,1888000000.0,-1043000000.0,,,-302000000.0,845000000.0,-13000000.0,-19000000.0,832000000,,832000000,-304000000.0,528000000,,528000000,528000000,3040000000.0,,438000000.0,4280000000.0,18156000000.0,,1813000000.0,19969000000.0,24249000000,2717000000.0,316000000.0,6965000000.0,2763000000.0,8484000000.0,15449000000,2244000000.0,-6114000000.0,12806000000.0,8800000000.0,24249000000,528000000.0,302000000.0,262000000.0,-96000000.0,,,,,996000000.0,-655000000.0,,,-620000000.0,-75000000.0,-106000000.0,-293000000.0,-453000000.0,-77000000,2017-09-29,56.209999084472656,56.6500015258789,55.86999893188477,55.97999954223633,54.31344604492188,3751300.0
2017-12-31,5258000000.0,-3547000000.0,1711000000.0,-970000000.0,,,-279000000.0,741000000.0,-5000000.0,-19000000.0,736000000,,736000000,1011000000.0,1747000000,,1747000000,1747000000,3273000000.0,,420000000.0,4815000000.0,18539000000.0,,1756000000.0,20295000000.0,25110000000,3020000000.0,348000000.0,6863000000.0,3320000000.0,8606000000.0,15469000000,2259000000.0,-6462000000.0,13832000000.0,9641000000.0,25110000000,1747000000.0,279000000.0,-1318000000.0,-146000000.0,,,,,562000000.0,-533000000.0,,,-734000000.0,0.0,542000000.0,-342000000.0,207000000.0,35000000,2017-12-29,66.0,66.08000183105469,65.44000244140625,65.44999694824219,63.63039779663086,1977200.0
2018-03-31,4944000000.0,-3426000000.0,1518000000.0,-902000000.0,,,-277000000.0,616000000.0,-14000000.0,-20000000.0,602000000,,602000000,-139000000.0,463000000,,463000000,463000000,3243000000.0,,430000000.0,4801000000.0,18773000000.0,,1929000000.0,20702000000.0,25503000000,2377000000.0,365000000.0,7162000000.0,3227000000.0,8722000000.0,15884000000,2260000000.0,-6957000000.0,14238000000.0,9619000000.0,25503000000,463000000.0,277000000.0,90000000.0,172000000.0,,,,,1002000000.0,-433000000.0,,,-73000000.0,-148000000.0,-82000000.0,-491000000.0,-602000000.0,327000000,2018-03-29,56.38999938964844,57.59000015258789,56.31000137329102,57.27999877929688,55.80701446533203,3087500.0
2018-06-30,5742000000.0,-3747000000.0,1995000000.0,-1023000000.0,,,-292000000.0,972000000.0,-12000000.0,-18000000.0,960000000,,960000000,-227000000.0,733000000,,733000000,733000000,3686000000.0,,459000000.0,5408000000.0,19066000000.0,,1991000000.0,21057000000.0,26465000000,2699000000.0,365000000.0,7716000000.0,3155000000.0,8752000000.0,16468000000,2277000000.0,-7456000000.0,14878000000.0,9997000000.0,26465000000,733000000.0,292000000.0,202000000.0,404000000.0,,,,,1631000000.0,-538000000.0,,,-694000000.0,-93000000.0,-75000000.0,-491000000.0,-645000000.0,292000000,2018-06-29,50.79999923706055,51.45000076293945,50.72999954223633,50.88000106811523,49.72563934326172,4227700.0
2018-09-30,5575000000.0,-3737000000.0,1838000000.0,-1040000000.0,,,-301000000.0,798000000.0,-12000000.0,-13000000.0,786000000,,786000000,-171000000.0,615000000,,615000000,615000000,3820000000.0,,483000000.0,5601000000.0,19279000000.0,,2002000000.0,21281000000.0,26882000000,2741000000.0,346000000.0,7843000000.0,3100000000.0,8886000000.0,16729000000,2293000000.0,-7954000000.0,15402000000.0,10153000000.0,26882000000,615000000.0,301000000.0,185000000.0,170000000.0,,,,,1271000000.0,-462000000.0,,,-604000000.0,-91000000.0,-98000000.0,-491000000.0,-677000000.0,-10000000,2018-09-28,62.45000076293945,63.0099983215332,61.91999816894531,62.45000076293945,61.1919937133789,3018000.0
2018-12-31,5704000000.0,-3796000000.0,1908000000.0,-1088000000.0,,,-331000000.0,820000000.0,-4000000.0,-11000000.0,816000000,,816000000,-162000000.0,654000000,,654000000,654000000,3689000000.0,,461000000.0,5028000000.0,19525000000.0,,1690000000.0,21215000000.0,26243000000,3165000000.0,606000000.0,7905000000.0,2771000000.0,8485000000.0,16390000000,2318000000.0,-8452000000.0,15967000000.0,9853000000.0,26243000000,654000000.0,331000000.0,-176000000.0,180000000.0,,,,,989000000.0,-543000000.0,,,-667000000.0,0.0,-87000000.0,-492000000.0,-572000000.0,-250000000,2018-12-31,46.93999862670898,47.13999938964844,46.06000137329102,46.47999954223633,45.678123474121094,3805100.0
2019-03-31,5149000000.0,-3617000000.0,1532000000.0,-1027000000.0,,,-297000000.0,505000000.0,-1000000.0,-8000000.0,504000000,,504000000,-117000000.0,387000000,,387000000,387000000,3861000000.0,,484000000.0,5483000000.0,17773000000.0,,3203000000.0,20976000000.0,26459000000,2762000000.0,571000000.0,8723000000.0,2602000000.0,7945000000.0,16668000000,2321000000.0,-8946000000.0,16320000000.0,9791000000.0,26459000000,387000000.0,297000000.0,-41000000.0,494000000.0,,,,,1137000000.0,-160000000.0,,,132000000.0,-178000000.0,-99000000.0,-490000000.0,-779000000.0,490000000,2019-03-29,50.58000183105469,52.099998474121094,50.45000076293945,51.90999984741211,51.16652297973633,6669600.0
2019-06-30,5909000000.0,-3871000000.0,2038000000.0,-1070000000.0,,,-302000000.0,968000000.0,0.0,-7000000.0,968000000,,968000000,-227000000.0,741000000,,741000000,741000000,3986000000.0,,510000000.0,5554000000.0,17733000000.0,,3087000000.0,20820000000.0,26374000000,2645000000.0,654000000.0,8611000000.0,2449000000.0,7823000000.0,16434000000,2342000000.0,-9394000000.0,16962000000.0,9940000000.0,26374000000,741000000.0,302000000.0,-33000000.0,-15000000.0,,,,,995000000.0,-230000000.0,,,-281000000.0,-98000000.0,-75000000.0,-440000000.0,-612000000.0,102000000,2019-06-28,50.959999084472656,51.18000030517578,50.6500015258789,50.77999877929688,50.24193954467773,5965400.0
2019-09-30,5639000000.0,-3750000000.0,1889000000.0,-1070000000.0,,,-308000000.0,819000000.0,0.0,-7000000.0,819000000,,819000000,-160000000.0,659000000,,659000000,659000000,4016000000.0,,528000000.0,5650000000.0,17842000000.0,,2975000000.0,20817000000.0,26467000000,2730000000.0,637000000.0,8629000000.0,2398000000.0,7907000000.0,16536000000,2362000000.0,-9893000000.0,17525000000.0,9931000000.0,26467000000,659000000.0,308000000.0,131000000.0,-7000000.0,,,,,1091000000.0,-375000000.0,,,-359000000.0,-96000000.0,-70000000.0,-491000000.0,-690000000.0,42000000,2019-09-30,54.4000015258789,54.68999862670898,53.72999954223633,54.0099983215332,53.62833786010742,3712900.0
2019-12-31,5731000000.0,-3988000000.0,1743000000.0,-1078000000.0,,,-312000000.0,665000000.0,1000000.0,-6000000.0,666000000,,666000000,-153000000.0,513000000,,513000000,513000000,4072000000.0,1086000000.0,529000000.0,5974000000.0,17025000000.0,,2896000000.0,19921000000.0,25895000000,3323000000.0,819000000.0,8952000000.0,1846000000.0,7111000000.0,16063000000,2389000000.0,-10441000000.0,17945000000.0,9832000000.0,25895000000,513000000.0,312000000.0,-220000000.0,159000000.0,,,,,764000000.0,138000000.0,,,205000000.0,0.0,-371000000.0,-539000000.0,-909000000.0,60000000,2019-12-31,54.040000915527344,54.11999893188477,53.81999969482422,53.97999954223633,53.77304458618164,2881100.0
2020-03-31,4234000000.0,-3335000000.0,899000000.0,-1009000000.0,,,-311000000.0,-110000000.0,-34000000.0,-11000000.0,-144000000,,-144000000,50000000.0,-94000000,,-94000000,-94000000,5545000000.0,,518000000.0,7028000000.0,16989000000.0,,2868000000.0,19857000000.0,26885000000,2080000000.0,2795000000.0,10241000000.0,2288000000.0,7569000000.0,17810000000,2390000000.0,-10886000000.0,17757000000.0,9075000000.0,26885000000,-94000000.0,311000000.0,-108000000.0,-486000000.0,,,,,-377000000.0,76000000.0,,,-5000000.0,-188000000.0,2422000000.0,-440000000.0,1774000000.0,1392000000,2020-03-31,35.27000045776367,37.47000122070313,34.950000762939446,35.61000061035156,35.61000061035156,7794100.0
2020-06-30,1008000000.0,-1602000000.0,-594000000.0,-533000000.0,,,-313000000.0,-1127000000.0,-112000000.0,-87000000.0,-1239000000,,-1239000000,324000000.0,-915000000,,-915000000,-915000000,14457000000.0,,422000000.0,15872000000.0,16247000000.0,,3477000000.0,19724000000.0,35596000000,3342000000.0,695000000.0,9361000000.0,8905000000.0,15357000000.0,24718000000,5047000000.0,-10881000000.0,16842000000.0,10878000000.0,35596000000,-915000000.0,313000000.0,-411000000.0,1910000000.0,,,,,897000000.0,15000000.0,,,332000000.0,,7317000000.0,13000000.0,7182000000.0,8411000000,2020-06-30,34.97999954223633,34.990001678466804,33.56999969482422,34.18000030517578,34.18000030517578,18758400.0
