Report Date,Revenue,Cost of Revenue,Gross Profit,Operating Expenses,"Selling, General & Administrative",Research & Development,Depreciation & Amortization,Operating Income (Loss),Non-Operating Income (Loss),"Interest Expense, Net","Pretax Income (Loss), Adj.",Abnormal Gains (Losses),Pretax Income (Loss),"Income Tax (Expense) Benefit, Net",Income (Loss) from Continuing Operations,Net Extraordinary Gains (Losses),Net Income,Net Income (Common),"Cash, Cash Equivalents & Short Term Investments",Accounts & Notes Receivable,Inventories,Total Current Assets,"Property, Plant & Equipment, Net",Long Term Investments & Receivables,Other Long Term Assets,Total Noncurrent Assets,Total Assets,Payables & Accruals,Short Term Debt,Total Current Liabilities,Long Term Debt,Total Noncurrent Liabilities,Total Liabilities,Share Capital & Additional Paid-In Capital,Treasury Stock,Retained Earnings,Total Equity,Total Liabilities & Equity,Net Income/Starting Line,Depreciation & Amortization,Non-Cash Items,Change in Working Capital,Change in Accounts Receivable,Change in Inventories,Change in Accounts Payable,Change in Other,Net Cash from Operating Activities,Change in Fixed Assets & Intangibles,Net Change in Long Term Investment,Net Cash from Acquisitions & Divestitures,Net Cash from Investing Activities,Dividends Paid,Cash from (Repayment of) Debt,Cash from (Repurchase of) Equity,Net Cash from Financing Activities,Net Change in Cash,Price Date,Open,High,Low,Close,Adj Close,Volume
2005-03-31,403794000.0,-174033000.0,229761000.0,-103262000.0,-45773000.0,-5175000.0,-19965000.0,126499000.0,-19689000.0,-19689000.0,106810000,-133997000.0,-27187000,34299000.0,7112000,,7112000,7112000,799611000.0,75759000.0,8334000.0,968040000.0,1889251000.0,,440629000.0,2329880000.0,3297920000,187608000.0,64033000.0,348374000.0,1433676000.0,1619496000.0,1967870000,963676000.0,,366374000.0,1330050000.0,3297920000,7112000.0,19965000.0,104634000.0,-52588000.0,,,,,79123000.0,-152164000.0,,,-156645000.0,-21052000.0,-292220000.0,,-417765000.0,-495287000,2005-03-31,45.20000076293945,45.70000076293945,44.54999923706055,45.0,30.01139640808105,971300.0
2005-06-30,398821000.0,-184652000.0,214169000.0,-100184000.0,-48214000.0,-5562000.0,-21097000.0,113985000.0,-12127000.0,-10836000.0,101858000,-4008000.0,97850000,-11421000.0,86429000,,86429000,86429000,650194000.0,66386000.0,8769000.0,795503000.0,2093013000.0,,437140000.0,2530153000.0,3325656000,237995000.0,56442000.0,394470000.0,1330108000.0,1514707000.0,1909177000,963976000.0,,452803000.0,1416479000.0,3325656000,86429000.0,21097000.0,17325000.0,79553000.0,,,,,204404000.0,-221401000.0,,,-222101000.0,0.0,-111246000.0,,-131720000.0,-149417000,2005-06-30,36.70000076293945,36.88000106811523,35.2400016784668,35.75,23.842382431030273,1070100.0
2005-09-30,437622000.0,-214483000.0,223139000.0,-114133000.0,-49390000.0,-5926000.0,-27722000.0,109006000.0,-21815000.0,-21960000.0,87191000,-522000.0,86669000,-6573000.0,80096000,,80096000,80096000,589903000.0,53631000.0,8987000.0,716140000.0,2337737000.0,,639458000.0,2977195000.0,3693335000,244751000.0,56101000.0,474178000.0,1537523000.0,1721820000.0,2195998000,964663000.0,,532899000.0,1497337000.0,3693335000,80096000.0,27722000.0,10651000.0,26201000.0,,,,,144670000.0,-208590000.0,,,-411870000.0,0.0,207016000.0,,206909000.0,-60291000,2005-09-30,33.049999237060554,33.27000045776367,32.65999984741211,32.90999984741211,21.948335647583008,1080600.0
2005-12-31,500675000.0,-242216000.0,258459000.0,-117057000.0,-49429000.0,-5575000.0,-26512000.0,141402000.0,-10884000.0,-10696000.0,130518000,86000.0,130604000,-20555000.0,110049000,,110049000,110049000,456846000.0,84778000.0,9967000.0,644706000.0,2600468000.0,,634565000.0,3235033000.0,3879739000,289111000.0,7325000.0,460368000.0,1625901000.0,1809833000.0,2270201000,965014000.0,,642948000.0,1609538000.0,3879739000,110049000.0,26512000.0,23194000.0,1964000.0,,,,,161719000.0,-278466000.0,,,-335391000.0,0.0,39545000.0,313000.0,39858000.0,-133057000,2005-12-30,39.65999984741211,40.25,39.47000122070313,39.47000122070313,26.32332801818848,649500.0
2006-03-31,530364000.0,-251154000.0,279210000.0,-129249000.0,-54812000.0,-9168000.0,-25005000.0,149961000.0,-11037000.0,-11201000.0,138924000,-1081000.0,137843000,-16060000.0,121783000,,121783000,121783000,317277000.0,108450000.0,10645000.0,578131000.0,2887413000.0,,631790000.0,3519203000.0,4097334000,305689000.0,7490000.0,495929000.0,1679846000.0,1864577000.0,2360506000,970659000.0,,764731000.0,1736828000.0,4097334000,121783000.0,25005000.0,16053000.0,-17015000.0,,,,,145826000.0,-294233000.0,,,-342019000.0,,54053000.0,1864000.0,56549000.0,-139569000,2006-03-31,56.6500015258789,56.81000137329102,56.0,56.65999984741211,37.78767395019531,1425000.0
2006-06-30,517007000.0,-262053000.0,254954000.0,-129083000.0,-57337000.0,-7861000.0,-24428000.0,125871000.0,-8681000.0,-8667000.0,117190000,-456000.0,116734000,-7405000.0,109329000,,109329000,109329000,281999000.0,86939000.0,10820000.0,777348000.0,3347330000.0,,1616163000.0,4963493000.0,5740841000,307518000.0,6138000.0,545358000.0,3156799000.0,3345336000.0,3890694000,975275000.0,,874060000.0,1850147000.0,5740841000,109329000.0,24428000.0,12107000.0,-194509000.0,,,,,-48645000.0,-436242000.0,,,-1423337000.0,,1475544000.0,1316000.0,1435804000.0,-35278000,2006-06-30,75.0,78.9000015258789,74.54000091552734,77.86000061035156,51.92637252807617,8582900.0
2006-09-30,553228000.0,-275138000.0,278090000.0,-144229000.0,-58045000.0,-5968000.0,-26743000.0,133861000.0,-24994000.0,-24314000.0,108867000,-383000.0,108484000,-11233000.0,97251000,,97251000,97251000,493709000.0,102129000.0,11663000.0,998309000.0,3921591000.0,,1858573000.0,5780164000.0,6778473000,337373000.0,6413000.0,621761000.0,4023979000.0,4205489000.0,4827250000,981110000.0,,971311000.0,1951223000.0,6778473000,97251000.0,26743000.0,8781000.0,-600791000.0,,,,,-468016000.0,-556417000.0,,,-173609000.0,,860752000.0,683000.0,853358000.0,211710000,2006-09-29,68.33000183105469,69.41000366210939,68.15000152587889,68.34999847412111,45.58396911621094,1526900.0
2006-12-31,636260000.0,-311452000.0,324808000.0,-157780000.0,-60161000.0,-3115000.0,-34595000.0,167028000.0,-25139000.0,-25480000.0,141889000,-704000.0,141185000,-27545000.0,113640000,,113640000,113640000,468066000.0,173683000.0,12291000.0,1093557000.0,4582325000.0,,1450576000.0,6032901000.0,7126458000,398787000.0,6486000.0,734648000.0,4136152000.0,4316656000.0,5051304000,990783000.0,,1084951000.0,2075154000.0,7126458000,113640000.0,34595000.0,11004000.0,14876000.0,,,,,174115000.0,-638399000.0,,,-296891000.0,,96900000.0,3363000.0,97271000.0,-25643000,2006-12-29,90.22000122070312,91.2699966430664,89.25,89.4800033569336,59.67599487304688,905800.0
2007-03-31,628218000.0,-324854000.0,303364000.0,-172180000.0,-57971000.0,-2346000.0,-31232000.0,131184000.0,-28981000.0,-21948000.0,102203000,-178000.0,102025000,-11111000.0,90914000,,90914000,90914000,439525000.0,120854000.0,13052000.0,909523000.0,5344802000.0,,1281327000.0,6626129000.0,7535652000,382809000.0,165610000.0,915528000.0,4258356000.0,4443689000.0,5359217000,1010103000.0,,1171760000.0,2176435000.0,7535652000,90914000.0,31232000.0,23740000.0,-94535000.0,,,,,51351000.0,-764964000.0,,,-366393000.0,,270719000.0,9983000.0,281711000.0,-28541000,2007-03-30,87.20999908447266,88.0,85.88999938964844,86.61000061035156,57.76190948486328,1254200.0
2007-06-30,612926000.0,-331782000.0,281144000.0,-194850000.0,-60700000.0,-1260000.0,-35721000.0,86294000.0,-35361000.0,-33057000.0,50933000,-10766000.0,40167000,-5769000.0,34398000,,34398000,34398000,1785103000.0,119070000.0,13077000.0,2348498000.0,6359988000.0,,1739358000.0,8099346000.0,10447844000,490393000.0,43592000.0,974488000.0,7066273000.0,7252874000.0,8227362000,1019593000.0,,1206158000.0,2220482000.0,10447844000,34398000.0,35721000.0,21176000.0,34671000.0,,,,,125966000.0,-927085000.0,,,-1416125000.0,,2695458000.0,1498000.0,2634468000.0,1345578000,2007-06-29,74.94999694824219,78.0,74.94999694824219,76.38999938964844,50.94599914550781,4810200.0
2007-09-30,660950000.0,-394034000.0,266916000.0,-287423000.0,-80244000.0,-3621000.0,-54309000.0,-20507000.0,-28665000.0,-45717000.0,-49172000,-287000.0,-49459000,952000.0,-48507000,,-48507000,-48507000,1679647000.0,152307000.0,15914000.0,2202596000.0,7656712000.0,,1270244000.0,8926956000.0,11129552000,723545000.0,1329829000.0,2775712000.0,5961369000.0,6150817000.0,8926529000,1045845000.0,,1157651000.0,2203023000.0,11129552000,-48507000.0,54309000.0,14570000.0,21554000.0,,,,,41926000.0,-1080018000.0,,,-294867000.0,,143135000.0,12381000.0,150682000.0,-105456000,2007-09-28,136.94999694824222,139.0,130.52000427246094,133.41999816894528,88.98045349121094,5422500.0
2007-12-31,1048473000.0,-597484000.0,450989000.0,-316828000.0,-120442000.0,-2501000.0,-81295000.0,134161000.0,-88019000.0,-71622000.0,46142000,-596000.0,45546000,-5663000.0,39883000,,39883000,39883000,857150000.0,187195000.0,19902000.0,1379086000.0,8574614000.0,,1512817000.0,10087431000.0,11466517000,721399000.0,54333000.0,1493273000.0,7517997000.0,7712970000.0,9206243000,1065233000.0,,1197534000.0,2260274000.0,11466517000,39883000.0,81295000.0,40118000.0,-19603000.0,,,,,141693000.0,-1071636000.0,,,-1210042000.0,,249963000.0,6360000.0,260525000.0,-822497000,2007-12-31,105.16999816894531,106.1500015258789,102.5,103.0500030517578,68.72611236572266,1296200.0
2008-03-31,1079023000.0,-600789000.0,478234000.0,-376548000.0,-142953000.0,-5892000.0,-113413000.0,101686000.0,-101136000.0,-109235000.0,550000,-9110000.0,-8560000,-2674000.0,-11234000,,-11234000,-11234000,855362000.0,253614000.0,24035000.0,1498061000.0,9426585000.0,,1643755000.0,11070340000.0,12568401000,711616000.0,78286000.0,1500011000.0,8290332000.0,8777590000.0,10277601000,1082448000.0,,1186300000.0,2290800000.0,12568401000,-11234000.0,113413000.0,67269000.0,-97013000.0,,,,,72435000.0,-943541000.0,,240108000.0,-730548000.0,,732775000.0,5020000.0,649255000.0,-1788000,2008-03-31,74.2699966430664,75.22000122070312,72.18000030517578,73.63999938964844,49.11196517944336,1357300.0
2008-06-30,1112114000.0,-629075000.0,483039000.0,-407854000.0,-147906000.0,-4459000.0,-119101000.0,75185000.0,-89025000.0,-85341000.0,-13840000,-1936000.0,-15776000,2782000.0,-12994000,,-8796000,-8796000,801770000.0,270025000.0,24864000.0,1360643000.0,10382880000.0,,1538699000.0,11921579000.0,13282222000,753033000.0,110655000.0,1668728000.0,8812773000.0,9307784000.0,10976512000,1099707000.0,,1177504000.0,2305710000.0,13282222000,-12994000.0,119101000.0,37435000.0,-22585000.0,,,,,120957000.0,-966790000.0,,3820000.0,-710263000.0,,533989000.0,1414000.0,534836000.0,-53592000,2008-06-30,46.2599983215332,48.36999893188477,45.29999923706055,47.43999862670898,31.638675689697266,5101800.0
2008-09-30,1105434000.0,-663226000.0,442208000.0,-414060000.0,-130192000.0,-1153000.0,-132239000.0,28148000.0,-80111000.0,-87320000.0,-51963000,47000.0,-51916000,19425000.0,-32491000,,-32208000,-32208000,1275975000.0,333176000.0,27284000.0,1996975000.0,11275621000.0,,1486816000.0,12762437000.0,14759412000,788826000.0,99314000.0,1721982000.0,10251106000.0,10759049000.0,12481031000,1117110000.0,,1145296000.0,2278381000.0,14759412000,-32491000.0,132239000.0,-11944000.0,-64053000.0,,,,,23751000.0,-998065000.0,,0.0,-1049360000.0,,1497458000.0,399000.0,1496043000.0,474205000,2008-09-30,34.490001678466804,37.810001373291016,34.130001068115234,36.11000061035156,24.082475662231445,2854500.0
2008-12-31,1093375000.0,-662311000.0,431064000.0,-427275000.0,-129478000.0,-1285000.0,-142233000.0,3789000.0,-112275000.0,-120143000.0,-108486000,-43287000.0,-151773000,40167000.0,-111606000,,-111320000,-136526000,3038163000.0,384819000.0,28837000.0,3741276000.0,11868228000.0,,1534609000.0,13402837000.0,17144113000,679080000.0,114623000.0,1530416000.0,10356115000.0,10870227000.0,12400643000,3090934000.0,,1015554000.0,4743470000.0,17144113000,-111606000.0,142233000.0,94113000.0,-217011000.0,,,,,-92271000.0,-880612000.0,,0.0,-836865000.0,,601071000.0,2081041000.0,2684091000.0,1762188000,2008-12-31,5.860000133514403,6.050000190734862,5.71999979019165,5.929999828338622,3.954834461212158,10772800.0
2009-03-31,1079062000.0,-625306000.0,453756000.0,-417346000.0,-121303000.0,-254000.0,-139249000.0,36410000.0,-71312000.0,-65569000.0,-34902000,-131000.0,-35033000,-813000.0,-35846000,,-34606000,-57742000,2758472000.0,345954000.0,27188000.0,3363908000.0,12136005000.0,,1461719000.0,13597724000.0,16961632000,665994000.0,134116000.0,1484873000.0,10274760000.0,10803599000.0,12288472000,3149212000.0,-13000.0,933339000.0,4673160000.0,16961632000,-35846000.0,139249000.0,59644000.0,-17332000.0,,,,,145715000.0,-523841000.0,,,-433701000.0,-24473000.0,32854000.0,-13000.0,8409000.0,-279691000,2009-03-31,2.940000057220459,3.0699999332427983,2.799999952316284,3.009999990463257,2.0074286460876465,17302500.0
2009-06-30,1058700000.0,-608819000.0,449881000.0,-465398000.0,-123800000.0,-10000.0,-143633000.0,-15517000.0,-61406000.0,-62179000.0,-76923000,-155828000.0,-232751000,54488000.0,-178263000,,-175940000,-199076000,2585033000.0,367244000.0,27180000.0,3217941000.0,12507769000.0,,1571285000.0,14079054000.0,17296995000,710111000.0,141144000.0,1632446000.0,10636260000.0,11166449000.0,12798895000,3173857000.0,-13000.0,710739000.0,4498100000.0,17296995000,-178263000.0,143633000.0,126348000.0,70413000.0,,,,,162131000.0,-498693000.0,,,-585012000.0,-23524000.0,276889000.0,0.0,248934000.0,-173439000,2009-06-30,8.119999885559082,8.210000038146973,7.769999980926514,7.860000133514403,5.241989135742188,17579600.0
2009-09-30,1141144000.0,-664414000.0,476730000.0,-414632000.0,-127189000.0,-80000.0,-148677000.0,62098000.0,-88479000.0,-86915000.0,-26381000,80000.0,-26301000,-54316000.0,-80617000,,-76506000,-122992000,3091845000.0,375201000.0,26153000.0,3778257000.0,12956106000.0,,1538695000.0,14494801000.0,18273058000,781254000.0,159921000.0,1725596000.0,11604476000.0,12129918000.0,13855514000,3186074000.0,-13000.0,587747000.0,4417544000.0,18273058000,-80617000.0,148677000.0,127015000.0,-5896000.0,,,,,189179000.0,-512650000.0,,,-516471000.0,-23350000.0,897806000.0,0.0,834128000.0,506812000,2009-09-30,17.729999542236328,17.75,16.5,16.84000015258789,11.230931282043457,43919800.0
2009-12-31,1284199000.0,-770654000.0,513545000.0,-446607000.0,-153907000.0,-189000.0,-154482000.0,66938000.0,-99442000.0,-96085000.0,-32504000,-46038000.0,-78542000,4525000.0,-74017000,,-67427000,-160240000,4955416000.0,460766000.0,27073000.0,5623674000.0,13351271000.0,,1597161000.0,14948432000.0,20572106000,887219000.0,173315000.0,1839305000.0,10852147000.0,11381380000.0,13220685000,5115511000.0,,473833000.0,7351421000.0,20572106000,-74017000.0,154482000.0,118803000.0,-57680000.0,,,,,141588000.0,-553509000.0,,,-474879000.0,-23350000.0,-152993000.0,64000.0,2214502000.0,1863571000,2009-12-31,15.079999923706055,15.199999809265135,14.869999885559082,14.9399995803833,9.963785171508787,10169200.0
2010-03-31,1334888000.0,-768592000.0,566296000.0,-423984000.0,-126259000.0,-157000.0,-153089000.0,142312000.0,-82980000.0,-76532000.0,59332000,1684000.0,61016000,-13202000.0,47814000,,17581000,-28905000,3925713000.0,436074000.0,24922000.0,4756558000.0,13736138000.0,,1600762000.0,15336900000.0,20093458000,936105000.0,286819000.0,1996176000.0,10174574000.0,10707962000.0,12704138000,5130417000.0,,444928000.0,7389320000.0,20093458000,47814000.0,153089000.0,46893000.0,34998000.0,,,,,282794000.0,-535890000.0,-173978000.0,,-892443000.0,-23350000.0,-575270000.0,73000.0,-599368000.0,-1203571000,2010-03-31,20.979999542236328,21.6200008392334,20.600000381469727,21.149999618530273,14.105355262756348,40794200.0
2010-06-30,1594476000.0,-872818000.0,721658000.0,-517204000.0,-172919000.0,-676000.0,-170694000.0,204454000.0,-81115000.0,-74914000.0,123339000,-36718000.0,86621000,-8073000.0,78548000,,41807000,-4679000,3692296000.0,530331000.0,26523000.0,4456824000.0,14122595000.0,,1687735000.0,15810330000.0,20267154000,1070782000.0,569196000.0,2394645000.0,9826661000.0,10411521000.0,12806166000,5150515000.0,,440249000.0,7460988000.0,20267154000,78548000.0,170694000.0,73607000.0,32262000.0,,,,,355111000.0,-629036000.0,204000.0,,-423331000.0,-23350000.0,-93388000.0,3850000.0,-166432000.0,-233010000,2010-06-30,23.11000061035156,23.59000015258789,22.020000457763672,22.13999938964844,14.765604972839355,38492600.0
2010-09-30,1908772000.0,-969950000.0,938822000.0,-537054000.0,-193476000.0,-425000.0,-186738000.0,401768000.0,-67618000.0,-74062000.0,334150000,-40155000.0,293995000,-25161000.0,268834000,,214497000,168011000,2394712000.0,618998000.0,27751000.0,3313560000.0,14471865000.0,,2462572000.0,16934437000.0,20247997000,1172306000.0,572458000.0,2315961000.0,9567391000.0,10129817000.0,12445778000,5167057000.0,,608260000.0,7802219000.0,20247997000,268834000.0,186738000.0,171675000.0,-57154000.0,,,,,570093000.0,-523986000.0,173774000.0,,-1209943000.0,-23350000.0,-456787000.0,2478000.0,-489117000.0,-1124123000,2010-09-30,34.72999954223633,35.34000015258789,34.11999893188477,34.84999847412109,23.24215316772461,31226500.0
2010-12-31,2015046000.0,-1032920000.0,982126000.0,-495462000.0,-190644000.0,-525000.0,-184450000.0,486664000.0,-74413000.0,-72358000.0,412251000,2022000.0,414273000,-27866000.0,386407000,,325509000,273036000,3037081000.0,716919000.0,32260000.0,4058907000.0,14502197000.0,,2483204000.0,16985401000.0,21044308000,1316364000.0,767068000.0,2600413000.0,9373755000.0,10009328000.0,12609741000,5445413000.0,,880703000.0,8434567000.0,21044308000,386407000.0,184450000.0,106479000.0,-15183000.0,,,,,662153000.0,-330637000.0,0.0,,-182098000.0,-23350000.0,-78137000.0,235568000.0,127360000.0,642369000,2010-12-31,44.29999923706055,46.04999923706055,44.18000030517578,45.95000076293945,30.64495849609375,19833900.0
2011-03-31,2111919000.0,-1053796000.0,1058123000.0,-571697000.0,-210485000.0,-573000.0,-190237000.0,486426000.0,-76213000.0,-71538000.0,410213000,-499000.0,409714000,-45211000.0,364503000,,289323000,228156000,3133941000.0,803100000.0,33633000.0,4205285000.0,14693989000.0,,2337716000.0,17031705000.0,21236990000,1191978000.0,917007000.0,2586974000.0,9185752000.0,9824234000.0,12411208000,5544891000.0,,1108859000.0,8825782000.0,21236990000,364503000.0,190237000.0,117367000.0,-253729000.0,,,,,418378000.0,-329740000.0,,,-179778000.0,-19598000.0,-121721000.0,9727000.0,-147793000.0,96860000,2011-03-31,41.45000076293945,42.38999938964844,40.70000076293945,42.22000122070313,28.15735626220703,33445900.0
2011-06-30,2345096000.0,-1114399000.0,1230697000.0,-615132000.0,-223561000.0,-2420000.0,-206161000.0,615565000.0,-64656000.0,-66564000.0,550909000,-7443000.0,543466000,-54374000.0,489092000,,410637000,367607000,3479106000.0,968988000.0,35634000.0,4721305000.0,14892790000.0,,2123062000.0,17015852000.0,21737157000,1282369000.0,1073484000.0,2739342000.0,8985396000.0,9631165000.0,12370507000,5565019000.0,,1476466000.0,9366650000.0,21737157000,489092000.0,206161000.0,90489000.0,-122597000.0,,,,,663145000.0,-387115000.0,,,-170397000.0,-25082000.0,-137797000.0,6035000.0,-157193000.0,345165000,2011-06-30,41.79999923706055,42.56999969482422,41.65999984741211,42.209999084472656,28.15068244934082,12515900.0
2011-09-30,2409375000.0,-1134186000.0,1275189000.0,-641696000.0,-240672000.0,-3308000.0,-200071000.0,633493000.0,-75009000.0,-68392000.0,558484000,-937000.0,557547000,-52375000.0,505172000,,424879000,353631000,3951575000.0,1112896000.0,33462000.0,5342656000.0,14804973000.0,,1817622000.0,16622595000.0,21965251000,1519941000.0,457344000.0,2332971000.0,9282084000.0,9934042000.0,12267013000,5588624000.0,,1830097000.0,9698238000.0,21965251000,505172000.0,200071000.0,74968000.0,67439000.0,,,,,847650000.0,-365363000.0,,,-141947000.0,-21083000.0,-139885000.0,-48637000.0,-215625000.0,472469000,2011-09-30,39.90999984741211,40.099998474121094,37.75,38.34000015258789,25.56970977783203,29784700.0
2011-12-31,2544355000.0,-1282187000.0,1262168000.0,-597562000.0,-162206000.0,-5008000.0,-197935000.0,664606000.0,-56632000.0,-62061000.0,607974000,-23878000.0,584096000,-59744000.0,524352000,,435284000,320114000,3902718000.0,1336817000.0,34990000.0,5397152000.0,15030979000.0,,1815992000.0,16846971000.0,22244123000,1682951000.0,455846000.0,2498706000.0,9577131000.0,10306265000.0,12804971000,5610893000.0,,2145692000.0,9439152000.0,22244123000,524352000.0,197935000.0,134544000.0,-123508000.0,,,,,733323000.0,-420282000.0,,,-205984000.0,-19922000.0,300628000.0,-774429000.0,-572850000.0,-48857000,2011-12-30,42.59000015258789,43.0,42.47999954223633,42.72999954223633,28.49747657775879,4703300.0
2012-03-31,2762742000.0,-1354939000.0,1407803000.0,-656763000.0,-218717000.0,-1198000.0,-194747000.0,751040000.0,-62443000.0,-59024000.0,688597000,-46317000.0,642280000,-63171000.0,579109000,,498942000,498942000,4056360000.0,1530340000.0,40014000.0,5722739000.0,15329602000.0,,1818691000.0,17148293000.0,22871032000,1711926000.0,469324000.0,2492818000.0,9382649000.0,10080366000.0,12573184000,6175596000.0,,2438945000.0,10297848000.0,22871032000,579109000.0,194747000.0,133059000.0,-239464000.0,,,,,667451000.0,-397499000.0,,,-397694000.0,-385658000.0,-306231000.0,547427000.0,-144576000.0,153642000,2012-03-30,57.7599983215332,57.9900016784668,56.599998474121094,57.56999969482422,38.56220626831055,8091100.0
2012-06-30,2581906000.0,-1347742000.0,1234164000.0,-735173000.0,-259038000.0,-6797000.0,-220440000.0,498991000.0,-55859000.0,-57641000.0,443132000,-117666000.0,325466000,-39085000.0,286381000,,240587000,240587000,3522000000.0,1561776000.0,40537000.0,5225597000.0,15299920000.0,,1891289000.0,17191209000.0,22416806000,1855378000.0,97737000.0,2249470000.0,9276476000.0,9980306000.0,12229776000,6192495000.0,,2473724000.0,10187030000.0,22416806000,286381000.0,220440000.0,198402000.0,45645000.0,,,,,750868000.0,-336535000.0,,,-336794000.0,-387079000.0,-451043000.0,4527000.0,-933623000.0,-534360000,2012-06-29,43.560001373291016,44.099998474121094,43.09000015258789,43.4900016784668,29.29306983947754,7693900.0
2012-09-30,2709482000.0,-1431487000.0,1277995000.0,-743746000.0,-268832000.0,-4201000.0,-226538000.0,534249000.0,-55764000.0,-58116000.0,478485000,-154000.0,478331000,-33351000.0,444980000,,349782000,349782000,3745415000.0,1702458000.0,42511000.0,5599077000.0,15638535000.0,,1920750000.0,17559285000.0,23158362000,2049521000.0,98136000.0,2519977000.0,9397866000.0,10114331000.0,12634308000,6212990000.0,,2598984000.0,10524054000.0,23158362000,444980000.0,226538000.0,109834000.0,-26838000.0,,,,,754514000.0,-326478000.0,,,-326741000.0,-226571000.0,-8521000.0,7324000.0,-227816000.0,223415000,2012-09-28,46.79999923706055,47.20000076293945,46.11999893188477,46.36999893188477,31.40149688720703,7578100.0
2012-12-31,3077002000.0,-1631144000.0,1445858000.0,-772842000.0,-315348000.0,-7762000.0,-250321000.0,673016000.0,-55506000.0,-60531000.0,617510000,-1011000.0,616499000,-45156000.0,571343000,,434782000,434782000,2512766000.0,1819260000.0,43875000.0,4477514000.0,15766748000.0,,1919390000.0,17686138000.0,22163652000,2181649000.0,97802000.0,2622823000.0,10132265000.0,10882417000.0,13505240000,6238312000.0,,560452000.0,8658412000.0,22163652000,571343000.0,250321000.0,115510000.0,-52250000.0,,,,,884924000.0,-385813000.0,,,-384403000.0,-2472046000.0,717583000.0,15870000.0,-1739291000.0,-1232649000,2012-12-31,44.599998474121094,46.38999938964844,44.45000076293945,46.15999984741211,33.45870590209961,6821400.0
2013-03-31,3302719000.0,-1708958000.0,1593761000.0,-765126000.0,-290414000.0,-5351000.0,-252557000.0,828635000.0,-67147000.0,-65039000.0,761488000,-1932000.0,759556000,-55582000.0,703974000,,571961000,571961000,2379748000.0,1973984000.0,42381000.0,4501701000.0,15648642000.0,,1860610000.0,17509252000.0,22010953000,2224863000.0,97347000.0,2689026000.0,9731002000.0,10477802000.0,13166828000,6265062000.0,,843679000.0,8844125000.0,22010953000,703974000.0,252557000.0,98838000.0,-169851000.0,,,,,885518000.0,-196765000.0,,,-197059000.0,-497994000.0,-334578000.0,11955000.0,-819092000.0,-133018000,2013-03-28,56.4900016784668,56.75,55.93000030517578,56.349998474121094,41.113853454589844,3920700.0
2013-06-30,3242941000.0,-1692847000.0,1550094000.0,-764691000.0,-307869000.0,-6002000.0,-251048000.0,785403000.0,-61247000.0,-65140000.0,724156000,-4762000.0,719394000,-47721000.0,671673000,,529753000,529753000,2514141000.0,1803357000.0,41229000.0,4465359000.0,15437067000.0,,1881398000.0,17318465000.0,21783824000,2309598000.0,980168000.0,3575427000.0,8511231000.0,9251350000.0,12826777000,6287049000.0,-46562000.0,1084511000.0,8957047000.0,21783824000,671673000.0,251048000.0,89449000.0,126519000.0,,,,,1138689000.0,-241391000.0,,,-241629000.0,-495617000.0,-273357000.0,10880000.0,-756512000.0,134393000,2013-06-28,52.540000915527344,53.40999984741211,52.27000045776367,52.93000030517578,38.85670852661133,7232400.0
2013-09-30,3568540000.0,-1842957000.0,1725583000.0,-808018000.0,-380865000.0,-3487000.0,-248925000.0,917565000.0,-59891000.0,-63098000.0,857674000,-2739000.0,854935000,-45637000.0,809298000,,626744000,626744000,3209120000.0,1848522000.0,41683000.0,5207268000.0,15413209000.0,,1864618000.0,17277827000.0,22485095000,2478463000.0,1301624000.0,4045118000.0,8461992000.0,9208981000.0,13254099000,6315742000.0,-346253000.0,1422519000.0,9230996000.0,22485095000,809298000.0,248925000.0,95334000.0,-16981000.0,,,,,1136576000.0,-206470000.0,,,-206815000.0,-291557000.0,242115000.0,-187643000.0,-237798000.0,694979000,2013-09-30,64.45999908447266,66.87000274658203,64.19999694824219,66.41999816894531,49.02699661254883,6634200.0
2013-12-31,3655685000.0,-1953826000.0,1701859000.0,-814063000.0,-350592000.0,-969000.0,-254938000.0,887796000.0,-62268000.0,-61597000.0,825528000,-15901000.0,809627000,-39896000.0,769731000,,577539000,577539000,3600414000.0,1762110000.0,41946000.0,5515539000.0,15358953000.0,,1849772000.0,17208725000.0,22724264000,2497289000.0,377507000.0,3129665000.0,9382752000.0,10094070000.0,13223735000,6348892000.0,-570520000.0,1713339000.0,9500529000.0,22724264000,769731000.0,254938000.0,98255000.0,155705000.0,,,,,1278629000.0,-267201000.0,,,-266706000.0,-290739000.0,35895000.0,-326396000.0,-619048000.0,391294000,2013-12-31,78.91999816894531,78.9800033569336,78.19999694824219,78.87000274658203,58.48144912719727,2553500.0
2014-03-31,4010384000.0,-2049407000.0,1960977000.0,-816627000.0,-336499000.0,-1692000.0,-261047000.0,1144350000.0,-69980000.0,-65323000.0,1074370000,-18489000.0,1055881000,-59153000.0,996728000,,776185000,776185000,3303402000.0,1781090000.0,41385000.0,5242112000.0,15352474000.0,,1880015000.0,17232489000.0,22474601000,2419484000.0,304947000.0,2959255000.0,9968879000.0,10682333000.0,13641588000,6398989000.0,-1380529000.0,2083717000.0,8833013000.0,22474601000,996728000.0,261047000.0,103200000.0,-228348000.0,,,,,1132627000.0,-251186000.0,,,-250238000.0,-917651000.0,491662000.0,-702248000.0,-1181380000.0,-297012000,2014-03-31,79.2699966430664,81.05000305175781,79.2699966430664,80.77999877929688,60.25826644897461,6563000.0
2014-06-30,3624350000.0,-1867892000.0,1756458000.0,-791402000.0,-327532000.0,-4217000.0,-264016000.0,965056000.0,-61699000.0,-63893000.0,903357000,-3596000.0,899761000,-46917000.0,852844000,,671434000,671434000,3292727000.0,1531555000.0,43083000.0,4978117000.0,15403354000.0,,1867652000.0,17271006000.0,22249123000,2191329000.0,435794000.0,2858200000.0,9943170000.0,10652365000.0,13510565000,6417127000.0,-1700565000.0,2351879000.0,8738558000.0,22249123000,852844000.0,264016000.0,87750000.0,53607000.0,,,,,1258217000.0,-274546000.0,,,-274935000.0,-672735000.0,70005000.0,-392049000.0,-996125000.0,-10675000,2014-06-30,76.27999877929688,77.16000366210938,75.5199966430664,76.22000122070312,57.2452278137207,3401000.0
2014-09-30,3533122000.0,-1815042000.0,1718080000.0,-745858000.0,-341501000.0,-3043000.0,-251002000.0,972222000.0,-61075000.0,-61170000.0,911147000,-2779000.0,908368000,-47869000.0,860499000,,671705000,671705000,3147109000.0,1496987000.0,43090000.0,4817337000.0,15355117000.0,,1855327000.0,17210444000.0,22027781000,2266439000.0,102602000.0,2619417000.0,9836015000.0,10552766000.0,13172183000,6427240000.0,-2000381000.0,2622413000.0,8855598000.0,22027781000,860499000.0,251002000.0,54007000.0,61144000.0,,,,,1226652000.0,-265802000.0,,,-266048000.0,-403157000.0,-365820000.0,-296491000.0,-1099146000.0,-145618000,2014-09-30,60.16999816894531,62.9900016784668,59.08000183105469,62.209999084472656,47.09748458862305,11318400.0
2014-12-31,3416144000.0,-1692659000.0,1723485000.0,-699113000.0,-252468000.0,-5048000.0,-254935000.0,1024372000.0,-53246000.0,-57614000.0,971126000,-2136000.0,968990000,-91061000.0,877929000,,721676000,721676000,3506319000.0,1510772000.0,41674000.0,5190499000.0,15372474000.0,,1791074000.0,17163548000.0,22354047000,2329309000.0,99734000.0,2699972000.0,9892913000.0,10633493000.0,13333465000,6429591000.0,-2237952000.0,2945846000.0,9020582000.0,22354047000,877929000.0,254935000.0,82043000.0,597000.0,,,,,1215504000.0,-385466000.0,,,-385779000.0,-403457000.0,185153000.0,-230212000.0,-444349000.0,359305000,2014-12-31,58.47000122070313,58.75,58.04999923706055,58.15999984741211,44.43515396118164,3023800.0
2015-03-31,3011622000.0,-1515004000.0,1496618000.0,-770180000.0,-324478000.0,-1533000.0,-253922000.0,726438000.0,-44412000.0,-59877000.0,682026000,-15323000.0,666703000,-55665000.0,611038000,,511923000,511923000,2406465000.0,1408381000.0,42088000.0,3986784000.0,15313332000.0,,1745966000.0,17059298000.0,21046082000,2073703000.0,97165000.0,2435907000.0,9143833000.0,9869292000.0,12305199000,6450083000.0,-2237952000.0,2938628000.0,8740883000.0,21046082000,611038000.0,253922000.0,77771000.0,-208436000.0,,,,,734295000.0,-366919000.0,,,-367251000.0,-830612000.0,-624950000.0,6138000.0,-1445089000.0,-1099854000,2015-03-31,55.209999084472656,56.540000915527344,54.9000015258789,55.040000915527344,42.55620193481445,5096800.0
2015-06-30,2921421000.0,-1492286000.0,1429135000.0,-737267000.0,-315602000.0,-2348000.0,-248592000.0,691868000.0,-61890000.0,-61739000.0,629978000,-2558000.0,627420000,-45929000.0,581491000,,469173000,469173000,2818680000.0,1342146000.0,39820000.0,4318610000.0,15525414000.0,,1764185000.0,17289599000.0,21608209000,2291044000.0,98227000.0,2691334000.0,9720134000.0,10448116000.0,13139450000,6458535000.0,-2302946000.0,2889392000.0,8468759000.0,21608209000,581491000.0,248592000.0,71183000.0,-54028000.0,,,,,847238000.0,-351681000.0,,,-351898000.0,-522063000.0,514618000.0,-63054000.0,-84337000.0,412215000,2015-06-30,51.27000045776367,53.02999877929688,51.22000122070313,52.56999969482422,41.14976501464844,8661700.0
2015-09-30,2893683000.0,-1431916000.0,1461767000.0,-721989000.0,-314117000.0,-3147000.0,-247698000.0,739778000.0,-48529000.0,-64804000.0,691249000,-709000.0,690540000,-72347000.0,618193000,,519358000,519358000,1855466000.0,1315191000.0,39755000.0,3329223000.0,15510104000.0,,1663563000.0,17173667000.0,20502890000,1923349000.0,94672000.0,2364640000.0,9034271000.0,9751899000.0,12116539000,6469732000.0,-2382972000.0,2891109000.0,8386351000.0,20502890000,618193000.0,247698000.0,63527000.0,-70465000.0,,,,,858953000.0,-393544000.0,,,-393936000.0,-831696000.0,-504094000.0,-68193000.0,-1403880000.0,-963214000,2015-09-30,38.27000045776367,39.09000015258789,37.400001525878906,37.97000122070313,30.132488250732425,9426700.0
2015-12-31,2861274000.0,-1400794000.0,1460480000.0,-742564000.0,-312803000.0,-2972000.0,-248788000.0,717916000.0,-64169000.0,-63580000.0,653747000,-16410000.0,637337000,-62059000.0,575278000,,465546000,465546000,2179000000.0,1268000000.0,43000000.0,3609000000.0,15732000000.0,,1522000000.0,17254000000.0,20863000000,2005000000.0,95000000.0,2464000000.0,9249000000.0,9981000000.0,12445000000,6486000000.0,-2443000000.0,2840000000.0,8418000000.0,20863000000,575278000.0,248788000.0,102519000.0,91929000.0,,,,,1018514000.0,-414856000.0,,,-414915000.0,-522629000.0,305426000.0,-62891000.0,-282694000.0,323853000,2015-12-31,43.650001525878906,44.25,43.5099983215332,43.84000015258789,35.340126037597656,2971100.0
2016-03-31,2717000000.0,-1401000000.0,1316000000.0,-731000000.0,-299000000.0,-2000000.0,-260000000.0,585000000.0,-114000000.0,-67000000.0,471000000,1000000.0,472000000,-63000000.0,409000000,,320000000,320000000,1695643000.0,1081544000.0,43174000.0,2951894000.0,15909760000.0,,1523255000.0,17433015000.0,20384909000,1899599000.0,152020000.0,2395700000.0,9235223000.0,9975232000.0,12370932000,6497299000.0,-2443036000.0,2588317000.0,8013977000.0,20384909000,409000000.0,260000000.0,101000000.0,29000000.0,,,,,799000000.0,-341000000.0,,,-350000000.0,-883000000.0,-69000000.0,1000000.0,-951000000.0,-483000000,2016-03-31,52.13999938964844,52.25,51.33000183105469,51.68000030517578,42.22209930419922,4371100.0
2016-06-30,2649000000.0,-1295000000.0,1354000000.0,-825000000.0,-302000000.0,-2000000.0,-255000000.0,529000000.0,-69000000.0,-62000000.0,460000000,-11000000.0,449000000,-55000000.0,394000000,,328000000,328000000,2225303000.0,925971000.0,42358000.0,3309270000.0,16107145000.0,,1564117000.0,17671262000.0,20980532000,2016958000.0,211751000.0,2619773000.0,10061882000.0,10800959000.0,13420732000,6504491000.0,-2443036000.0,2344018000.0,7559800000.0,20980532000,394000000.0,255000000.0,96000000.0,243000000.0,,,,,988000000.0,-408000000.0,,,-400000000.0,-889000000.0,833000000.0,1000000.0,-55000000.0,529000000,2016-06-30,43.95000076293945,43.95000076293945,42.56999969482422,43.4900016784668,36.08418655395508,3913200.0
2016-09-30,2969000000.0,-1382000000.0,1587000000.0,-862000000.0,-330000000.0,-3000000.0,-277000000.0,725000000.0,-42000000.0,-63000000.0,683000000,-8000000.0,675000000,-69000000.0,606000000,,513000000,513000000,1790400000.0,868090000.0,43764000.0,2838683000.0,16304695000.0,,1537282000.0,17841977000.0,20680660000,2109680000.0,163825000.0,2773953000.0,9593099000.0,10340080000.0,13114033000,6505007000.0,-2443036000.0,2285163000.0,7566627000.0,20680660000,606000000.0,277000000.0,90000000.0,71000000.0,,,,,1044000000.0,-397000000.0,,,-397000000.0,-576000000.0,-467000000.0,3000000.0,-1071000000.0,-435000000,2016-09-30,56.75,57.86999893188477,56.31000137329102,57.540000915527344,48.34886169433594,3827800.0
2016-12-31,2936000000.0,-1305000000.0,1631000000.0,-889000000.0,-356000000.0,-2000000.0,-319000000.0,742000000.0,-8000000.0,-72000000.0,734000000,-66000000.0,668000000,-52000000.0,616000000,,518000000,518000000,2128000000.0,776000000.0,46000000.0,3098000000.0,15903000000.0,,1468000000.0,17371000000.0,20469000000,2255000000.0,167000000.0,2806000000.0,9428000000.0,10167000000.0,12973000000,6517000000.0,-2443000000.0,2222000000.0,7496000000.0,20469000000,616000000.0,319000000.0,82000000.0,196000000.0,,,,,1213000000.0,-294000000.0,,,-293000000.0,-576000000.0,12000000.0,12000000.0,-554000000.0,340000000,2016-12-30,54.38000106811523,54.38999938964844,53.06999969482422,53.40999984741211,45.45260238647461,3336400.0
2017-03-31,3067000000.0,-1470000000.0,1597000000.0,-798000000.0,-339000000.0,-3000000.0,-321000000.0,799000000.0,-111000000.0,-75000000.0,688000000,-40000000.0,648000000,-69000000.0,579000000,,481000000,481000000,1956000000.0,683000000.0,47000000.0,2820000000.0,15741000000.0,,1481000000.0,17222000000.0,20042000000,2153000000.0,119000000.0,2512000000.0,9671000000.0,10424000000.0,12936000000,6530000000.0,-2593000000.0,2121000000.0,7106000000.0,20042000000,579000000.0,321000000.0,91000000.0,-28000000.0,,,,,963000000.0,-202000000.0,,,-202000000.0,-889000000.0,85000000.0,-145000000.0,-954000000.0,-172000000,2017-03-31,56.7599983215332,57.22000122070313,56.59000015258789,57.06999969482422,49.19337463378906,1973100.0
2017-06-30,3109000000.0,-1451000000.0,1658000000.0,-816000000.0,-354000000.0,-2000000.0,-327000000.0,842000000.0,-100000000.0,-75000000.0,742000000,-25000000.0,717000000,-78000000.0,639000000,,546000000,546000000,2307000000.0,623000000.0,47000000.0,3100000000.0,15566000000.0,,1476000000.0,17042000000.0,20142000000,2222000000.0,126000000.0,2559000000.0,10014000000.0,10778000000.0,13337000000,6548000000.0,-2668000000.0,2089000000.0,6805000000.0,20142000000,639000000.0,327000000.0,63000000.0,117000000.0,,,,,1146000000.0,-177000000.0,,,-177000000.0,-892000000.0,319000000.0,-64000000.0,-637000000.0,351000000,2017-06-30,63.599998474121094,64.33999633789061,63.33000183105469,63.88999938964844,55.68692016601562,2483500.0
2017-09-30,3161000000.0,-1495000000.0,1666000000.0,-767000000.0,-359000000.0,-3000000.0,-265000000.0,899000000.0,-98000000.0,-79000000.0,801000000,-44000000.0,757000000,-73000000.0,684000000,,569000000,569000000,2001000000.0,637000000.0,45000000.0,2836000000.0,15498000000.0,,1474000000.0,16972000000.0,19808000000,2362000000.0,134000000.0,2661000000.0,9483000000.0,10256000000.0,12917000000,6570000000.0,-2743000000.0,2082000000.0,6891000000.0,19808000000,684000000.0,265000000.0,96000000.0,68000000.0,,,,,1113000000.0,-211000000.0,,,-211000000.0,-581000000.0,-578000000.0,-59000000.0,-1218000000.0,-305000000,2017-09-29,64.15000152587889,64.63999938964844,63.849998474121094,64.16000366210939,56.56211853027344,2271100.0
2017-12-31,3391000000.0,-1588000000.0,1803000000.0,-859000000.0,-365000000.0,-5000000.0,-258000000.0,944000000.0,-96000000.0,-82000000.0,848000000,84000000.0,932000000,429000000.0,1361000000,,1212000000,1212000000,2419000000.0,615000000.0,37000000.0,3197000000.0,15516000000.0,,1974000000.0,17490000000.0,20687000000,2508000000.0,296000000.0,2956000000.0,9344000000.0,10104000000.0,13060000000,6581000000.0,-2818000000.0,2709000000.0,7627000000.0,20687000000,1361000000.0,258000000.0,-464000000.0,166000000.0,,,,,1321000000.0,-232000000.0,,,-232000000.0,-581000000.0,-30000000.0,-67000000.0,-678000000.0,418000000,2017-12-29,69.98000335693361,70.0,69.45999908447266,69.48999786376953,61.888671875,1863400.0
2018-03-31,3579000000.0,-1670000000.0,1909000000.0,-762000000.0,-345000000.0,-3000000.0,-264000000.0,1147000000.0,-110000000.0,-84000000.0,1037000000,8000000.0,1045000000,571000000.0,1616000000,,1456000000,1456000000,2628000000.0,587000000.0,46000000.0,3394000000.0,15485000000.0,,2625000000.0,18110000000.0,21504000000,2613000000.0,144000000.0,2874000000.0,9508000000.0,10273000000.0,13147000000,6637000000.0,-2893000000.0,3572000000.0,8357000000.0,21504000000,1616000000.0,264000000.0,-622000000.0,139000000.0,,,,,1397000000.0,-234000000.0,,,-234000000.0,-902000000.0,-25000000.0,-21000000.0,-977000000.0,210000000,2018-03-29,71.26000213623047,72.23999786376953,70.83999633789062,71.9000015258789,64.68056488037111,6249700.0
2018-06-30,3303000000.0,-1628000000.0,1675000000.0,-766000000.0,-368000000.0,-2000000.0,-274000000.0,909000000.0,-40000000.0,-84000000.0,869000000,-112000000.0,757000000,-81000000.0,676000000,,556000000,556000000,4350000000.0,555000000.0,44000000.0,5075000000.0,15217000000.0,,2563000000.0,17780000000.0,22855000000,2616000000.0,184000000.0,2992000000.0,11139000000.0,11901000000.0,14893000000,6661000000.0,-2997000000.0,3538000000.0,7962000000.0,22855000000,676000000.0,274000000.0,95000000.0,62000000.0,,,,,1107000000.0,-172000000.0,,,-172000000.0,-902000000.0,1805000000.0,-84000000.0,809000000.0,1722000000,2018-06-29,76.91000366210938,77.1500015258789,76.0999984741211,76.36000061035156,69.33257293701172,3899200.0
2018-09-30,3372000000.0,-1631000000.0,1741000000.0,-810000000.0,-366000000.0,-4000000.0,-284000000.0,931000000.0,-88000000.0,-104000000.0,843000000,-61000000.0,782000000,-83000000.0,699000000,,571000000,571000000,4772000000.0,650000000.0,42000000.0,5614000000.0,15186000000.0,,2539000000.0,17725000000.0,23339000000,2587000000.0,111000000.0,2906000000.0,11869000000.0,12635000000.0,15541000000,6674000000.0,-3297000000.0,3521000000.0,7798000000.0,23339000000,699000000.0,284000000.0,87000000.0,-174000000.0,,,,,896000000.0,-204000000.0,,,-204000000.0,-591000000.0,660000000.0,-292000000.0,-277000000.0,423000000,2018-09-28,59.61999893188477,59.90999984741211,59.04999923706055,59.33000183105469,54.53787612915039,5002000.0
2018-12-31,3475000000.0,-1709000000.0,1766000000.0,-852000000.0,-404000000.0,-3000000.0,-289000000.0,914000000.0,-123000000.0,-115000000.0,791000000,-49000000.0,742000000,-782000000.0,-40000000,,-170000000,-170000000,4648000000.0,726000000.0,35000000.0,5566000000.0,15154000000.0,,1827000000.0,16981000000.0,22547000000,2857000000.0,111000000.0,3157000000.0,11874000000.0,12645000000.0,15802000000,6681000000.0,-3727000000.0,2770000000.0,6745000000.0,22547000000,-40000000.0,289000000.0,840000000.0,212000000.0,,,,,1301000000.0,-320000000.0,,,-320000000.0,-584000000.0,-25000000.0,-429000000.0,-1077000000.0,-124000000,2018-12-31,51.33000183105469,52.18999862670898,50.97999954223633,52.04999923706055,48.50930404663086,4322000.0
2019-03-31,3646000000.0,-1744000000.0,1902000000.0,-924000000.0,-369000000.0,-5000000.0,-301000000.0,978000000.0,-142000000.0,-121000000.0,836000000,-7000000.0,829000000,-85000000.0,744000000,,582000000,582000000,4134000000.0,737000000.0,35000000.0,5055000000.0,15099000000.0,,2159000000.0,17258000000.0,22313000000,2616000000.0,111000000.0,2917000000.0,11888000000.0,12956000000.0,15873000000,6701000000.0,-3901000000.0,2757000000.0,6440000000.0,22313000000,744000000.0,301000000.0,57000000.0,-282000000.0,,,,,820000000.0,-240000000.0,,,-240000000.0,-903000000.0,-26000000.0,-160000000.0,-1089000000.0,-513000000,2019-03-29,60.4900016784668,61.11999893188477,59.93000030517578,60.959999084472656,57.55078887939453,4571800.0
2019-06-30,3334000000.0,-1614000000.0,1720000000.0,-826000000.0,-376000000.0,-4000000.0,-289000000.0,894000000.0,-106000000.0,-126000000.0,788000000,556000000.0,1344000000,-236000000.0,1108000000,,954000000,954000000,4017000000.0,767000000.0,33000000.0,4957000000.0,14591000000.0,,3046000000.0,17637000000.0,22594000000,2675000000.0,116000000.0,3031000000.0,11909000000.0,12981000000.0,16012000000,6542000000.0,-4081000000.0,3118000000.0,6582000000.0,22594000000,1108000000.0,289000000.0,-410000000.0,-911000000.0,,,,,76000000.0,-265000000.0,,1160000000.0,895000000.0,-918000000.0,-25000000.0,-155000000.0,-1098000000.0,-117000000,2019-06-28,59.13000106811523,59.27000045776367,58.68000030517578,59.09000015258789,56.5484619140625,3969200.0
2019-09-30,3250000000.0,-1530000000.0,1720000000.0,-810000000.0,-364000000.0,-4000000.0,-284000000.0,910000000.0,-124000000.0,-117000000.0,786000000,-35000000.0,751000000,-82000000.0,669000000,,533000000,533000000,3817000000.0,757000000.0,33000000.0,4808000000.0,14590000000.0,,3029000000.0,17619000000.0,22427000000,2623000000.0,66000000.0,3004000000.0,11877000000.0,12908000000.0,15912000000,6555000000.0,-4181000000.0,3059000000.0,6515000000.0,22427000000,669000000.0,284000000.0,94000000.0,-147000000.0,,,,,900000000.0,-303000000.0,,0.0,-303000000.0,-592000000.0,33000000.0,-95000000.0,-781000000.0,-199000000,2019-09-30,57.34000015258789,58.09000015258789,57.25,57.7599983215332,55.9986572265625,5858700.0
2019-12-31,3509000000.0,-1640000000.0,1869000000.0,-863000000.0,-393000000.0,-11000000.0,-291000000.0,1006000000.0,-86000000.0,-117000000.0,920000000,-72000000.0,848000000,-65000000.0,783000000,,629000000,629000000,4226000000.0,844000000.0,37000000.0,5305000000.0,14844000000.0,,3050000000.0,17894000000.0,23199000000,2820000000.0,70000000.0,3224000000.0,12422000000.0,13468000000.0,16692000000,6570000000.0,-4481000000.0,3101000000.0,6507000000.0,23199000000,783000000.0,291000000.0,89000000.0,79000000.0,,,,,1242000000.0,-456000000.0,,1000000.0,-455000000.0,-587000000.0,482000000.0,-290000000.0,-400000000.0,410000000,2019-12-31,69.09999847412111,69.27999877929689,68.88999938964844,69.04000091552734,67.68962860107422,1846900.0
2020-03-31,1417000000.0,-793000000.0,624000000.0,-615000000.0,-229000000.0,-6000000.0,-253000000.0,9000000.0,-76000000.0,-115000000.0,-67000000,-3000000.0,-70000000,-22000000.0,-92000000,41000000.0,-1000000,-1000000,2602000000.0,653000000.0,36000000.0,3493000000.0,14706000000.0,,2968000000.0,17674000000.0,21167000000,2047000000.0,69000000.0,2419000000.0,12253000000.0,13291000000.0,15710000000,6592000000.0,-4481000000.0,2497000000.0,5457000000.0,21167000000,-92000000.0,253000000.0,4000000.0,-553000000.0,,,,,-388000000.0,-289000000.0,,,-289000000.0,-911000000.0,-16000000.0,16000000.0,-914000000.0,-1624000000,2020-03-31,43.43999862670898,43.93000030517578,41.79999923706055,42.47000122070313,42.47000122070313,5226500.0
2020-06-30,62000000.0,-266000000.0,-204000000.0,-549000000.0,-190000000.0,-9000000.0,-244000000.0,-753000000.0,-115000000.0,-110000000.0,-868000000,-4000000.0,-872000000,31000000.0,-841000000,-144000000.0,-820000000,-820000000,3016000000.0,567000000.0,37000000.0,3772000000.0,14911000000.0,,3012000000.0,17923000000.0,21695000000,1978000000.0,71000000.0,2375000000.0,13767000000.0,14795000000.0,17170000000,6598000000.0,-4481000000.0,1677000000.0,4525000000.0,21695000000,-841000000.0,244000000.0,20000000.0,9000000.0,,,,,-568000000.0,-352000000.0,,,-352000000.0,0.0,1480000000.0,2000000.0,1361000000.0,414000000,2020-06-30,43.77999877929688,45.72000122070313,43.63999938964844,45.540000915527344,45.540000915527344,5571300.0
