Report Date,Revenue,Cost of Revenue,Gross Profit,Operating Expenses,"Selling, General & Administrative",Research & Development,Depreciation & Amortization,Operating Income (Loss),Non-Operating Income (Loss),"Interest Expense, Net","Pretax Income (Loss), Adj.",Abnormal Gains (Losses),Pretax Income (Loss),"Income Tax (Expense) Benefit, Net",Income (Loss) from Continuing Operations,Net Extraordinary Gains (Losses),Net Income,Net Income (Common),"Cash, Cash Equivalents & Short Term Investments",Accounts & Notes Receivable,Inventories,Total Current Assets,"Property, Plant & Equipment, Net",Long Term Investments & Receivables,Other Long Term Assets,Total Noncurrent Assets,Total Assets,Payables & Accruals,Short Term Debt,Total Current Liabilities,Long Term Debt,Total Noncurrent Liabilities,Total Liabilities,Share Capital & Additional Paid-In Capital,Treasury Stock,Retained Earnings,Total Equity,Total Liabilities & Equity,Net Income/Starting Line,Depreciation & Amortization,Non-Cash Items,Change in Working Capital,Change in Accounts Receivable,Change in Inventories,Change in Accounts Payable,Change in Other,Net Cash from Operating Activities,Change in Fixed Assets & Intangibles,Net Change in Long Term Investment,Net Cash from Acquisitions & Divestitures,Net Cash from Investing Activities,Dividends Paid,Cash from (Repayment of) Debt,Cash from (Repurchase of) Equity,Net Cash from Financing Activities,Net Change in Cash,Price Date,Open,High,Low,Close,Adj Close,Volume
2014-12-31,253966000.0,-59607000.0,194359000.0,-121651000.0,-4844000.0,,-71946000.0,72708000.0,-35189000.0,-34863000.0,37519000,215000.0,37734000,-815000.0,36909000,-451000.0,34525000,34525000,26653000.0,,,26653000.0,6697508000.0,,97617000.0,6795125000.0,6821778000,227439000.0,1589641000.0,1817080000.0,1923058000.0,1946976000.0,3764056000,3625933000.0,,,3057722000.0,6821778000,36458000.0,68432000.0,1912000.0,-18764000.0,,,,,88038000.0,-179103000.0,,,-148630000.0,-57923000.0,57081000.0,634000.0,-1044000.0,-61636000,2014-12-31,76.23999786376953,76.6500015258789,74.61000061035156,74.68000030517578,59.05920791625977,264700.0
2015-03-31,258552000.0,-59808000.0,198744000.0,-129351000.0,-6567000.0,,-73112000.0,69393000.0,-31058000.0,-30848000.0,38335000,26833000.0,65168000,-510000.0,64677000,,61267000,61267000,18331000.0,,,18331000.0,6687578000.0,,93773000.0,6781351000.0,6799682000,202902000.0,1429069000.0,1664055000.0,2050424000.0,2075921000.0,3739976000,3627038000.0,,,3059706000.0,6799682000,64677000.0,73117000.0,-23352000.0,-11583000.0,,,,,102859000.0,-25751000.0,,,-32176000.0,-61063000.0,-13587000.0,-929000.0,-75751000.0,-5068000,2015-03-31,77.58999633789062,78.25,77.0,77.2699966430664,61.69497299194336,407600.0
2015-06-30,258891000.0,-60933000.0,197958000.0,-129121000.0,-6657000.0,,-74396000.0,68837000.0,-30404000.0,-30433000.0,38433000,105861000.0,144294000,-398000.0,143873000,,136299000,136299000,30030000.0,,,30030000.0,6683457000.0,,129926000.0,6813383000.0,6843413000,227018000.0,1413793000.0,1642027000.0,2028451000.0,2052803000.0,3694830000,3629375000.0,,,3148583000.0,6843413000,143873000.0,74648000.0,-115244000.0,20394000.0,,,,,123671000.0,23569000.0,,,3025000.0,-61106000.0,-57727000.0,588000.0,-118251000.0,8445000,2015-06-30,73.69000244140625,73.69000244140625,72.72000122070312,72.80999755859375,58.7315902709961,565100.0
2015-09-30,261998000.0,-62962000.0,199036000.0,-125898000.0,-5879000.0,,-73098000.0,73138000.0,-30408000.0,-30229000.0,42730000,54611000.0,97341000,-512000.0,96828000,,91734000,91734000,44876000.0,,,44876000.0,6675575000.0,,166890000.0,6842465000.0,6887341000,254220000.0,1373654000.0,1627874000.0,2051481000.0,2080880000.0,3708754000,3631854000.0,,,3178587000.0,6887341000,96828000.0,73176000.0,-60926000.0,25928000.0,,,,,135006000.0,-14074000.0,,,-46735000.0,-61543000.0,-12012000.0,130000.0,-73425000.0,14846000,2015-09-30,81.45999908447266,82.12999725341797,80.93000030517578,81.87000274658203,66.70993041992189,667700.0
2015-12-31,263338000.0,-216942000.0,46396000.0,33144000.0,-6613000.0,,-73914000.0,79540000.0,-36748000.0,-30834000.0,42792000,2825000.0,45617000,-253000.0,45367000,,42987000,42987000,37559000.0,,,37559000.0,6718366000.0,,91856000.0,6810222000.0,6847781000,232159000.0,1286236000.0,1518395000.0,2141332000.0,2163313000.0,3681708000,3636077000.0,,,3166073000.0,6847781000,45367000.0,73956000.0,24000.0,-17162000.0,,,,,102185000.0,-119941000.0,,,-60329000.0,-61265000.0,19309000.0,295000.0,-49173000.0,-7317000,2015-12-31,92.06999969482422,92.73999786376952,90.8000030517578,90.80999755859376,74.67689514160156,504300.0
2016-03-31,269016000.0,-58753000.0,210263000.0,-133554000.0,-6582000.0,,-75127000.0,76709000.0,-32179000.0,-32211000.0,44530000,1438000.0,45968000,-288000.0,45808000,,43413000,43413000,28184000.0,,,28184000.0,6714366000.0,,85371000.0,6799737000.0,6827921000,215003000.0,1247749000.0,1462752000.0,2196214000.0,2220523000.0,3683275000,3637874000.0,,,3144646000.0,6827921000,45808000.0,75148000.0,1587000.0,-18458000.0,,,,,104085000.0,-67335000.0,,,-65917000.0,-65270000.0,19506000.0,-1640000.0,-47543000.0,-9375000,2016-03-31,101.22000122070312,102.41999816894531,100.63999938964844,102.20999908447266,84.82193756103516,580200.0
2016-06-30,272236000.0,-61455000.0,210781000.0,-132987000.0,-7014000.0,,-75742000.0,77794000.0,-31977000.0,-32039000.0,45817000,2371000.0,48188000,-457000.0,47630000,,45144000,45144000,26279000.0,,,26279000.0,6759790000.0,,83312000.0,6843102000.0,6869381000,226122000.0,1243198000.0,1469320000.0,2246227000.0,2270373000.0,3739693000,3641217000.0,,,3129688000.0,6869381000,47630000.0,75966000.0,-6730000.0,17265000.0,,,,,134131000.0,-119841000.0,,,-119466000.0,-65327000.0,48233000.0,526000.0,-16570000.0,-1905000,2016-06-30,105.36000061035156,106.43000030517578,104.56999969482422,106.4000015258789,89.01615905761719,1340400.0
2016-09-30,276898000.0,-65324000.0,211574000.0,-133883000.0,-6661000.0,,-76959000.0,77691000.0,-32104000.0,-32168000.0,45587000,43773000.0,89360000,-454000.0,88906000,,84279000,84279000,27817000.0,,,27817000.0,6759821000.0,,93675000.0,6853496000.0,6881313000,269045000.0,1238168000.0,1507213000.0,2195989000.0,2217160000.0,3724373000,3642125000.0,,,3156940000.0,6881313000,88906000.0,76959000.0,-54489000.0,39630000.0,,,,,151006000.0,-30752000.0,,,-30722000.0,-65341000.0,-52492000.0,-913000.0,-118746000.0,1538000,2016-09-30,96.58999633789062,96.9000015258789,93.94000244140624,93.98999786376952,79.23237609863281,800500.0
2016-12-31,307198000.0,-237824000.0,69374000.0,14333000.0,-8783000.0,,-95130000.0,83707000.0,-35526000.0,-33529000.0,48181000,-5837000.0,42344000,-500000.0,42058000,,39386000,39079000,33536000.0,,,33536000.0,11341862000.0,,229093000.0,11570955000.0,11604491000,452605000.0,1319088000.0,1771693000.0,3180624000.0,3180624000.0,4952317000,7120218000.0,,,6652174000.0,11604491000,42058000.0,95210000.0,-21270000.0,-20216000.0,,,,,95782000.0,-8825000.0,,-424156000.0,-433026000.0,-65564000.0,473727000.0,299000.0,405145000.0,67901000,2016-12-30,96.7699966430664,98.3499984741211,96.0999984741211,97.91999816894531,83.34048461914062,847500.0
2017-03-31,378908000.0,-141273000.0,237635000.0,-153818000.0,-12840000.0,,-129997000.0,83817000.0,-33873000.0,-36584000.0,49944000,-6234000.0,43710000,-651000.0,43416000,,41905000,40983000,33959000.0,,,33959000.0,11371148000.0,,154592000.0,11525740000.0,11559699000,382131000.0,1296498000.0,1678629000.0,3260686000.0,3285106000.0,4963735000,7121711000.0,,,6595964000.0,11559699000,43416000.0,130082000.0,-56000.0,-40669000.0,,,,,132773000.0,-149155000.0,,,-149155000.0,-102458000.0,61129000.0,-4667000.0,-46919000.0,-63301000,2017-03-31,101.54000091552734,102.58999633789062,101.22000122070312,101.73999786376952,87.3713607788086,534700.0
2017-06-30,382791000.0,-145969000.0,236822000.0,-146639000.0,-9534000.0,,-126360000.0,90183000.0,-35854000.0,-38481000.0,54329000,-3885000.0,50444000,-618000.0,50155000,,48315000,47393000,39659000.0,,,39659000.0,11344375000.0,,150095000.0,11494470000.0,11534129000,395164000.0,1129996000.0,1525160000.0,3443056000.0,3466319000.0,4991479000,7125621000.0,,,6542650000.0,11534129000,50155000.0,126790000.0,-598000.0,12103000.0,,,,,188450000.0,-98483000.0,,,-98483000.0,-102476000.0,28187000.0,1100000.0,-80948000.0,9019000,2017-06-30,105.44000244140624,106.08999633789062,104.72000122070312,105.37999725341795,91.2701416015625,683300.0
2017-09-30,384550000.0,-149179000.0,235371000.0,-136570000.0,-8361000.0,,-117928000.0,98801000.0,-34245000.0,-39940000.0,64556000,54708000.0,119264000,-641000.0,118958000,,114709000,113787000,47851000.0,,,47851000.0,11279059000.0,,205891000.0,11484950000.0,11532801000,456937000.0,1109973000.0,1566910000.0,3382861000.0,3404461000.0,4971371000,7129767000.0,,,6561430000.0,11532801000,118958000.0,118075000.0,-58037000.0,57237000.0,,,,,236233000.0,5298000.0,,,4548000.0,-102506000.0,-76889000.0,224000.0,-180195000.0,60586000,2017-09-29,105.75,106.87999725341795,105.62999725341795,106.87999725341795,93.38510131835938,537800.0
2017-12-31,382738000.0,-140310000.0,242428000.0,-140463000.0,-9459000.0,,-119423000.0,101965000.0,-36426000.0,-39746000.0,65539000,62828000.0,128367000,-709000.0,128007000,,123450000,122528000,10750000.0,,,10750000.0,11261924000.0,,219245000.0,11481169000.0,11491919000,405560000.0,976292000.0,1381852000.0,3525765000.0,3525765000.0,4907617000,7132654000.0,,,6584302000.0,11491919000,128007000.0,119593000.0,-67956000.0,-76300000.0,,,,,103344000.0,-50370000.0,,,-51120000.0,-102508000.0,11496000.0,3343000.0,-91461000.0,-39237000,2017-12-29,100.86000061035156,101.06999969482422,100.08999633789062,100.55999755859376,88.57134246826172,462300.0
2018-03-31,386017000.0,-144404000.0,241613000.0,-143756000.0,-10132000.0,,-120744000.0,97857000.0,-43246000.0,-40905000.0,54611000,-3649000.0,50962000,-640000.0,50820000,,49019000,48097000,59706000.0,,,59706000.0,11193527000.0,,164143000.0,11357670000.0,11417376000,390380000.0,932187000.0,1322567000.0,3566664000.0,3566664000.0,4889231000,7136657000.0,,,6528145000.0,11417376000,50820000.0,121361000.0,2305000.0,-21782000.0,,,,,152704000.0,-45915000.0,,,-46665000.0,-108741000.0,-1042000.0,,-112796000.0,-6757000,2018-03-29,91.31999969482422,91.54000091552734,90.48999786376952,91.23999786376952,81.16014099121094,990700.0
2018-06-30,390073000.0,-148730000.0,241343000.0,-143532000.0,-9211000.0,,-122925000.0,97811000.0,-35553000.0,-43585000.0,62258000,-63000.0,62195000,-570000.0,61981000,,59807000,58885000,32610000.0,,,32610000.0,11263013000.0,,151506000.0,11414519000.0,11447129000,409604000.0,926811000.0,1336415000.0,3621824000.0,3621824000.0,4958239000,7141448000.0,,,6488890000.0,11447129000,61981000.0,123160000.0,-1200000.0,27360000.0,,,,,211301000.0,-174697000.0,,,-174697000.0,-108787000.0,55032000.0,,-57911000.0,-21307000,2018-06-29,100.91000366210938,101.7300033569336,99.45999908447266,100.66999816894531,90.45318603515624,1019200.0
2018-09-30,397108000.0,-154740000.0,242368000.0,-142232000.0,-6380000.0,,-124549000.0,100136000.0,-44276000.0,-44650000.0,55860000,-942000.0,54918000,-616000.0,54704000,,52791000,51869000,46139000.0,,,46139000.0,11196041000.0,,176807000.0,11372848000.0,11418987000,473803000.0,921399000.0,1395202000.0,3582624000.0,3582624000.0,4977826000,7146222000.0,,,6441161000.0,11418987000,54704000.0,124702000.0,605000.0,57040000.0,,,,,237051000.0,-65646000.0,,,-66396000.0,-108592000.0,-42617000.0,,-152058000.0,18597000,2018-09-28,99.06999969482422,100.20999908447266,99.06999969482422,100.18000030517578,90.84986877441406,964000.0
2018-12-31,398148000.0,-146714000.0,251434000.0,-146727000.0,-13132000.0,,-121541000.0,104707000.0,-41016000.0,-44454000.0,63691000,35000.0,63726000,-785000.0,63517000,,61282000,60360000,34259000.0,,,34259000.0,11151701000.0,,137821000.0,11289522000.0,11323781000,413850000.0,475026000.0,888876000.0,4053302000.0,4053302000.0,4942178000,7148720000.0,,,6381603000.0,11323781000,63517000.0,121772000.0,3827000.0,-55880000.0,,,,,133236000.0,-77962000.0,,,-78592000.0,-108808000.0,29647000.0,,-82371000.0,-27727000,2018-12-31,95.1500015258789,95.70999908447266,93.79000091552734,95.6999969482422,87.63148498535156,448400.0
2019-03-31,401178000.0,-149377000.0,251801000.0,-148968000.0,-12337000.0,,-122789000.0,102833000.0,-45581000.0,-45700000.0,57252000,8950000.0,66202000,-641000.0,65958000,,63660000,62738000,44623000.0,,,44623000.0,11099997000.0,,159142000.0,11259139000.0,11303762000,419320000.0,661862000.0,1081182000.0,3886236000.0,3886236000.0,4967418000,7153726000.0,,,6336344000.0,11303762000,65958000.0,123082000.0,-1894000.0,-32468000.0,,,,,154678000.0,-52927000.0,,,-52884000.0,-113271000.0,23588000.0,,-94080000.0,7714000,2019-03-29,109.5500030517578,109.72000122070312,108.86000061035156,109.33000183105469,101.11107635498048,593600.0
2019-06-30,407390000.0,-154142000.0,253248000.0,-147796000.0,-10398000.0,,-123944000.0,105452000.0,-41361000.0,-45936000.0,64091000,297000.0,64388000,-682000.0,64141000,,61917000,60995000,40972000.0,,,40972000.0,11067850000.0,,166008000.0,11233858000.0,11274830000,450212000.0,660463000.0,1110675000.0,3879526000.0,3879526000.0,4990201000,7159317000.0,,,6284629000.0,11274830000,64141000.0,124184000.0,282000.0,25182000.0,,,,,213789000.0,-85383000.0,,,-87942000.0,-113373000.0,-9825000.0,,-127550000.0,-1703000,2019-06-28,116.06999969482422,118.6999969482422,116.06999969482422,117.76000213623048,109.8605728149414,837800.0
2019-09-30,415632000.0,-159539000.0,256093000.0,-148808000.0,-10225000.0,,-124684000.0,107285000.0,-25713000.0,-44513000.0,81572000,1000000.0,82572000,-1491000.0,81459000,,78645000,77723000,25826000.0,,,25826000.0,11004200000.0,,217728000.0,11221928000.0,11247754000,521374000.0,645406000.0,1166780000.0,3830708000.0,3830708000.0,4997488000,7164683000.0,,,6250266000.0,11247754000,81459000.0,124944000.0,-11971000.0,58639000.0,,,,,253071000.0,-88236000.0,,,-89855000.0,-113408000.0,-62395000.0,,-178218000.0,-15002000,2019-09-30,130.05000305175778,131.05999755859378,129.96000671386722,130.00999450683594,122.2511215209961,665700.0
2019-12-31,416817000.0,-149787000.0,267030000.0,-150127000.0,-10885000.0,,-125426000.0,116903000.0,-44193000.0,-43698000.0,72710000,82788000.0,155498000,-882000.0,155060000,,149589000,148667000,20476000.0,,,20476000.0,10987128000.0,,222846000.0,11209974000.0,11230450000,472262000.0,626397000.0,1098659000.0,3828201000.0,3828201000.0,4926860000,7181344000.0,,,6303590000.0,11230450000,155060000.0,125580000.0,-77906000.0,-42852000.0,,,,,159882000.0,-6843000.0,,,-7592000.0,-113630000.0,-19698000.0,,-124431000.0,27859000,2019-12-31,130.55999755859378,131.89999389648438,130.13999938964844,131.86000061035156,124.88899993896484,561000.0
2020-03-31,418098000.0,-91368000.0,326730000.0,-216099000.0,-13264000.0,,-126388000.0,110631000.0,-72014000.0,-43482000.0,38617000,-405000.0,38212000,-667000.0,37952000,,36648000,35726000,34508000.0,,,34508000.0,10965184000.0,,156285000.0,11121469000.0,11155977000,445452000.0,624653000.0,1070105000.0,3859040000.0,3859040000.0,4929145000,7182555000.0,,,6226832000.0,11155977000,37952000.0,126657000.0,34488000.0,-38495000.0,,,,,160602000.0,-89089000.0,,,-89989000.0,-118337000.0,28260000.0,,-92107000.0,-21494000,2020-03-31,105.81999969482422,107.81999969482422,99.37000274658205,103.02999877929688,98.3194580078125,2255800.0
2020-06-30,413026000.0,-95555000.0,317471000.0,-211393000.0,-10557000.0,,-127190000.0,106078000.0,-27475000.0,-42118000.0,78603000,7000.0,78610000,-1200000.0,77728000,,75062000,74140000,19667000.0,,,19667000.0,10938702000.0,,172944000.0,11111646000.0,11131313000,473795000.0,622824000.0,1096619000.0,3849784000.0,3849784000.0,4946403000,7183359000.0,,,6184910000.0,11131313000,77728000.0,127448000.0,-7705000.0,31542000.0,,,,,229013000.0,-107105000.0,,,-107846000.0,-118407000.0,-11743000.0,,-134620000.0,-13453000,2020-06-30,111.76000213623048,115.08999633789062,111.66999816894531,114.66999816894531,110.41873931884766,1039900.0
