Report Date,Revenue,Cost of Revenue,Gross Profit,Operating Expenses,"Selling, General & Administrative",Research & Development,Depreciation & Amortization,Operating Income (Loss),Non-Operating Income (Loss),"Interest Expense, Net","Pretax Income (Loss), Adj.",Abnormal Gains (Losses),Pretax Income (Loss),"Income Tax (Expense) Benefit, Net",Income (Loss) from Continuing Operations,Net Extraordinary Gains (Losses),Net Income,Net Income (Common),"Cash, Cash Equivalents & Short Term Investments",Accounts & Notes Receivable,Inventories,Total Current Assets,"Property, Plant & Equipment, Net",Long Term Investments & Receivables,Other Long Term Assets,Total Noncurrent Assets,Total Assets,Payables & Accruals,Short Term Debt,Total Current Liabilities,Long Term Debt,Total Noncurrent Liabilities,Total Liabilities,Share Capital & Additional Paid-In Capital,Treasury Stock,Retained Earnings,Total Equity,Total Liabilities & Equity,Net Income/Starting Line,Depreciation & Amortization,Non-Cash Items,Change in Working Capital,Change in Accounts Receivable,Change in Inventories,Change in Accounts Payable,Change in Other,Net Cash from Operating Activities,Change in Fixed Assets & Intangibles,Net Change in Long Term Investment,Net Cash from Acquisitions & Divestitures,Net Cash from Investing Activities,Dividends Paid,Cash from (Repayment of) Debt,Cash from (Repurchase of) Equity,Net Cash from Financing Activities,Net Change in Cash,Price Date,Open,High,Low,Close,Adj Close,Volume
2009-06-30,5647200000.0,-3477300000.0,2169900000.0,-487200000.0,-531500000.0,,,1682700000.0,-107300000.0,-119300000.0,1575400000,16600000.0,1592000000,-498300000.0,1093700000,,1093700000,1093700000,2160600000.0,930500000.0,102600000.0,3597000000.0,20754100000.0,,4856000000.0,25610100000.0,29207100000,2385900000.0,457600000.0,2843500000.0,10492900000.0,13119000000.0,15962500000,4714500000.0,-21792400000.0,29927300000.0,13244600000.0,29207100000,1093700000.0,304400000.0,42600000.0,-20600000.0,,,,,1420100000.0,-410200000.0,,125300000.0,-302900000.0,-547800000.0,276900000.0,-712900000.0,-1005900000.0,181900000,2009-06-30,57.29999923706055,58.13999938964844,57.209999084472656,57.4900016784668,40.44237518310547,7334500.0
2009-09-30,6046700000.0,-3638400000.0,2408300000.0,-477000000.0,-549600000.0,,,1931300000.0,-111800000.0,-117800000.0,1819500000,2100000.0,1821600000,-560600000.0,1261000000,,1261000000,1261000000,2201000000.0,879400000.0,106800000.0,3602800000.0,21350300000.0,,5119300000.0,26469600000.0,30072400000,3116100000.0,424300000.0,3540400000.0,10657900000.0,13342400000.0,16882800000,4760900000.0,-22519400000.0,30056000000.0,13189600000.0,30072400000,1261000000.0,311900000.0,54000000.0,195300000.0,,,,,1822200000.0,-428700000.0,,9800000.0,-441300000.0,-541200000.0,-99000000.0,-728200000.0,-1388100000.0,40400000,2009-09-30,56.959999084472656,57.33000183105469,56.22000122070313,57.06999969482422,40.501197814941406,9826300.0
2009-12-31,5973400000.0,-3620000000.0,2353400000.0,-589100000.0,-655800000.0,,,1764300000.0,-125300000.0,-115200000.0,1639000000,62000000.0,1701000000,-484200000.0,1216800000,,1216800000,1216800000,1796000000.0,1060400000.0,106200000.0,3416300000.0,21531500000.0,,5277100000.0,26808600000.0,30224900000,2970600000.0,18100000.0,2988700000.0,10560300000.0,13202300000.0,16191000000,4870500000.0,-22854800000.0,31270800000.0,14033900000.0,30224900000,1216800000.0,317700000.0,-369000000.0,212500000.0,,,,,1378000000.0,-493300000.0,,0.0,-542500000.0,-593100000.0,-425700000.0,-249200000.0,-1207300000.0,-405000000,2009-12-31,62.97000122070313,63.06999969482422,62.38999938964844,62.43999862670898,44.693546295166016,4495300.0
2010-03-31,5610100000.0,-3450200000.0,2159900000.0,-455000000.0,-546300000.0,,,1704900000.0,-117200000.0,-111000000.0,1587700000,-30800000.0,1556900000,-467100000.0,1089800000,,1089800000,1089800000,2007300000.0,930000000.0,99300000.0,3472300000.0,21070000000.0,,5283300000.0,26353300000.0,29825600000,2551200000.0,18100000.0,2569300000.0,10482600000.0,13139500000.0,15708800000,4977200000.0,-23142600000.0,31769300000.0,14116800000.0,29825600000,1089800000.0,317900000.0,86600000.0,-71600000.0,,,,,1422700000.0,-367000000.0,,,-390400000.0,-592000000.0,49200000.0,-316500000.0,-808400000.0,211300000,2010-03-31,67.15000152587889,67.38999938964844,66.62999725341797,66.72000122070311,48.16302108764648,5765600.0
2010-06-30,5945500000.0,-3549100000.0,2396400000.0,-544300000.0,-564900000.0,,,1852100000.0,-110000000.0,-108100000.0,1742100000,-6800000.0,1735300000,-509500000.0,1225800000,,1225800000,1225800000,1665500000.0,964100000.0,94400000.0,3166500000.0,20293000000.0,,5215900000.0,25508900000.0,28675400000,2247900000.0,334900000.0,2582800000.0,10291300000.0,12960800000.0,15543600000,5045300000.0,-24041300000.0,32406700000.0,13131800000.0,28675400000,1225800000.0,311500000.0,81500000.0,-370100000.0,,,,,1248700000.0,-358600000.0,,,-390700000.0,-589100000.0,224000000.0,-786000000.0,-1122300000.0,-341800000,2010-06-30,66.29000091552734,66.83999633789061,65.80000305175781,65.87000274658203,47.94895553588867,7204900.0
2010-09-30,6304900000.0,-3698400000.0,2606500000.0,-506400000.0,-556300000.0,,,2100100000.0,-122000000.0,-114800000.0,1978100000,-3600000.0,1974500000,-586100000.0,1388400000,,1388400000,1388400000,2495000000.0,1013600000.0,103600000.0,4176500000.0,21477500000.0,,5514500000.0,26992000000.0,31168500000,3187400000.0,78900000.0,3266300000.0,11357100000.0,14264400000.0,17530700000,5124900000.0,-24759800000.0,32568900000.0,13637800000.0,31168500000,1388400000.0,312700000.0,119000000.0,124300000.0,,,,,1944400000.0,-436800000.0,,,-446000000.0,-583500000.0,478900000.0,-691000000.0,-787900000.0,829500000,2010-09-30,74.5199966430664,74.97000122070312,73.87000274658203,74.51000213623047,54.64448547363281,7237700.0
2010-12-31,6214100000.0,-3739600000.0,2474500000.0,-629400000.0,-665800000.0,,,1845100000.0,-123600000.0,-117000000.0,1721500000,12100000.0,1733600000,-491300000.0,1242300000,,1242300000,1242300000,2387000000.0,1179100000.0,109900000.0,4368500000.0,22060600000.0,,5546100000.0,27606700000.0,31975200000,2916400000.0,8300000.0,2924700000.0,11497000000.0,14416300000.0,17341000000,5213000000.0,-25143400000.0,33811700000.0,14634200000.0,31975200000,1242300000.0,334100000.0,-39000000.0,188400000.0,,,,,1725800000.0,-778600000.0,,,-828900000.0,-643500000.0,35300000.0,-441900000.0,-1010100000.0,-108000000,2010-12-31,76.70999908447266,76.86000061035156,76.33999633789062,76.76000213623047,56.73524475097656,2485100.0
2011-03-31,6111600000.0,-3771000000.0,2340600000.0,-514700000.0,-563600000.0,,,1825900000.0,-127000000.0,-120100000.0,1698900000,,1698900000,-489900000.0,1209000000,,1209000000,1209000000,1939900000.0,1160300000.0,111500000.0,3824200000.0,22644800000.0,,5611200000.0,28256000000.0,32080200000,2737700000.0,1516400000.0,4254100000.0,10524300000.0,13372500000.0,17626600000,5276500000.0,-26463300000.0,34386200000.0,14453600000.0,32080200000,1209000000.0,339100000.0,1300000.0,3700000.0,,,,,1553100000.0,-517500000.0,,,-519200000.0,-635100000.0,429300000.0,-1308900000.0,-1512300000.0,-447100000,2011-03-31,75.83999633789062,76.44999694824219,75.76000213623047,76.08999633789062,56.69990158081055,4505700.0
2011-06-30,6905400000.0,-4179800000.0,2725600000.0,-534100000.0,-588000000.0,,,2191500000.0,-122700000.0,-121800000.0,2068800000,-2400000.0,2066400000,-656200000.0,1410200000,,1410200000,1410200000,2070000000.0,1249100000.0,115000000.0,4025400000.0,23015800000.0,,5791800000.0,28807600000.0,32833000000,2729400000.0,1219400000.0,3948800000.0,11062800000.0,13931400000.0,17880200000,5378700000.0,-27135300000.0,35165000000.0,14952800000.0,32833000000,1410200000.0,350100000.0,18900000.0,-136400000.0,,,,,1642800000.0,-382900000.0,,,-453100000.0,-632000000.0,86000000.0,-623800000.0,-1125400000.0,130100000,2011-06-30,84.69999694824219,84.91000366210938,84.23999786376953,84.31999969482422,63.30108261108398,4968000.0
2011-09-30,7166300000.0,-4259500000.0,2906800000.0,-518700000.0,-580900000.0,,,2388100000.0,-131500000.0,-124000000.0,2256600000,6600000.0,2263200000,-755900000.0,1507300000,,1507300000,1507300000,2388800000.0,1203900000.0,115000000.0,4421900000.0,22337900000.0,,5517700000.0,27855600000.0,32277500000,3536700000.0,1541500000.0,5078200000.0,10988100000.0,13861100000.0,18939300000,5446700000.0,-27986800000.0,35329800000.0,13338200000.0,32277500000,1507300000.0,358300000.0,179500000.0,124500000.0,,,,,2169600000.0,-638200000.0,,,-699800000.0,-627200000.0,420200000.0,-795300000.0,-978300000.0,318800000,2011-09-30,87.98999786376953,90.16999816894531,87.80999755859375,87.81999969482422,66.37458038330078,8776100.0
2011-12-31,6822700000.0,-4109100000.0,2713600000.0,-589400000.0,-661200000.0,,,2124200000.0,-136300000.0,-126900000.0,1987900000,-4200000.0,1983700000,-607100000.0,1376600000,,1376600000,1376600000,2335700000.0,1334700000.0,116800000.0,4403000000.0,22834500000.0,,5752400000.0,28586900000.0,32989900000,3142600000.0,366600000.0,3509200000.0,12133800000.0,15090500000.0,18599700000,5503900000.0,-28270900000.0,36707500000.0,14390200000.0,32989900000,1376600000.0,367500000.0,-7700000.0,48200000.0,,,,,1784600000.0,-866200000.0,,,-898800000.0,-715400000.0,68400000.0,-301100000.0,-917000000.0,-53100000,2011-12-30,100.43000030517578,100.81999969482422,100.05999755859376,100.33000183105469,76.40006256103516,2957200.0
2012-03-31,6546600000.0,-4029100000.0,2517500000.0,-552900000.0,-592500000.0,,,1964600000.0,-117100000.0,-128900000.0,1847500000,,1847500000,-580800000.0,1266700000,,1266700000,1266700000,2289100000.0,1234400000.0,111700000.0,4254800000.0,23304500000.0,,5774900000.0,29079400000.0,33334200000,2922200000.0,724200000.0,3646400000.0,12055700000.0,15027300000.0,18673700000,5580800000.0,-28982000000.0,37262500000.0,14660500000.0,33334200000,1266700000.0,364700000.0,200000.0,1900000.0,,,,,1633500000.0,-578700000.0,,,-597400000.0,-712300000.0,267200000.0,-728200000.0,-1131400000.0,-46600000,2012-03-30,97.87999725341795,98.25,97.76000213623048,98.0999984741211,75.22663116455078,4429500.0
2012-06-30,6915900000.0,-4200000000.0,2715900000.0,-560900000.0,-617300000.0,,,2155000000.0,-145100000.0,-130000000.0,2009900000,,2009900000,-662900000.0,1347000000,,1347000000,1347000000,2484600000.0,1290600000.0,111700000.0,4500100000.0,23067800000.0,,5764500000.0,28832300000.0,33332400000,2769400000.0,852900000.0,3622300000.0,12720400000.0,15675000000.0,19297300000,5636300000.0,-29786800000.0,37900800000.0,14035100000.0,33332400000,1347000000.0,365900000.0,55200000.0,-285000000.0,,,,,1483100000.0,-658800000.0,,,-685600000.0,-709300000.0,903200000.0,-705300000.0,-493700000.0,195500000,2012-06-29,89.08000183105469,89.19000244140625,88.05999755859375,88.52999877929688,68.41950225830078,6364700.0
2012-09-30,7152400000.0,-4297800000.0,2854600000.0,-567400000.0,-620900000.0,,,2287200000.0,-133600000.0,-128100000.0,2153600000,,2153600000,-698600000.0,1455000000,,1455000000,1455000000,2178500000.0,1277300000.0,109100000.0,4207900000.0,23751700000.0,,5864900000.0,29616600000.0,33824500000,3639200000.0,512100000.0,4151300000.0,12752000000.0,15789100000.0,19940400000,5705600000.0,-30313500000.0,37882500000.0,13884100000.0,33824500000,1455000000.0,371900000.0,138800000.0,33700000.0,,,,,1999400000.0,-705400000.0,,,-723700000.0,-703800000.0,-379300000.0,-567700000.0,-1618100000.0,-306100000,2012-09-28,92.01000213623048,92.01000213623048,90.4000015258789,91.75,71.4660873413086,9523600.0
2012-12-31,6952100000.0,-4223800000.0,2728300000.0,-530500000.0,-624500000.0,,,2197800000.0,-129800000.0,-129600000.0,2068000000,,2068000000,-671900000.0,1396100000,,1396100000,1396100000,2336100000.0,1375300000.0,121700000.0,4922100000.0,24677200000.0,,5787200000.0,30464400000.0,35386500000,3403100000.0,,3403100000.0,13632500000.0,16689800000.0,20092900000,5795500000.0,-30576300000.0,39278000000.0,15293600000.0,35386500000,1396100000.0,386000000.0,-58300000.0,126300000.0,,,,,1850100000.0,-870100000.0,,,-1160600000.0,-771200000.0,413500000.0,-285300000.0,-606600000.0,157600000,2012-12-31,87.41999816894531,88.25,86.80999755859375,88.20999908447266,69.32567596435547,6236600.0
2013-03-31,6605300000.0,-4121200000.0,2484100000.0,-534600000.0,-596500000.0,,,1949500000.0,-132700000.0,-128100000.0,1816800000,,1816800000,-546600000.0,1270200000,,1270200000,1270200000,1869300000.0,1230000000.0,105200000.0,4191200000.0,24290100000.0,,5642500000.0,29932600000.0,34123800000,3017100000.0,,3017100000.0,12797900000.0,15878500000.0,18895600000,5869300000.0,-30811300000.0,39776400000.0,15228200000.0,34123800000,1270200000.0,391100000.0,112600000.0,-87000000.0,,,,,1686900000.0,-588700000.0,,,-524500000.0,-772200000.0,-622400000.0,-226500000.0,-1568900000.0,-466800000,2013-03-28,98.87999725341795,99.77999877929688,98.66999816894531,99.69000244140624,78.98004913330078,3954700.0
2013-06-30,7083800000.0,-4318600000.0,2765200000.0,-567500000.0,-607000000.0,,,2197700000.0,-137800000.0,-129800000.0,2059900000,,2059900000,-663400000.0,1396500000,,1396500000,1396500000,2278400000.0,1301900000.0,107800000.0,4632100000.0,24280400000.0,,5540900000.0,29821300000.0,34453400000,2805000000.0,,2805000000.0,13369800000.0,16477700000.0,19282700000,5937200000.0,-31198100000.0,40402400000.0,15170700000.0,34453400000,1396500000.0,390900000.0,14800000.0,-292400000.0,,,,,1509800000.0,-595300000.0,,,-556100000.0,-771100000.0,599100000.0,-367100000.0,-525000000.0,409100000,2013-06-28,99.51000213623048,100.11000061035156,98.93000030517578,99.0,79.0478744506836,5386400.0
2013-09-30,7323400000.0,-4412800000.0,2910600000.0,-493900000.0,-554300000.0,,,2416700000.0,-144100000.0,-130500000.0,2272600000,,2272600000,-750400000.0,1522200000,,1522200000,1522200000,2544300000.0,1285300000.0,113100000.0,4734100000.0,25081500000.0,,5735700000.0,30817200000.0,35551300000,3822300000.0,,3822300000.0,13487800000.0,16564100000.0,20386400000,5979200000.0,-31685500000.0,40354600000.0,15164900000.0,35551300000,1522200000.0,394500000.0,33400000.0,100400000.0,,,,,2050500000.0,-610000000.0,,,-585600000.0,-767500000.0,-67800000.0,-475900000.0,-1301600000.0,265900000,2013-09-30,96.45999908447266,96.69000244140624,95.11000061035156,96.20999908447266,77.44080352783203,4404500.0
2013-12-31,7093200000.0,-4350400000.0,2742800000.0,-542400000.0,-627800000.0,,,2200400000.0,-145200000.0,-139400000.0,2055200000,,2055200000,-658200000.0,1397000000,,1397000000,1397000000,2798700000.0,1319800000.0,123700000.0,5050100000.0,25747300000.0,,5828900000.0,31576200000.0,36626300000,3170000000.0,,3170000000.0,14129800000.0,17446600000.0,20616600000,6010700000.0,-32179800000.0,41751200000.0,16009700000.0,36626300000,1397000000.0,408600000.0,-19700000.0,87600000.0,,,,,1873500000.0,-771600000.0,,,-1007600000.0,-803800000.0,626400000.0,-475000000.0,-647500000.0,254400000,2013-12-31,96.9499969482422,97.08000183105469,96.62999725341795,97.02999877929688,78.7503890991211,2560900.0
2014-03-31,6700300000.0,-4184200000.0,2516100000.0,-580100000.0,-620400000.0,,,1936000000.0,-152700000.0,-135500000.0,1783300000,,1783300000,-578500000.0,1204800000,,1204800000,1204800000,2743800000.0,1229700000.0,106200000.0,4836300000.0,25650000000.0,,5882800000.0,31532800000.0,36369100000,2999800000.0,101400000.0,3101200000.0,13825400000.0,17120200000.0,20221400000,6079500000.0,-32530800000.0,42154700000.0,16147700000.0,36369100000,1204800000.0,410400000.0,56000000.0,236100000.0,,,,,1907300000.0,-490100000.0,,,-608200000.0,-801700000.0,-235100000.0,-353100000.0,-1355100000.0,-54900000,2014-03-31,97.44000244140624,98.4499969482422,97.3000030517578,98.02999877929688,80.23981475830078,4853300.0
2014-06-30,7181700000.0,-4397400000.0,2784300000.0,-595300000.0,-629200000.0,,,2189000000.0,-117500000.0,-137900000.0,2071500000,,2071500000,-684400000.0,1387100000,,1387100000,1387100000,3670600000.0,1294500000.0,110700000.0,5913700000.0,25877300000.0,,5989600000.0,31866900000.0,37780600000,2852500000.0,539200000.0,3391700000.0,14891400000.0,18234000000.0,21625700000,6154000000.0,-33292500000.0,42741500000.0,16154900000.0,37780600000,1387100000.0,413200000.0,20700000.0,-334000000.0,,,,,1487000000.0,-510400000.0,,,-615100000.0,-800600000.0,1466800000.0,-628200000.0,51000000.0,926800000,2014-06-30,101.2699966430664,101.4800033569336,100.5,100.73999786376952,83.12265014648438,4265700.0
2014-09-30,6987100000.0,-4305900000.0,2681200000.0,-608700000.0,-575800000.0,,,2072500000.0,-151400000.0,-149300000.0,1921100000,,1921100000,-852700000.0,1068400000,,1068400000,1068400000,3233300000.0,1226700000.0,105000000.0,5210400000.0,24985300000.0,,5825100000.0,30810400000.0,36020800000,3566300000.0,613300000.0,4179600000.0,14516900000.0,18215300000.0,22394900000,6204300000.0,-34183900000.0,42201800000.0,13625900000.0,36020800000,1068400000.0,413400000.0,209300000.0,141800000.0,,,,,1832900000.0,-587000000.0,,,-782600000.0,-793000000.0,147600000.0,-904800000.0,-1542400000.0,-844800000,2014-09-30,96.2300033569336,96.36000061035156,94.33999633789062,94.80999755859376,78.90494537353516,10036400.0
2014-12-31,6572200000.0,-4098100000.0,2474100000.0,-722400000.0,-662500000.0,,,1751700000.0,-155600000.0,-153700000.0,1596100000,,1596100000,-498600000.0,1097500000,,1097500000,1097500000,2077900000.0,1214400000.0,110000000.0,4185500000.0,24557500000.0,,5484400000.0,30041900000.0,34227400000,2747900000.0,,2747900000.0,14935700000.0,18626100000.0,21374000000,6255700000.0,-35177100000.0,43294500000.0,12853400000.0,34227400000,1097500000.0,407500000.0,105600000.0,-107500000.0,,,,,1503100000.0,-676500000.0,,,-299000000.0,-820800000.0,123600000.0,-1077100000.0,-1771800000.0,-747900000,2014-12-31,93.75,94.8000030517578,93.56999969482422,93.6999969482422,78.67054748535156,4589300.0
2015-03-31,5958900000.0,-3757900000.0,2201000000.0,-815500000.0,-582800000.0,,,1385500000.0,-131400000.0,-147300000.0,1254100000,,1254100000,-442600000.0,811500000,,811500000,811500000,1634800000.0,1091800000.0,98800000.0,3592800000.0,23301700000.0,,5261100000.0,28562800000.0,32155600000,2751900000.0,,2751900000.0,14291800000.0,18000400000.0,20752300000,6328900000.0,-35733600000.0,43290000000.0,11403300000.0,32155600000,811500000.0,386100000.0,275400000.0,226500000.0,,,,,1699500000.0,-345000000.0,,,-349200000.0,-816300000.0,-289800000.0,-507800000.0,-1593300000.0,-443100000,2015-03-31,97.81999969482422,98.43000030517578,97.44000244140624,97.44000244140624,82.5215835571289,5617000.0
2015-06-30,6497700000.0,-4007300000.0,2490400000.0,-641100000.0,-592400000.0,,,1849300000.0,-136900000.0,-149200000.0,1712400000,,1712400000,-510000000.0,1202400000,,1202400000,1202400000,3998500000.0,1178600000.0,102300000.0,5972200000.0,23691200000.0,,5284500000.0,28975700000.0,34947900000,2760800000.0,,2760800000.0,17901600000.0,21626200000.0,24387000000,6379800000.0,-37390500000.0,43681600000.0,10560900000.0,34947900000,1202400000.0,392200000.0,49700000.0,-130800000.0,,,,,1513500000.0,-364900000.0,,,-346500000.0,-811000000.0,3432100000.0,-1518800000.0,1087600000.0,2363700000,2015-06-30,95.93000030517578,96.3000030517578,94.54000091552734,95.06999969482422,81.21416473388672,6656000.0
2015-09-30,6615100000.0,-4023800000.0,2591300000.0,-561000000.0,-584000000.0,,,2030300000.0,-151900000.0,-160900000.0,1878400000,,1878400000,-569200000.0,1309200000,,1309200000,1309200000,2452500000.0,1136200000.0,99300000.0,4492600000.0,23239400000.0,,5227500000.0,28466900000.0,32959500000,2956500000.0,,2956500000.0,17990500000.0,21693200000.0,24649700000,6434700000.0,-39719400000.0,44202000000.0,8309800000.0,32959500000,1309200000.0,387700000.0,56100000.0,194400000.0,,,,,1947400000.0,-374500000.0,,,-418500000.0,-789100000.0,165400000.0,-2356600000.0,-2978600000.0,-1546000000,2015-09-30,98.20999908447266,98.6999969482422,97.76000213623048,98.52999877929688,84.91143035888672,5517600.0
2015-12-31,6341300000.0,-3834800000.0,2506500000.0,-626100000.0,-675100000.0,,,1880400000.0,-169600000.0,-180900000.0,1710800000,,1710800000,-504600000.0,1206200000,,1206200000,1206200000,7685500000.0,1298700000.0,100100000.0,9643000000.0,23117600000.0,,5178100000.0,28295700000.0,37938700000,2950400000.0,0.0,2950400000.0,24122100000.0,27900400000.0,30850800000,6550000000.0,-41176800000.0,44594500000.0,7087900000.0,37938700000,1206200000.0,389700000.0,-95000000.0,-122200000.0,,,,,1378700000.0,-315900000.0,,,-305800000.0,-813900000.0,6447500000.0,-1398800000.0,4219600000.0,5233000000,2015-12-31,118.81999969482422,119.18000030517578,117.94000244140624,118.13999938964844,102.6092529296875,3723200.0
2016-03-31,5903900000.0,-3590400000.0,2313500000.0,-533200000.0,-578000000.0,,,1780300000.0,-203900000.0,-218300000.0,1576400000,,1576400000,-451600000.0,1124800000,,1124800000,1124800000,3310100000.0,1162100000.0,93700000.0,5051600000.0,23421800000.0,,5322000000.0,28743800000.0,33795400000,2858700000.0,,2858700000.0,23352600000.0,27073700000.0,29932400000,6105300000.0,-44752100000.0,44912400000.0,3863000000.0,33795400000,1124800000.0,383700000.0,19600000.0,217100000.0,,,,,1745200000.0,-244100000.0,,,-255900000.0,-780800000.0,-1022400000.0,-4180400000.0,-5978700000.0,-4375400000,2016-03-31,126.1500015258789,126.95999908447266,125.61000061035156,125.68000030517578,109.9849853515625,7685900.0
2016-06-30,6265000000.0,-3679000000.0,2586000000.0,-728100000.0,-596100000.0,,,1857900000.0,-207700000.0,-223900000.0,1650200000,,1650200000,-557300000.0,1092900000,,1092900000,1092900000,3128000000.0,1267100000.0,87400000.0,5046600000.0,22849900000.0,,5250000000.0,28099900000.0,33146500000,2667200000.0,,2667200000.0,26010000000.0,29839300000.0,32506500000,6154100000.0,-48111800000.0,45272500000.0,640000000.0,33146500000,1092900000.0,383300000.0,75700000.0,-303500000.0,,,,,1248400000.0,-182800000.0,,,-203700000.0,-759300000.0,2917700000.0,-3298200000.0,-1136800000.0,-182100000,2016-06-30,119.68000030517578,120.4499969482422,119.3000030517578,120.33999633789062,106.08592987060548,4808100.0
2016-09-30,6424100000.0,-3677100000.0,2747000000.0,-609700000.0,-582900000.0,,,2137300000.0,-232800000.0,-221400000.0,1904500000,,1904500000,-629100000.0,1275400000,,1275400000,1275400000,2266700000.0,1349800000.0,90500000.0,4302100000.0,22985700000.0,,5199100000.0,28184800000.0,32486900000,4476700000.0,,4476700000.0,26007000000.0,29634300000.0,34111000000,6729400000.0,-50760900000.0,45030000000.0,-1624100000.0,32486900000,1275400000.0,370600000.0,-178800000.0,783900000.0,,,,,2251100000.0,-301400000.0,,,-351100000.0,-745100000.0,-85100000.0,-1933700000.0,-2775700000.0,-861300000,2016-09-30,114.69000244140624,115.70999908447266,114.69000244140624,115.36000061035156,102.48615264892578,4188700.0
2016-12-31,6028900000.0,-3470700000.0,2558200000.0,-589200000.0,-627500000.0,,,1969000000.0,-234100000.0,-221200000.0,1734900000,,1734900000,-541500000.0,1193400000,,1193400000,1193400000,1223400000.0,1474100000.0,58900000.0,4848600000.0,21257600000.0,,4917700000.0,26175300000.0,31023900000,2696300000.0,77200000.0,3468300000.0,25878500000.0,29759900000.0,33228200000,6774500000.0,-52108600000.0,46222700000.0,-2204300000.0,31023900000,1193400000.0,378900000.0,-226900000.0,-530500000.0,,,,,814900000.0,-143800000.0,,,-170900000.0,-773000000.0,860200000.0,-1459300000.0,-1371200000.0,-869300000,2016-12-30,122.79000091552734,123.16000366210938,121.44000244140624,121.72000122070312,108.97730255126952,3574600.0
2017-03-31,5675900000.0,-3246500000.0,2429400000.0,-395400000.0,-521300000.0,,,2034000000.0,-226500000.0,-218600000.0,1807500000,,1807500000,-592700000.0,1214800000,,1214800000,1214800000,2412200000.0,1336700000.0,56800000.0,5907200000.0,21214100000.0,,4999000000.0,26213100000.0,32120300000,2605900000.0,222900000.0,3220700000.0,26984200000.0,30930400000.0,34151100000,6826200000.0,-52818900000.0,46666900000.0,-2030800000.0,32120300000,1214800000.0,325300000.0,-4100000.0,8000000.0,,,,,1544000000.0,180300000.0,,,138100000.0,-770600000.0,821700000.0,-631800000.0,-587200000.0,1149600000,2017-03-31,129.38999938964844,130.19000244140622,129.30000305175778,129.61000061035156,116.8954086303711,3041700.0
2017-06-30,6049700000.0,-3341300000.0,2708400000.0,-413300000.0,-525400000.0,,,2295100000.0,-233700000.0,-230900000.0,2061400000,,2061400000,-666300000.0,1395100000,,1395100000,1395100000,2392400000.0,1457300000.0,56700000.0,5892500000.0,21689300000.0,,5203400000.0,26892700000.0,32785200000,2205400000.0,209900000.0,2743300000.0,28150900000.0,32042500000.0,34785800000,6933300000.0,-53748100000.0,47300600000.0,-2000600000.0,32785200000,1395100000.0,339500000.0,9900000.0,-531100000.0,,,,,1213400000.0,-50800000.0,,,-146800000.0,-761500000.0,526400000.0,-933300000.0,-1166500000.0,-1200000,2017-06-30,153.3000030517578,153.77000427246094,152.72000122070312,153.16000366210938,139.00111389160156,2508200.0
2017-09-30,5754600000.0,-2937100000.0,2817500000.0,261900000.0,-567000000.0,,,3079400000.0,-259900000.0,-236700000.0,2819500000,,2819500000,-935800000.0,1883700000,,1883700000,1883700000,2671200000.0,1569000000.0,54200000.0,4790300000.0,21978600000.0,,5790700000.0,27769300000.0,32559600000,3524400000.0,215800000.0,3740200000.0,28402600000.0,32297000000.0,36037200000,7010700000.0,-55883100000.0,47631500000.0,-3477600000.0,32559600000,1883700000.0,355800000.0,-679700000.0,124700000.0,,,,,1684500000.0,-376600000.0,,,1174700000.0,-755300000.0,-59000000.0,-1999200000.0,-2810000000.0,125400000,2017-09-29,157.50999450683594,158.0399932861328,156.1199951171875,156.67999267578125,143.03933715820312,3670100.0
2017-12-31,5340200000.0,-2674700000.0,2665500000.0,-521300000.0,-617600000.0,,,2144200000.0,-259100000.0,-235100000.0,1885100000,,1885100000,-1186400000.0,698700000,,698700000,698700000,2463800000.0,1976200000.0,58800000.0,5327200000.0,22448300000.0,,6028200000.0,28476500000.0,33803700000,2890600000.0,,2890600000.0,29536400000.0,34181100000.0,37071700000,7089000000.0,-56504400000.0,48325800000.0,-3268000000.0,33803700000,698700000.0,342800000.0,649900000.0,-582100000.0,,,,,1109300000.0,-542000000.0,,,-604000000.0,-801800000.0,738700000.0,-664600000.0,-747100000.0,-207400000,2017-12-29,172.97999572753906,172.97999572753906,171.9199981689453,172.1199951171875,158.0718994140625,2201800.0
2018-03-31,5138900000.0,-2611200000.0,2527700000.0,-384600000.0,-533100000.0,,,2143100000.0,-255200000.0,-236800000.0,1887900000,,1887900000,-512500000.0,1375400000,,1375400000,1375400000,2468000000.0,1951600000.0,53800000.0,4909300000.0,22704000000.0,,6109600000.0,28813600000.0,33722900000,2821400000.0,,2821400000.0,30869500000.0,35620300000.0,38441700000,7138800000.0,-58107600000.0,48396500000.0,-4718800000.0,33722900000,1375400000.0,362900000.0,14100000.0,-107200000.0,,,,,1645200000.0,-318100000.0,,,-359100000.0,-797500000.0,1054100000.0,-1557600000.0,-1306200000.0,4200000,2018-03-29,159.0,159.8300018310547,156.3800048828125,156.3800048828125,144.5251007080078,5289500.0
2018-06-30,5353900000.0,-2614400000.0,2739500000.0,-477200000.0,-542100000.0,,,2262300000.0,-244200000.0,-240200000.0,2018100000,,2018100000,-521800000.0,1496300000,,1496300000,1496300000,1623500000.0,2217200000.0,49600000.0,4355600000.0,22361200000.0,,5991600000.0,28352800000.0,32708400000,2678100000.0,292200000.0,2970300000.0,30687700000.0,35589100000.0,38559400000,7211800000.0,-59734500000.0,49106700000.0,-5851000000.0,32708400000,1496300000.0,365000000.0,-12400000.0,-510100000.0,,,,,1338800000.0,-426900000.0,,,-490800000.0,-786100000.0,739000000.0,-1515500000.0,-1564200000.0,-844500000,2018-06-29,156.75999450683594,157.9499969482422,156.07000732421875,156.69000244140625,145.7315216064453,4024500.0
2018-09-30,5369400000.0,-2547300000.0,2822100000.0,-404400000.0,-515200000.0,,,2417700000.0,-259000000.0,-250100000.0,2158700000,,2158700000,-521400000.0,1637300000,,1637300000,1637300000,2574500000.0,2266800000.0,41900000.0,5553100000.0,22613600000.0,,5887000000.0,28500600000.0,34053700000,3626700000.0,,3626700000.0,31895200000.0,37219600000.0,40846300000,7273800000.0,-60634300000.0,49076200000.0,-6792600000.0,34053700000,1637300000.0,375100000.0,14400000.0,444300000.0,,,,,2471100000.0,-623200000.0,,,-721300000.0,-779800000.0,988600000.0,-971500000.0,-768000000.0,951000000,2018-09-28,166.74000549316406,167.8300018310547,166.50999450683594,167.2899932861328,156.56146240234375,3390200.0
2018-12-31,5395700000.0,-292100000.0,5103600000.0,-3104100000.0,1590400000.0,,-214800000.0,1999500000.0,-248100000.0,-254100000.0,1751400000,,1751400000,-336100000.0,1415300000,,1415300000,1415300000,866000000.0,2441500000.0,51100000.0,4053200000.0,22842700000.0,,5915300000.0,28758000000.0,32811200000,2973500000.0,,2973500000.0,31075300000.0,36096100000.0,39069600000,7392600000.0,-61528500000.0,50487000000.0,-6258400000.0,32811200000,1415300000.0,379000000.0,17000000.0,-299700000.0,,,,,1511600000.0,-682300001.0,,,-883900001.0,-892500000.0,-650900000.0,-759900000.0,-2311200000.0,-1708500001,2018-12-31,175.9600067138672,177.8000030517578,175.60000610351562,177.57000732421875,167.20703125,2482600.0
2019-03-31,4955600000.0,-2419300000.0,2536300000.0,-442300000.0,-499100000.0,,,2094000000.0,-262700000.0,-274100000.0,1831300000,,1831300000,-502900000.0,1328400000,,1328400000,1328400000,2289100000.0,1992700000.0,40800000.0,4964400000.0,23283500000.0,,18218700000.0,41502200000.0,46466600000,2611700000.0,,3379600000.0,32892000000.0,49637900000.0,53017500000,7455100000.0,-62414500000.0,50928600000.0,-6550900000.0,46466600000,1328400000.0,392600000.0,137400000.0,162200000.0,,,,,2020600000.0,-370100000.0,,,-771300000.0,-886800000.0,2004300000.0,-885500000.0,220700000.0,1423100000,2019-03-29,190.25,190.5200042724609,188.91000366210938,189.8999938964844,179.95591735839844,2952000.0
2019-06-30,5341300000.0,-2511800000.0,2829500000.0,-555600000.0,-533100000.0,,,2273900000.0,-266100000.0,-284200000.0,2007800000,,2007800000,-490900000.0,1516900000,,1516900000,1516900000,1134500000.0,2055000000.0,44200000.0,3915400000.0,23504200000.0,,18780200000.0,42284400000.0,46199800000,2496600000.0,,3240000000.0,32654300000.0,49768600000.0,53008600000,7566100000.0,-63440800000.0,51562500000.0,-6808800000.0,46199800000,1516900000.0,398300000.0,101800000.0,-91500000.0,,,,,1925500000.0,-845100000.0,,,-900000000.0,-883000000.0,-385600000.0,-928000000.0,-2196100000.0,-1154600000,2019-06-28,206.8999938964844,207.9900054931641,206.32000732421875,207.66000366210938,197.9383544921875,3658200.0
2019-09-30,5502300000.0,-2527200000.0,2975100000.0,-565800000.0,,,-69000000.0,2409300000.0,-257100000.0,-280600000.0,2152200000,,2152200000,-544300000.0,1607900000,,1607900000,1607900000,1177300000.0,2005300000.0,42600000.0,3604900000.0,23325300000.0,,18874800000.0,42200100000.0,45805000000,3572300000.0,,4275600000.0,32850100000.0,50128600000.0,54404200000,7636300000.0,-64931900000.0,51359500000.0,-8599200000.0,45805000000,1607900000.0,413400000.0,43900000.0,221500000.0,,,,,2286700000.0,-519200000.0,,,-592800000.0,-876900000.0,706400000.0,-1394400000.0,-1577600000.0,42800000,2019-09-30,213.16000366210938,215.3600006103516,212.80999755859372,214.7100067138672,205.74046325683597,2488000.0
2019-12-31,5565200000.0,-427000000.0,5138200000.0,-2845600000.0,1032200000.0,,-193500000.0,2292600000.0,-265800000.0,-283000000.0,2026800000,,2026800000,-454600000.0,1572200000,,1572200000,1572200000,898500000.0,2224200000.0,50200000.0,3557900000.0,24160000000.0,,19792900000.0,43952900000.0,47510800000,2940900000.0,59100000.0,3621000000.0,34118100000.0,52100100000.0,55721100000,7670500000.0,-66328600000.0,52930500000.0,-8210300000.0,47510800000,1572200000.0,413600000.0,-102799999.0,6300000.0,,,,,1889300001.0,-167300000.0,,,-807000000.0,-935200000.0,911200000.0,-1417800000.0,-1441800000.0,-278799999,2019-12-31,196.8000030517578,197.9499969482422,196.55999755859372,197.6100006103516,190.5683135986328,2278700.0
2020-03-31,4714400000.0,-554200000.0,4160200000.0,-2466599999.0,,,-73500000.0,1693600001.0,-248700000.0,-280000000.0,1444900001,,1444900001,-338000000.0,1106900001,,1106900001,1106900001,5379800000.0,1695300000.0,39100000.0,7556900000.0,23595900000.0,,19415200000.0,43011100000.0,50568000000,2193200000.0,1106000000.0,3987800000.0,38046600000.0,55873600000.0,59861400000,7730100000.0,-67133800000.0,53106700000.0,-9293400000.0,50568000000,1106900000.0,421300000.0,214400000.0,-196600000.0,,,,,1546000000.0,-486300000.0,,,-518400000.0,-930700000.0,5388500000.0,-803300000.0,3533000000.0,4481300000,2020-03-31,166.83999633789062,169.50999450683594,165.0,165.35000610351562,160.4557342529297,4519900.0
2020-06-30,3761500000.0,-524500000.0,3237000000.0,-2275900000.0,,,-71000000.0,961100000.0,-312400000.0,-319100000.0,648700000,,648700000,-164900000.0,483800000,,483800000,483800000,3255700000.0,2852600000.0,42600000.0,6609400000.0,23830000000.0,,19499500000.0,43329500000.0,49938900000,2478300000.0,4086600000.0,7246100000.0,34675600000.0,52155900000.0,59402000000,7796600000.0,-67114200000.0,52660800000.0,-9463100000.0,49938900000,483800000.0,425700000.0,107900000.0,-1230500000.0,,,,,-213100000.0,-326900000.0,,,-396600000.0,-929700000.0,-703199999.0,55400000.0,-1577899999.0,-2124099999,2020-06-30,182.9199981689453,185.1999969482422,181.88999938964844,184.47000122070312,180.2033233642578,3163100.0
