Report Date,Revenue,Cost of Revenue,Gross Profit,Operating Expenses,"Selling, General & Administrative",Research & Development,Depreciation & Amortization,Operating Income (Loss),Non-Operating Income (Loss),"Interest Expense, Net","Pretax Income (Loss), Adj.",Abnormal Gains (Losses),Pretax Income (Loss),"Income Tax (Expense) Benefit, Net",Income (Loss) from Continuing Operations,Net Extraordinary Gains (Losses),Net Income,Net Income (Common),"Cash, Cash Equivalents & Short Term Investments",Accounts & Notes Receivable,Inventories,Total Current Assets,"Property, Plant & Equipment, Net",Long Term Investments & Receivables,Other Long Term Assets,Total Noncurrent Assets,Total Assets,Payables & Accruals,Short Term Debt,Total Current Liabilities,Long Term Debt,Total Noncurrent Liabilities,Total Liabilities,Share Capital & Additional Paid-In Capital,Treasury Stock,Retained Earnings,Total Equity,Total Liabilities & Equity,Net Income/Starting Line,Depreciation & Amortization,Non-Cash Items,Change in Working Capital,Change in Accounts Receivable,Change in Inventories,Change in Accounts Payable,Change in Other,Net Cash from Operating Activities,Change in Fixed Assets & Intangibles,Net Change in Long Term Investment,Net Cash from Acquisitions & Divestitures,Net Cash from Investing Activities,Dividends Paid,Cash from (Repayment of) Debt,Cash from (Repurchase of) Equity,Net Cash from Financing Activities,Net Change in Cash,Price Date,Open,High,Low,Close,Adj Close,Volume
2011-09-30,382271000.0,-157266000.0,225005000.0,-101304000.0,-57584000.0,-43720000.0,,123701000.0,-2145000.0,-3975000.0,121556000,-558000.0,120998000,-16250000.0,104748000,-1668000.0,103080000,103080000,1378768000.0,202754000.0,166569000.0,1917305000.0,517668000.0,190152000.0,183245000.0,891065000.0,2808370000,177858000.0,,310140000.0,344085000.0,861064000.0,1171204000,1272224000.0,-968832000.0,1331984000.0,1637166000.0,2808370000,103080000.0,27537000.0,15543000.0,11969000.0,-9255000.0,-5716000.0,1844000.0,25096000.0,158129000.0,-23125000.0,-185808000.0,0.0,-208933000.0,-63908000.0,,14959000.0,-48949000.0,-99753000,2011-09-30,31.68000030517578,31.979999542236328,31.10000038146973,31.11000061035156,24.19303321838379,2694800.0
2011-12-31,367824000.0,-151427000.0,216397000.0,-98298000.0,-56100000.0,-42198000.0,,118099000.0,-3062000.0,-3717000.0,115037000,-646000.0,114391000,-12461000.0,101930000,-1154000.0,100776000,100776000,1191184000.0,187267000.0,177705000.0,1738444000.0,528215000.0,381832000.0,180235000.0,1090282000.0,2828726000,157250000.0,,299935000.0,345581000.0,878846000.0,1178781000,1268637000.0,-924777000.0,1303311000.0,1649945000.0,2828726000,100776000.0,27177000.0,13898000.0,-3174000.0,15487000.0,-10744000.0,-22607000.0,14690000.0,138677000.0,-45458000.0,82805000.0,0.0,37347000.0,-129447000.0,,29078000.0,-99129000.0,76895000,2011-12-30,36.849998474121094,36.9900016784668,36.63000106811523,36.63000106811523,28.759021759033203,894300.0
2012-03-31,379985000.0,-147579000.0,232406000.0,-107859000.0,-51288000.0,-44159000.0,-12412000.0,124547000.0,-4332000.0,-4434000.0,120215000,-186000.0,120029000,10583000.0,130612000,-5084000.0,125528000,125528000,1243496000.0,181202000.0,180800000.0,1774983000.0,540513000.0,464838000.0,187724000.0,1193075000.0,2968058000,200272000.0,,340316000.0,347334000.0,815304000.0,1155620000,1268318000.0,-888075000.0,1428838000.0,1812438000.0,2968058000,125528000.0,26459000.0,20267000.0,-19717000.0,9357000.0,-1289000.0,18641000.0,-46426000.0,152537000.0,-24955000.0,67542000.0,-13020000.0,29567000.0,-3000.0,0.0,20593000.0,21204000.0,203308000,2012-03-30,37.02999877929688,37.43000030517578,36.79999923706055,37.20000076293945,29.486949920654297,1494000.0
2012-06-30,374507000.0,-154759000.0,219748000.0,-102888000.0,-57590000.0,-45298000.0,,116860000.0,-3034000.0,-4009000.0,113826000,,113826000,-14533000.0,99293000,,99293000,99293000,1517752000.0,196254000.0,202455000.0,2095687000.0,545703000.0,199550000.0,188359000.0,933612000.0,3029299000,182485000.0,,328083000.0,349109000.0,821994000.0,1150077000,1269494000.0,-857787000.0,1462231000.0,1879222000.0,3029299000,99293000.0,25351000.0,18203000.0,-59542000.0,-15052000.0,-21384000.0,-17787000.0,-5319000.0,83305000.0,-28195000.0,-60408000.0,0.0,-88603000.0,-65900000.0,,18272000.0,-47243000.0,-52541000,2012-06-29,32.799999237060554,33.189998626708984,32.529998779296875,33.080001831054695,26.51393318176269,2022200.0
2012-09-30,340602000.0,-143899000.0,196703000.0,-99083000.0,-50997000.0,-45383000.0,-2703000.0,97620000.0,-7350000.0,-4883000.0,90270000,0.0,90270000,-10983000.0,79287000,,79287000,79287000,1415438000.0,142409000.0,211206000.0,1933376000.0,548977000.0,359980000.0,191416000.0,1100373000.0,3033749000,149968000.0,,294153000.0,351371000.0,835657000.0,1129810000,1270199000.0,-840976000.0,1475312000.0,1903939000.0,3033749000,79287000.0,25177000.0,14171000.0,36119000.0,53845000.0,-8690000.0,-32513000.0,23477000.0,154754000.0,-29352000.0,-42862000.0,0.0,-72214000.0,-66206000.0,0.0,7395000.0,-58794000.0,23746000,2012-09-28,32.75,32.939998626708984,32.43000030517578,32.740001678466804,26.50176048278809,2014600.0
2012-12-31,329156000.0,-143668000.0,185488000.0,-98021000.0,-51087000.0,-44256000.0,-2678000.0,87467000.0,-4450000.0,-4620000.0,83017000,660000.0,83677000,-6188000.0,77489000,,77489000,77489000,1302273000.0,149277000.0,217853000.0,1830080000.0,533652000.0,468086000.0,189333000.0,1191071000.0,3021151000,132780000.0,,248566000.0,353341000.0,831280000.0,1079846000,1270535000.0,-813464000.0,1485989000.0,1941305000.0,3021151000,77489000.0,24642000.0,11073000.0,-57265000.0,-6868000.0,-6223000.0,-16898000.0,-27276000.0,55939000.0,-7701000.0,-65611000.0,0.0,-73312000.0,-66813000.0,0.0,14743000.0,-52031000.0,-69404000,2012-12-31,31.96999931335449,32.59000015258789,31.79999923706055,32.59000015258789,26.700347900390625,1609400.0
2013-03-31,338911000.0,-141556000.0,197355000.0,-101949000.0,-48654000.0,-47713000.0,-5582000.0,95406000.0,-1987000.0,-2762000.0,93419000,-1497000.0,91922000,-11286000.0,80636000,,80636000,80636000,1459009000.0,170201000.0,217278000.0,2015861000.0,516611000.0,328586000.0,222718000.0,1067915000.0,3083776000,139164000.0,,247873000.0,355050000.0,845230000.0,1093103000,1269100000.0,-780893000.0,1499365000.0,1990673000.0,3083776000,80636000.0,24254000.0,40617000.0,-27527000.0,-20080000.0,1057000.0,5743000.0,-14247000.0,117980000.0,-2529000.0,3236000.0,-38580000.0,-37873000.0,-67259000.0,0.0,17047000.0,-50077000.0,30030000,2013-03-28,36.4900016784668,36.790000915527344,36.31999969482422,36.77000045776367,30.41447448730469,1575100.0
2013-06-30,352134000.0,-147337000.0,204797000.0,-108464000.0,-55592000.0,-48826000.0,-4046000.0,96333000.0,-5469000.0,-4816000.0,90864000,0.0,90864000,-12154000.0,78710000,,78710000,78710000,1661761000.0,174685000.0,221481000.0,2229298000.0,506229000.0,159476000.0,249837000.0,915542000.0,3144840000,139196000.0,,249989000.0,357355000.0,876861000.0,1126850000,1269801000.0,-765100000.0,1510326000.0,2017990000.0,3144840000,78710000.0,25245000.0,15373000.0,9643000.0,-2814000.0,316000.0,4766000.0,7375000.0,128971000.0,-11863000.0,110309000.0,-20556000.0,77890000.0,-67749000.0,0.0,4961000.0,-62768000.0,144093000,2013-06-28,36.900001525878906,37.540000915527344,36.810001373291016,37.25,31.103679656982425,2824400.0
2013-09-30,383298000.0,-189103000.0,194195000.0,-163707000.0,-71767000.0,-64082000.0,-27858000.0,30488000.0,-5975000.0,-7014000.0,24513000,-22394000.0,2119000,-23303000.0,-21184000,,-21184000,-21184000,1553410000.0,230457000.0,289526000.0,2289278000.0,536727000.0,154002000.0,908369000.0,1599098000.0,3888376000,202351000.0,,325473000.0,959656000.0,1598805000.0,1924278000,1277320000.0,-740907000.0,1420996000.0,1964098000.0,3888376000,-21184000.0,51211000.0,4869000.0,28404000.0,2698000.0,22018000.0,-32436000.0,36124000.0,63300000.0,-16487000.0,-202822000.0,-731746000.0,-951055000.0,-68146000.0,600000000.0,11357000.0,543303000.0,-343113000,2013-09-30,39.9900016784668,40.5099983215332,39.72999954223633,40.290000915527344,33.946224212646484,1896200.0
2013-12-31,416047000.0,-215619000.0,200428000.0,-180456000.0,-69368000.0,-71377000.0,-39711000.0,19972000.0,-7721000.0,-7264000.0,12251000,-2559000.0,9692000,481000.0,10173000,,10173000,10173000,1622303000.0,177502000.0,261594000.0,2296583000.0,522737000.0,149662000.0,874542000.0,1546941000.0,3843524000,173668000.0,,296279000.0,971409000.0,1620159000.0,1916438000,1273650000.0,-715810000.0,1362472000.0,1927086000.0,3843524000,10173000.0,64012000.0,26101000.0,38925000.0,52955000.0,24812000.0,-30869000.0,-7973000.0,139211000.0,-11438000.0,-46508000.0,0.0,-57946000.0,-68697000.0,10000000.0,6301000.0,-52354000.0,28558000,2013-12-31,44.650001525878906,44.95000076293945,44.56999969482422,44.75,38.014408111572266,815500.0
2014-03-31,430144000.0,-191105000.0,239039000.0,-175104000.0,-64744000.0,-70438000.0,-39922000.0,63935000.0,-7211000.0,-6261000.0,56724000,-7222000.0,49502000,10188000.0,59690000,,59690000,59690000,1578597000.0,229955000.0,242334000.0,2236370000.0,514544000.0,257450000.0,843041000.0,1615035000.0,3851405000,202659000.0,0.0,341611000.0,983385000.0,1576324000.0,1917935000,1255823000.0,-682220000.0,1352932000.0,1933470000.0,3851405000,59690000.0,63629000.0,4373000.0,191000.0,-52453000.0,18721000.0,17625000.0,16298000.0,127883000.0,-15454000.0,-3377000.0,0.0,-18831000.0,-69230000.0,10000000.0,28746000.0,-46011000.0,63041000,2014-03-31,47.27000045776367,47.88999938964844,47.27000045776367,47.7599983215332,40.89039611816406,1520800.0
2014-06-30,462792000.0,-196218000.0,266574000.0,-166472000.0,-65710000.0,-73085000.0,-27677000.0,100102000.0,-8065000.0,-7931000.0,92037000,-1701000.0,90336000,-11757000.0,78579000,,78579000,78579000,961875000.0,232262000.0,256136000.0,1615697000.0,513723000.0,933375000.0,820780000.0,2267878000.0,3883575000,201847000.0,,351664000.0,974250000.0,1577651000.0,1929315000,1253184000.0,-657640000.0,1361829000.0,1954260000.0,3883575000,78579000.0,50410000.0,25051000.0,13332000.0,-2462000.0,-13957000.0,3909000.0,25842000.0,167372000.0,-13173000.0,-196787000.0,-2174000.0,-212134000.0,-69682000.0,-10000000.0,12614000.0,-80341000.0,-125103000,2014-06-30,48.6500015258789,48.9000015258789,48.56999969482422,48.81000137329102,42.11247634887695,914200.0
2014-09-30,492669000.0,-203806000.0,288863000.0,-171366000.0,-69368000.0,-78254000.0,-23744000.0,117497000.0,-6302000.0,-8344000.0,111195000,11000.0,111206000,-11400000.0,99806000,,99806000,99806000,1151911000.0,230493000.0,275124000.0,1820906000.0,518191000.0,829656000.0,796398000.0,2144245000.0,3965151000,179469000.0,8375000.0,338893000.0,997912000.0,1607719000.0,1946612000,1255617000.0,-626102000.0,1391549000.0,2018539000.0,3965151000,99806000.0,48052000.0,25539000.0,-15846000.0,1769000.0,-18146000.0,-5915000.0,6446000.0,157551000.0,-28784000.0,-148172000.0,0.0,-176956000.0,-70086000.0,30000000.0,20274000.0,-39624000.0,-59029000,2014-09-30,47.47000122070313,47.77999877929688,46.95000076293945,47.22999954223633,41.06008529663086,2583000.0
2014-12-31,482372000.0,-199652000.0,282720000.0,-165001000.0,-66856000.0,-76341000.0,-21804000.0,117719000.0,-4330000.0,-8304000.0,113389000,-801000.0,112588000,-7187000.0,105401000,,105401000,105401000,1307402000.0,224273000.0,274629000.0,1969028000.0,520565000.0,723925000.0,789590000.0,2034080000.0,4003108000,158926000.0,14159000.0,316400000.0,1005312000.0,1611600000.0,1928000000,1254963000.0,-603672000.0,1426396000.0,2075108000.0,4003108000,105401000.0,45242000.0,27815000.0,-30158000.0,6317000.0,1515000.0,-19864000.0,-18126000.0,148300000.0,-28841000.0,-21415000.0,-9013000.0,-59269000.0,-70554000.0,10000000.0,9629000.0,-58133000.0,30898000,2014-12-31,45.5,45.790000915527344,45.09000015258789,45.11000061035156,39.53760528564453,1124500.0
2015-03-31,709203000.0,-317796000.0,391407000.0,-298265000.0,-72881000.0,-121863000.0,-103521000.0,93142000.0,-10385000.0,-17928000.0,82757000,-50980000.0,31777000,49762000.0,81539000,0.0,85223000,85223000,1344785000.0,242405000.0,262725000.0,1969399000.0,531967000.0,798712000.0,767552000.0,2098231000.0,4067630000,170781000.0,17500000.0,336079000.0,1003258000.0,1596090000.0,1932169000,1244783000.0,-577382000.0,1467009000.0,2135461000.0,4067630000,81539000.0,134594000.0,8089000.0,23737000.0,-21517000.0,56105000.0,-12122000.0,1271000.0,247959000.0,-85337000.0,504121000.0,-648742000.0,-229958000.0,-76156000.0,372331000.0,-8084000.0,276646000.0,294446000,2015-03-31,49.6500015258789,49.72999954223633,48.83000183105469,48.9000015258789,43.163307189941406,2942000.0
2015-06-30,528876000.0,-222357000.0,306519000.0,-190269000.0,-69255000.0,-84370000.0,-36644000.0,116250000.0,-8955000.0,-8936000.0,107295000,-304000.0,106991000,-17082000.0,89909000,,89909000,89909000,1759861000.0,286699000.0,264505000.0,2450351000.0,569908000.0,527539000.0,953945000.0,2051392000.0,4501743000,195607000.0,17500000.0,359690000.0,1335678000.0,1972408000.0,2332098000,1245391000.0,-565551000.0,1485716000.0,2169645000.0,4501743000,89909000.0,60988000.0,16938000.0,-2047000.0,-37247000.0,24991000.0,-4415000.0,14624000.0,165788000.0,-45760000.0,148697000.0,-375365000.0,-272428000.0,-71202000.0,330000000.0,4125000.0,257807000.0,151167000,2015-06-30,47.66999816894531,48.099998474121094,47.25,47.43000030517578,42.174015045166016,1830100.0
2015-09-30,546243000.0,-238789000.0,307454000.0,-205361000.0,-71114000.0,-88814000.0,-45433000.0,102093000.0,-10614000.0,-9488000.0,91479000,-775000.0,90704000,1334000.0,92038000,,93641000,93641000,1283109000.0,287473000.0,275746000.0,1978965000.0,585102000.0,841277000.0,1205283000.0,2631662000.0,4610627000,208399000.0,17500000.0,385484000.0,1323871000.0,1972935000.0,2358419000,1249042000.0,-548879000.0,1507915000.0,2252208000.0,4610627000,92038000.0,70821000.0,17764000.0,11423000.0,7818000.0,7061000.0,-11402000.0,7946000.0,192046000.0,-41271000.0,47742000.0,-254234000.0,-247763000.0,-71442000.0,-14375000.0,9910000.0,-80413000.0,-136331000,2015-09-30,42.18999862670898,43.15999984741211,41.68000030517578,43.09000015258789,38.62317276000977,1997100.0
2015-12-31,540344000.0,-247626000.0,292718000.0,-221604000.0,-76270000.0,-97022000.0,-48312000.0,71114000.0,-25974000.0,-20830000.0,45140000,5018000.0,50158000,11053000.0,61211000,0.0,61211000,61211000,1122458000.0,242595000.0,276143000.0,1783479000.0,577123000.0,1107224000.0,1161091000.0,2845438000.0,4628917000,181322000.0,17500000.0,353086000.0,1342095000.0,1993553000.0,2346639000,1253103000.0,-534562000.0,1522185000.0,2282278000.0,4628917000,74623000.0,75853000.0,42578000.0,-8997000.0,69456000.0,2721000.0,-28617000.0,-52557000.0,184057000.0,13943000.0,-545816000.0,270287000.0,-261586000.0,-75295000.0,230875000.0,-359948000.0,-213872000.0,-291200000,2015-12-31,47.6500015258789,47.849998474121094,46.540000915527344,46.540000915527344,42.04308319091797,1158100.0
2016-03-31,557837000.0,-259028000.0,298809000.0,-231966000.0,-85061000.0,-102394000.0,-44511000.0,66843000.0,-25457000.0,-40346000.0,41386000,-7939000.0,33447000,47295000.0,80742000,0.0,79339000,79339000,2446035000.0,290183000.0,306815000.0,3096713000.0,609396000.0,118549000.0,1713225000.0,2441170000.0,5537883000,198577000.0,0.0,382009000.0,2453405000.0,3004955000.0,3386964000,1391757000.0,-820066000.0,1582585000.0,2150919000.0,5537883000,67330000.0,75538000.0,-18080000.0,77721000.0,-42127000.0,13427000.0,18034000.0,88387000.0,202509000.0,-17612000.0,1599677000.0,112000.0,1582177000.0,-73161000.0,43600000.0,10813000.0,-23422000.0,1761264000,2016-03-31,48.84000015258789,48.84000015258789,48.16999816894531,48.20000076293945,43.9122314453125,2788300.0
2016-06-30,799411000.0,-450921000.0,348490000.0,-385559000.0,-157505000.0,-147883000.0,-80171000.0,-37069000.0,-31643000.0,-33597000.0,-68712000,-22035000.0,-90747000,-18478000.0,-109225000,-4138000.0,-113363000,-113363000,1532550000.0,277033000.0,303690000.0,2255614000.0,595247000.0,898024000.0,1108100000.0,2601371000.0,4856985000,204779000.0,,372308000.0,1858697000.0,2385795000.0,2758103000,1002137000.0,-505960000.0,1607876000.0,2098882000.0,4856985000,-113363000.0,113141000.0,107523000.0,110670000.0,-9901000.0,121102000.0,-18000000.0,17469000.0,223967000.0,-19207000.0,470526000.0,-2747048000.0,-2295729000.0,-77237000.0,678000000.0,4630000.0,580015000.0,-1492225000,2016-06-30,49.77999877929688,50.81000137329102,49.5,50.7599983215332,46.5915412902832,3357200.0
2016-09-30,871364000.0,-460743000.0,410621000.0,-338318000.0,-120129000.0,-137795000.0,-80394000.0,72303000.0,-37526000.0,-34681000.0,34777000,-9543000.0,25234000,10340000.0,35574000,-1655000.0,33919000,33919000,2001544000.0,281063000.0,363760000.0,2778887000.0,631600000.0,584910000.0,1790912000.0,3007422000.0,5786309000,191814000.0,,371776000.0,2687874000.0,3285152000.0,3656928000,1383021000.0,-850635000.0,1600090000.0,2129381000.0,5786309000,33919000.0,112816000.0,-12884000.0,83954000.0,-15531000.0,94848000.0,-4017000.0,8654000.0,222123000.0,-20605000.0,14000.0,0.0,-20591000.0,-77640000.0,-244500000.0,20822000.0,-312174000.0,-110538000,2016-09-30,62.11000061035156,62.72999954223633,61.849998474121094,62.13999938964844,57.37590408325195,2632600.0
2016-12-31,834366000.0,-369107000.0,465259000.0,-326241000.0,-111017000.0,-132433000.0,-82791000.0,139018000.0,-34576000.0,-34642000.0,104442000,-20944000.0,83498000,23837000.0,107335000,-160000.0,107175000,107175000,669643000.0,475093000.0,419618000.0,1676750000.0,698704000.0,30007000.0,4739120000.0,5467831000.0,7144581000,357294000.0,,651553000.0,3123994000.0,3926130000.0,4577683000,1904431000.0,-751778000.0,1425073000.0,2566898000.0,7144581000,107175000.0,114968000.0,11976000.0,57649000.0,-18119000.0,4724000.0,-244000.0,71288000.0,290802000.0,946000.0,-35122000.0,0.0,-34176000.0,-77970000.0,5000000.0,3441000.0,-82043000.0,173950000,2016-12-30,65.05000305175781,65.05000305175781,63.81000137329102,64.15000152587889,59.55931091308594,1006400.0
2017-03-31,902659000.0,-369829000.0,532830000.0,-332682000.0,-111149000.0,-127189000.0,-94344000.0,200148000.0,-38355000.0,-40280000.0,161793000,-89978000.0,71815000,65101000.0,136916000,-47000.0,136869000,136869000,1302800000.0,478400000.0,417200000.0,2305000000.0,683300000.0,107500000.0,4591100000.0,5381900000.0,7686900000,361700000.0,50000000.0,704500000.0,2900500000.0,3711700000.0,4416200000,2537600000.0,-731900000.0,1479400000.0,3270700000.0,7686900000,136869000.0,128275000.0,14785000.0,42727000.0,-3249000.0,3026000.0,7461000.0,35489000.0,322608000.0,-23634000.0,-465118000.0,1248000.0,-487504000.0,-82553000.0,526300000.0,13307000.0,409702000.0,244813000,2017-03-31,73.70999908447266,74.33000183105469,73.0,73.77999877929688,68.84583282470703,2373100.0
2017-06-30,972100000.0,-387700000.0,584400000.0,-365600000.0,-114300000.0,-130500000.0,-120800000.0,218800000.0,-41600000.0,-46000000.0,177200000,-11000000.0,166200000,4400000.0,170600000,,170600000,170600000,1230246000.0,528954000.0,426843000.0,2298762000.0,693995000.0,420458000.0,4474676000.0,5589129000.0,7887891000,416390000.0,11256000.0,736443000.0,2983908000.0,3738894000.0,4475337000,2583808000.0,-719180000.0,1567059000.0,3412554000.0,7887891000,170600000.0,151800000.0,37900000.0,-15300000.0,-50600000.0,-9900000.0,31200000.0,14000000.0,345000000.0,-14000000.0,-377400000.0,0.0,-391400000.0,-82900000.0,0.0,4500000.0,-89300000.0,-135700000,2017-06-30,77.83000183105469,78.2699966430664,76.95999908447266,77.18000030517578,72.34855651855469,2424800.0
2017-09-30,1012139000.0,-398045000.0,614094000.0,-368823000.0,-114289000.0,-133621000.0,-120913000.0,245271000.0,-39163000.0,-44850000.0,206108000,-19872000.0,186236000,2920000.0,189156000,0.0,189156000,189156000,1314604000.0,545416000.0,456939000.0,2443422000.0,722780000.0,529249000.0,4359747000.0,5611776000.0,8055198000,403843000.0,5980000.0,734186000.0,3011852000.0,3774888000.0,4509074000,2590319000.0,-698078000.0,1671695000.0,3546124000.0,8055198000,189100000.0,152600000.0,26100000.0,-17700000.0,-16400000.0,-30200000.0,-5300000.0,34200000.0,350100000.0,-61600000.0,-139000000.0,0.0,-200600000.0,-84500000.0,-15200000.0,15100000.0,-96100000.0,53400000,2017-09-29,89.11000061035156,89.98999786376953,88.87000274658203,89.77999877929688,84.52336120605469,2194100.0
2017-12-31,994205000.0,-387146000.0,607059000.0,-361617000.0,-109059000.0,-131555000.0,-121003000.0,245442000.0,-46456000.0,-43438000.0,198986000,-2336000.0,196650000,-447736000.0,-251086000,0.0,-251086000,-251086000,1099593000.0,553135000.0,487065000.0,2253441000.0,754780000.0,885392000.0,4230180000.0,5870352000.0,8123793000,421127000.0,0.0,756832000.0,3039623000.0,4181886000.0,4938718000,2556508000.0,-684937000.0,1335697000.0,3185075000.0,8123793000,-251043000.0,154632000.0,169100000.0,292293000.0,-7762000.0,-30083000.0,15882000.0,314256000.0,364982000.0,-67907000.0,-301654000.0,0.0,-369561000.0,-84960000.0,-58221000.0,6976000.0,-149726000.0,-154305000,2017-12-29,88.69999694824219,89.0,87.83000183105469,87.87999725341797,83.06488037109375,904000.0
2018-03-31,1002356000.0,-387209000.0,615147000.0,-370860000.0,-114452000.0,-133624000.0,-122784000.0,244287000.0,-55781000.0,-42712000.0,188506000,-292000.0,188214000,-41484000.0,146730000,0.0,146730000,146730000,2196600000.0,563700000.0,476200000.0,3356300000.0,767900000.0,,4133000000.0,4900900000.0,8257200000,373700000.0,1309900000.0,2017400000.0,1758400000.0,2960000000.0,4977400000,2562700000.0,-662600000.0,1397300000.0,3279800000.0,8257200000,146743000.0,156868000.0,50700000.0,5207000.0,-10538000.0,10983000.0,-55682000.0,60444000.0,359518000.0,-60093000.0,9954000.0,0.0,-50139000.0,-85140000.0,21000.0,15424000.0,-80174000.0,229205000,2018-03-29,91.93000030517578,92.61000061035156,90.4499969482422,91.36000061035156,86.73165130615234,4269400.0
2018-06-30,1212500000.0,-570500000.0,642000000.0,-469600000.0,-164000000.0,-171900000.0,-133700000.0,172400000.0,-94600000.0,-84700000.0,77800000,-40100000.0,37700000,-2000000.0,35700000,,35700000,35700000,649700000.0,789400000.0,1104800000.0,2818400000.0,1078400000.0,,15352000000.0,16430400000.0,19248800000,809500000.0,1329800000.0,2139300000.0,10019800000.0,11985700000.0,14125000000,2637200000.0,-647700000.0,3149200000.0,5123800000.0,19248800000,35700000.0,172800000.0,170000000.0,-76100000.0,-55200000.0,83800000.0,-2200000.0,-102500000.0,302400000.0,-90900000.0,1275600000.0,-7851200000.0,-6666500000.0,-85500000.0,6266600000.0,6500000.0,6098000000.0,-266100000,2018-06-29,90.7300033569336,91.95999908447266,90.41000366210938,90.9499969482422,86.68032836914062,3176000.0
2018-09-30,1432500000.0,-743200000.0,689300000.0,-568400000.0,-176600000.0,-221900000.0,-169900000.0,120900000.0,-138000000.0,-137700000.0,-17100000,-22300000.0,-39400000,135700000.0,96300000,,96300000,96300000,464200000.0,668800000.0,836700000.0,2176200000.0,1051900000.0,,15439000000.0,16490900000.0,18667100000,753100000.0,1335000000.0,2088100000.0,9551100000.0,11408800000.0,13496900000,2652700000.0,-625400000.0,3159600000.0,5170200000.0,18667100000,96300000.0,221000000.0,-76600000.0,246800000.0,120600000.0,177700000.0,-35600000.0,-15900000.0,487500000.0,-79300000.0,9200000.0,600000.0,-69500000.0,-85900000.0,-501000000.0,13800000.0,-593500000.0,-175500000,2018-09-28,78.41999816894531,79.12000274658203,77.87000274658203,78.91000366210938,75.5367660522461,4881300.0
2018-12-31,1374700000.0,-595100000.0,779600000.0,-586200000.0,-174800000.0,-217700000.0,-193700000.0,193400000.0,-139500000.0,-136900000.0,53900000,1100000.0,55000000,-5800000.0,49200000,,49200000,49200000,436200000.0,544800000.0,702500000.0,1877600000.0,1039700000.0,,15238400000.0,16278100000.0,18155700000,643700000.0,0.0,643700000.0,10542300000.0,12350900000.0,12994600000,2657500000.0,-601800000.0,3122400000.0,5161100000.0,18155700000,49200000.0,243900000.0,117000000.0,71400000.0,124000000.0,83000000.0,-105700000.0,-29900000.0,481500000.0,-31200000.0,-200000.0,0.0,-31400000.0,-86400000.0,-377500000.0,6600000.0,-477600000.0,-27500000,2018-12-31,72.23999786376953,72.55000305175781,70.91999816894531,71.91999816894531,69.18740081787111,1574100.0
2019-03-31,1329800000.0,-509400000.0,820400000.0,-559100000.0,-167500000.0,-214800000.0,-176800000.0,261300000.0,-125100000.0,-135500000.0,136200000,15000000.0,151200000,23500000.0,174700000,,174700000,174700000,430900000.0,880600000.0,711700000.0,2214800000.0,996700000.0,,15138500000.0,16135200000.0,18350000000,1013700000.0,1360800000.0,2374500000.0,8946200000.0,10688000000.0,13062500000,2679800000.0,-582200000.0,3210600000.0,5287500000.0,18350000000,174700000.0,238700000.0,47400000.0,-57400000.0,49400000.0,-2900000.0,-37200000.0,-66700000.0,403400000.0,-27300000.0,2300000.0,0.0,-43600000.0,-86600000.0,-277500000.0,15700000.0,-363400000.0,-3600000,2019-03-29,82.06999969482422,83.23999786376953,81.94999694824219,82.95999908447266,80.13043975830078,2613200.0
2019-06-30,1322600000.0,-507400000.0,815200000.0,-635500000.0,-167900000.0,-219100000.0,-248500000.0,179700000.0,-129200000.0,-131900000.0,50500000,-10000000.0,40500000,10200000.0,50700000,,50700000,50700000,437100000.0,936800000.0,733100000.0,2278500000.0,963000000.0,,15004900000.0,15967900000.0,18246400000,1076900000.0,1373900000.0,2450800000.0,8711400000.0,10507300000.0,12958100000,2703500000.0,-568400000.0,3175500000.0,5288300000.0,18246400000,50700000.0,307100000.0,59500000.0,-36700000.0,-56200000.0,-20500000.0,49700000.0,-9700000.0,380600000.0,-26300000.0,0.0,0.0,-26300000.0,-87100000.0,-257500000.0,7300000.0,-348900000.0,5400000,2019-06-28,88.0,88.6500015258789,86.61000061035156,86.69999694824219,84.11261749267578,6180100.0
2019-09-30,1337800000.0,-510300000.0,827500000.0,-640300000.0,-172300000.0,-219800000.0,-248200000.0,187200000.0,-130000000.0,-128600000.0,57200000,-3700000.0,53500000,55400000.0,108900000,,108900000,108900000,405100000.0,848600000.0,734200000.0,2177800000.0,937000000.0,,14743700000.0,15680700000.0,17858500000,1036100000.0,1387300000.0,2423400000.0,8415300000.0,10073800000.0,12497200000,2731700000.0,-545200000.0,3197100000.0,5361300000.0,17858500000,108900000.0,297600000.0,-14200000.0,3700000.0,88300000.0,300000.0,-58100000.0,-26800000.0,396000000.0,-28400000.0,0.0,0.0,-28400000.0,-87300000.0,-315500000.0,20200000.0,-399800000.0,-32200000,2019-09-30,91.5199966430664,93.3499984741211,91.3000030517578,92.91000366210938,90.50514221191406,1437600.0
2019-12-31,1287400000.0,-501900000.0,785500000.0,-636500000.0,-170700000.0,-217100000.0,-248700000.0,149000000.0,-120600000.0,-119100000.0,28400000,-17800000.0,10600000,300500000.0,311100000,,311100000,311100000,402300000.0,807500000.0,708800000.0,2104000000.0,909700000.0,,14574900000.0,15484600000.0,17588600000,935800000.0,1400800000.0,2336600000.0,8179700000.0,9635400000.0,11972000000,2738900000.0,-520800000.0,3420500000.0,5616600000.0,17588600000,311100000.0,300000000.0,-211700000.0,-3900000.0,41100000.0,25800000.0,-44900000.0,-25900000.0,395500000.0,-500000.0,-2000000.0,,-43000000.0,-87700000.0,-257000000.0,11300000.0,-357200000.0,-4700000,2019-12-31,105.04000091552734,105.27999877929688,103.76000213623048,104.72000122070312,102.4151840209961,1546900.0
2020-03-31,1326400000.0,-512500000.0,813900000.0,-636000000.0,-165700000.0,-221800000.0,-248500000.0,177900000.0,-111500000.0,-114900000.0,66400000,-20600000.0,45800000,54100000.0,99900000,,99900000,99900000,403000000.0,934000000.0,685700000.0,2217200000.0,876100000.0,,14332800000.0,15208900000.0,17426100000,1028600000.0,608800000.0,1637400000.0,8873400000.0,10203200000.0,11840600000,2675300000.0,-500600000.0,3432400000.0,5585500000.0,17426100000,99900000.0,310900000.0,-9300000.0,-29800000.0,-126500000.0,23200000.0,64700000.0,8800000.0,371700000.0,-9200000.0,4700000.0,,-35500000.0,-88000000.0,-239100000.0,20000000.0,-332300000.0,3900000,2020-03-31,68.11000061035156,70.93000030517578,67.37999725341797,67.80000305175781,66.53011322021484,5362700.0
2020-06-30,1309700000.0,-511400000.0,798300000.0,-579700000.0,-146300000.0,-198000000.0,-235400000.0,218600000.0,-102000000.0,-98800000.0,116600000,-27100000.0,89500000,34100000.0,123600000,,123600000,123600000,380200000.0,894300000.0,657200000.0,2135000000.0,844000000.0,,14049100000.0,14893100000.0,17028100000,989500000.0,1596300000.0,2585800000.0,7730000000.0,8941000000.0,11526800000,2542600000.0,-485800000.0,3465600000.0,5501300000.0,17028100000,123600000.0,292800000.0,49300000.0,36100000.0,39700000.0,24900000.0,-46600000.0,18100000.0,501800000.0,-9300000.0,,,-16900000.0,-90400000.0,-412100000.0,11000000.0,-507700000.0,-22800000,2020-06-30,102.86000061035156,105.76000213623048,102.23999786376952,105.30999755859376,103.77078247070312,2875400.0
