Report Date,Revenue,Cost of Revenue,Gross Profit,Operating Expenses,"Selling, General & Administrative",Research & Development,Depreciation & Amortization,Operating Income (Loss),Non-Operating Income (Loss),"Interest Expense, Net","Pretax Income (Loss), Adj.",Abnormal Gains (Losses),Pretax Income (Loss),"Income Tax (Expense) Benefit, Net",Income (Loss) from Continuing Operations,Net Extraordinary Gains (Losses),Net Income,Net Income (Common),"Cash, Cash Equivalents & Short Term Investments",Accounts & Notes Receivable,Inventories,Total Current Assets,"Property, Plant & Equipment, Net",Long Term Investments & Receivables,Other Long Term Assets,Total Noncurrent Assets,Total Assets,Payables & Accruals,Short Term Debt,Total Current Liabilities,Long Term Debt,Total Noncurrent Liabilities,Total Liabilities,Share Capital & Additional Paid-In Capital,Treasury Stock,Retained Earnings,Total Equity,Total Liabilities & Equity,Net Income/Starting Line,Depreciation & Amortization,Non-Cash Items,Change in Working Capital,Change in Accounts Receivable,Change in Inventories,Change in Accounts Payable,Change in Other,Net Cash from Operating Activities,Change in Fixed Assets & Intangibles,Net Change in Long Term Investment,Net Cash from Acquisitions & Divestitures,Net Cash from Investing Activities,Dividends Paid,Cash from (Repayment of) Debt,Cash from (Repurchase of) Equity,Net Cash from Financing Activities,Net Change in Cash,Price Date,Open,High,Low,Close,Adj Close,Volume
2009-06-30,450700000.0,-128000000.0,322700000.0,-132400000.0,-116700000.0,,-15700000.0,190300000.0,-12600000.0,-6100000.0,177700000,-3100000.0,174600000,-63600000.0,111000000,,109300000,109300000,397700000.0,407600000.0,,900600000.0,267600000.0,,705600000.0,973200000.0,1873800000,262000000.0,370400000.0,1305100000.0,750000000.0,1318200000.0,2623300000,384100000.0,-4310300000.0,3199000000.0,-749500000.0,1873800000,111000000.0,15700000.0,13600000.0,-10800000.0,-100000.0,,,-10700000.0,129500000.0,-22400000.0,,0.0,-20000000.0,-23700000.0,-80500000.0,11100000.0,-90600000.0,51100000,2009-06-30,26.43000030517578,26.45000076293945,25.06999969482422,26.35000038146973,22.427928924560547,1988400.0
2009-09-30,451800000.0,-135100000.0,316700000.0,-140500000.0,-124300000.0,,-16200000.0,176200000.0,-9800000.0,-11500000.0,166400000,-3700000.0,162700000,-61000000.0,101700000,,100600000,100600000,429500000.0,378900000.0,,896500000.0,278600000.0,,699100000.0,977700000.0,1874200000,241900000.0,532900000.0,1202300000.0,748100000.0,1319400000.0,2521700000,391000000.0,-4304500000.0,3275800000.0,-647500000.0,1874200000,101700000.0,16200000.0,13500000.0,700000.0,35400000.0,,,-34700000.0,132100000.0,-29500000.0,,0.0,-30800000.0,-23600000.0,-49600000.0,2200000.0,-70700000.0,29900000,2009-09-30,20.209999084472656,20.559999465942386,19.059999465942386,20.459999084472656,17.488605499267578,15093300.0
2009-12-31,485800000.0,-146900000.0,338900000.0,-161100000.0,-144500000.0,,-16600000.0,177800000.0,-11600000.0,-12500000.0,166200000,1100000.0,167300000,-64000000.0,103300000,,101900000,101900000,483900000.0,444900000.0,,1012900000.0,293000000.0,,697400000.0,990400000.0,2003300000,317200000.0,447500000.0,1236000000.0,746200000.0,1363400000.0,2599400000,394500000.0,-4288500000.0,3329000000.0,-596100000.0,2003300000,103300000.0,16600000.0,27700000.0,39600000.0,-66200000.0,,,105800000.0,187200000.0,-26400000.0,,0.0,-29400000.0,-23700000.0,-87700000.0,5200000.0,-105200000.0,51200000,2009-12-31,27.15999984741211,27.26000022888184,26.790000915527344,26.79999923706055,23.00511932373047,888300.0
2010-03-31,476600000.0,-135900000.0,340700000.0,-144600000.0,-128800000.0,,-15800000.0,196100000.0,-14300000.0,-13300000.0,181800000,700000.0,182500000,-67800000.0,114700000,,113400000,113400000,503900000.0,427000000.0,,1008000000.0,292700000.0,,702600000.0,995300000.0,2003300000,253200000.0,377500000.0,1146900000.0,744400000.0,1390400000.0,2537300000,367700000.0,-4266200000.0,3442600000.0,-534000000.0,2003300000,114700000.0,15800000.0,11800000.0,21800000.0,13500000.0,,,8300000.0,164100000.0,-16200000.0,,,-13600000.0,-24900000.0,-72000000.0,-17400000.0,-111900000.0,22500000,2010-03-31,30.04999923706055,30.270000457763672,29.71999931335449,29.75,25.636219024658203,2170900.0
2010-06-30,477800000.0,-134300000.0,343500000.0,-152700000.0,-137500000.0,,-15200000.0,190800000.0,-12600000.0,-9000000.0,178200000,-300000.0,177900000,-55300000.0,122600000,,121000000,121000000,493600000.0,389100000.0,,960000000.0,298300000.0,,699400000.0,997700000.0,1957700000,248600000.0,363900000.0,1094200000.0,742500000.0,1355400000.0,2449600000,376100000.0,-4331800000.0,3538900000.0,-491900000.0,1957700000,122600000.0,15200000.0,12600000.0,-10500000.0,32300000.0,,,-42800000.0,139900000.0,-19100000.0,,,-19700000.0,-24600000.0,-15900000.0,-68200000.0,-111900000.0,-10500000,2010-06-30,20.0,20.34000015258789,19.5,19.920000076293945,17.249504089355472,5661300.0
2010-09-30,513300000.0,-153700000.0,359600000.0,-170300000.0,-152200000.0,,-18100000.0,189300000.0,-7500000.0,-12800000.0,181800000,-400000.0,181400000,-44200000.0,137200000,,136000000,136000000,804500000.0,410600000.0,,1301400000.0,307500000.0,,739300000.0,1046800000.0,2348200000,321000000.0,24400000.0,792600000.0,1235600000.0,1853200000.0,2645800000,387500000.0,-4320700000.0,3650100000.0,-297600000.0,2348200000,137200000.0,18100000.0,10800000.0,4600000.0,-14700000.0,,,19300000.0,170700000.0,-19300000.0,,,-21700000.0,-24600000.0,153200000.0,-8000000.0,119100000.0,307800000,2010-09-30,25.20000076293945,25.540000915527344,24.88999938964844,24.979999542236328,21.7337646484375,2567500.0
2010-12-31,564300000.0,-180900000.0,383400000.0,-186700000.0,-169500000.0,,-17200000.0,196700000.0,-24000000.0,-17400000.0,172700000,-100000.0,172600000,-33700000.0,138900000,,137400000,137400000,672300000.0,497500000.0,,1343000000.0,319300000.0,,878000000.0,1197300000.0,2540300000,414400000.0,11300000.0,933800000.0,1228300000.0,1904900000.0,2838700000,394900000.0,-4407300000.0,3736200000.0,-298400000.0,2540300000,138900000.0,17200000.0,3800000.0,18700000.0,-85500000.0,,,104200000.0,178600000.0,-24400000.0,,-148600000.0,-173800000.0,-24500000.0,-17000000.0,-95300000.0,-136600000.0,-134100000,2010-12-31,26.399999618530273,26.56999969482422,26.29999923706055,26.540000915527344,23.18068504333496,888500.0
2011-03-31,577100000.0,-160800000.0,416300000.0,-166200000.0,-148500000.0,,-17700000.0,250100000.0,-14900000.0,-18200000.0,235200000,,235200000,-78100000.0,157100000,,155500000,155500000,726200000.0,503400000.0,,1339600000.0,324600000.0,,860200000.0,1184800000.0,2524400000,273900000.0,13100000.0,841000000.0,1221100000.0,1906600000.0,2747600000,370600000.0,-4485200000.0,3892100000.0,-223200000.0,2524400000,157100000.0,17700000.0,13200000.0,12900000.0,-2000000.0,,,14900000.0,200900000.0,-19600000.0,,,-13300000.0,-26300000.0,-1900000.0,-115700000.0,-145100000.0,59900000,2011-03-31,34.299999237060554,34.5,32.990001678466804,33.90999984741211,29.72954368591309,6218800.0
2011-06-30,605200000.0,-170500000.0,434700000.0,-164700000.0,-142900000.0,,-21800000.0,270000000.0,-5900000.0,-14100000.0,264100000,100000.0,264200000,-73500000.0,190700000,,189000000,189000000,949500000.0,492600000.0,,1543100000.0,325200000.0,,876300000.0,1201500000.0,2744600000,302100000.0,15000000.0,852000000.0,1228000000.0,1909200000.0,2761200000,372500000.0,-4448900000.0,4048800000.0,-16600000.0,2744600000,190700000.0,21800000.0,10600000.0,21900000.0,13200000.0,,,8700000.0,245000000.0,-16000000.0,,-7100000.0,-27100000.0,-31900000.0,-1900000.0,23200000.0,-8000000.0,219000000,2011-06-30,37.790000915527344,38.47000122070313,37.77999877929688,38.349998474121094,33.7449951171875,2167000.0
2011-09-30,531300000.0,-171000000.0,360300000.0,-164000000.0,-145000000.0,,-19000000.0,196300000.0,-11300000.0,-12900000.0,185000000,-200000.0,184800000,-52700000.0,132100000,,130700000,130700000,867500000.0,400500000.0,,1360000000.0,323700000.0,,837600000.0,1161300000.0,2521300000,311200000.0,43100000.0,834900000.0,1200900000.0,1860600000.0,2695500000,390100000.0,-4651000000.0,4147400000.0,-174200000.0,2521300000,132100000.0,19000000.0,19800000.0,49500000.0,86300000.0,,,-36800000.0,220400000.0,-18000000.0,,-3000000.0,-24900000.0,-31700000.0,-3700000.0,-203700000.0,-239300000.0,-84300000,2011-09-30,29.96999931335449,30.979999542236328,29.90999984741211,30.45000076293945,26.913957595825195,3452600.0
2011-12-31,567100000.0,-181200000.0,385900000.0,-213900000.0,-193200000.0,,-20700000.0,172000000.0,-16500000.0,-16900000.0,155500000,100000.0,155600000,-57500000.0,98100000,,96200000,96200000,774800000.0,489800000.0,,1424400000.0,326800000.0,,1124900000.0,1451700000.0,2876100000,452300000.0,71300000.0,1134000000.0,1172500000.0,1840000000.0,2974000000,397900000.0,-4635500000.0,4176100000.0,-97900000.0,2876100000,98100000.0,20700000.0,9600000.0,8600000.0,-80400000.0,,,89000000.0,137000000.0,-14100000.0,,-187400000.0,-202300000.0,-31100000.0,-3800000.0,8800000.0,-25300000.0,-94200000,2011-12-30,34.02000045776367,34.080001831054695,33.639999389648445,33.68000030517578,29.88945579528809,1021800.0
2012-03-31,646800000.0,-185500000.0,461300000.0,-192300000.0,-168800000.0,,-23500000.0,269000000.0,-10400000.0,-10300000.0,258600000,,258600000,-83100000.0,175500000,,173500000,173500000,828000000.0,589200000.0,,1526600000.0,324800000.0,,1143000000.0,1467800000.0,2994400000,302800000.0,99400000.0,1011500000.0,1137400000.0,1822300000.0,2833800000,360400000.0,-4549000000.0,4350000000.0,160600000.0,2994400000,175500000.0,23500000.0,54600000.0,-191600000.0,-96000000.0,,,-95600000.0,62000000.0,-15300000.0,,,-13600000.0,-35700000.0,-3800000.0,27600000.0,-7000000.0,54700000,2012-03-30,41.84000015258789,42.18000030517578,41.29999923706055,42.099998474121094,37.51709747314453,1290100.0
2012-06-30,640800000.0,-180600000.0,460200000.0,-181700000.0,-159600000.0,,-22100000.0,278500000.0,-13900000.0,-16600000.0,264600000,,264600000,-88900000.0,175700000,,172500000,172500000,839500000.0,530500000.0,,1519400000.0,317400000.0,,1127100000.0,1444500000.0,2963900000,300100000.0,127500000.0,995200000.0,1110800000.0,1789900000.0,2785100000,371200000.0,-4637600000.0,4486300000.0,178800000.0,2963900000,175700000.0,22100000.0,13600000.0,-37900000.0,55500000.0,,,-93400000.0,173500000.0,-6600000.0,,-3500000.0,-12300000.0,-35900000.0,-3700000.0,-92700000.0,-135500000.0,9400000,2012-06-29,36.36999893188477,36.54999923706055,35.880001068115234,36.54999923706055,32.71176147460937,1593800.0
2012-09-30,688500000.0,-207300000.0,481200000.0,-211500000.0,-187400000.0,,-24100000.0,269700000.0,-5300000.0,-15300000.0,264400000,,264400000,-77900000.0,186500000,,183900000,183900000,1541200000.0,549600000.0,,2205800000.0,315600000.0,,1140900000.0,1456500000.0,3662300000,362800000.0,95600000.0,982900000.0,1611900000.0,2288100000.0,3271000000,378900000.0,-4615600000.0,4634100000.0,391300000.0,3662300000,186500000.0,24100000.0,-16700000.0,66600000.0,-16500000.0,,,83100000.0,260500000.0,-13300000.0,,0.0,-20200000.0,-35700000.0,464200000.0,11900000.0,436900000.0,694400000,2012-09-28,44.459999084472656,44.63000106811523,44.11000061035156,44.16999816894531,39.69429397583008,1499200.0
2012-12-31,754200000.0,-221600000.0,532600000.0,-260200000.0,-236400000.0,,-23800000.0,272400000.0,-23800000.0,-21600000.0,248600000,-12200000.0,236400000,-74400000.0,162000000,,160100000,160100000,1773300000.0,621800000.0,,2525700000.0,307100000.0,,1128100000.0,1435200000.0,3960900000,555300000.0,63800000.0,1164900000.0,1607400000.0,2327100000.0,3492000000,368500000.0,-4614500000.0,4713300000.0,468900000.0,3960900000,162000000.0,23800000.0,32800000.0,108500000.0,-71200000.0,,,179700000.0,327100000.0,-9800000.0,,0.0,-4100000.0,-35700000.0,-31900000.0,-26600000.0,-91800000.0,236900000,2012-12-31,49.43999862670898,50.36000061035156,49.43999862670898,50.31999969482422,45.37877655029297,1134300.0
2013-03-31,731800000.0,-200800000.0,531000000.0,-250600000.0,-227000000.0,,-23600000.0,280400000.0,-13200000.0,-22000000.0,267200000,,267200000,-76100000.0,191100000,,188400000,188400000,1769600000.0,637200000.0,,2520300000.0,296100000.0,,1094800000.0,1390900000.0,3911200000,355100000.0,31900000.0,1013400000.0,1610200000.0,2357600000.0,3371000000,346200000.0,-4652500000.0,4902200000.0,540200000.0,3911200000,191100000.0,23600000.0,14200000.0,-26300000.0,-25000000.0,,,-1300000.0,202600000.0,-8600000.0,,0.0,-2800000.0,-44500000.0,-31900000.0,-89600000.0,-156000000.0,2600000,2013-03-28,52.56000137329102,53.36999893188477,52.25,53.31999969482422,48.29108428955078,1511700.0
2013-06-30,756000000.0,-197100000.0,558900000.0,-208100000.0,-185000000.0,,-23100000.0,350800000.0,-14000000.0,-21700000.0,336800000,0.0,336800000,-108400000.0,228400000,,225500000,225500000,1650900000.0,607700000.0,,2442700000.0,287400000.0,,1064200000.0,1351600000.0,3794300000,312800000.0,0.0,897100000.0,1605000000.0,2361700000.0,3258800000,362100000.0,-4846700000.0,5082100000.0,535500000.0,3794300000,228400000.0,23100000.0,2900000.0,-87900000.0,27400000.0,,,-115300000.0,166500000.0,-9500000.0,,0.0,-16200000.0,-44600000.0,-31900000.0,-200000000.0,-270200000.0,-125000000,2013-06-28,60.68999862670898,61.47000122070313,60.56999969482422,60.93000030517578,55.34766006469727,2563800.0
2013-09-30,705500000.0,-203500000.0,502000000.0,-210500000.0,-187100000.0,,-23400000.0,291500000.0,-28000000.0,-24400000.0,263500000,0.0,263500000,-76700000.0,186800000,,183900000,183900000,2044700000.0,592000000.0,,2782200000.0,284300000.0,,1088000000.0,1372300000.0,4154500000,337900000.0,0.0,897200000.0,2098600000.0,2883900000.0,3781100000,380500000.0,-5209400000.0,5210600000.0,373400000.0,4154500000,186800000.0,23400000.0,-13200000.0,87400000.0,24400000.0,,,63000000.0,284400000.0,-12900000.0,,0.0,-203800000.0,-54600000.0,497200000.0,-361400000.0,83000000.0,202100000,2013-09-30,69.84999847412111,70.75,69.37000274658203,70.33000183105469,64.13561248779297,935100.0
2013-12-31,779200000.0,-221000000.0,558200000.0,-246300000.0,-223000000.0,,-23300000.0,311900000.0,-10100000.0,-23700000.0,301800000,0.0,301800000,-92200000.0,209600000,,206700000,206700000,2106300000.0,694200000.0,,2968800000.0,278700000.0,,1147600000.0,1426300000.0,4395100000,538900000.0,,1141300000.0,2101800000.0,2825900000.0,3967200000,409200000.0,-5319700000.0,5302100000.0,427900000.0,4395100000,209600000.0,23300000.0,-22000000.0,62400000.0,-93800000.0,,,156200000.0,273300000.0,-11300000.0,,-50700000.0,-39100000.0,-53600000.0,0.0,-75200000.0,-155600000.0,84400000,2013-12-31,78.2699966430664,79.1500015258789,78.1500015258789,78.47000122070312,71.7978286743164,624800.0
2014-03-31,767200000.0,-216000000.0,551200000.0,-218200000.0,-195100000.0,,-23100000.0,333000000.0,-21400000.0,-23800000.0,311600000,,311600000,-89900000.0,221700000,,218000000,218000000,1969500000.0,737900000.0,,2945800000.0,282300000.0,,1125300000.0,1407600000.0,4353400000,312400000.0,,1027300000.0,2097500000.0,2826300000.0,3853600000,374600000.0,-5449900000.0,5521900000.0,499800000.0,4353400000,221700000.0,23100000.0,9400000.0,-77000000.0,-42800000.0,,,-34200000.0,177200000.0,-19100000.0,,-72600000.0,-82200000.0,-59900000.0,0.0,-195600000.0,-222100000.0,-127300000,2014-03-31,78.27999877929688,79.47000122070312,78.22000122070312,79.31999969482422,72.83199310302734,859500.0
2014-06-30,873500000.0,-222100000.0,651400000.0,-239700000.0,-217400000.0,,-22300000.0,411700000.0,-29300000.0,-26000000.0,382400000,102800000.0,485200000,-160800000.0,324400000,,319200000,319200000,1959300000.0,758300000.0,,2944300000.0,298300000.0,,1544000000.0,1842300000.0,4786600000,430800000.0,,1093400000.0,2104500000.0,2896700000.0,3990100000,388400000.0,-5676400000.0,5780700000.0,796500000.0,4786600000,324400000.0,22300000.0,-70600000.0,4700000.0,-3000000.0,,,7700000.0,280800000.0,-19700000.0,,-7900000.0,-31200000.0,-59300000.0,0.0,-172800000.0,-279100000.0,-14900000,2014-06-30,87.62999725341797,87.9800033569336,86.86000061035156,87.66000366210938,80.7687759399414,1063400.0
2014-09-30,816100000.0,-236700000.0,579400000.0,-229700000.0,-206500000.0,,-23200000.0,349700000.0,-21300000.0,-37700000.0,328400000,0.0,328400000,-109900000.0,218500000,,215200000,215200000,2105600000.0,712200000.0,,3061900000.0,303500000.0,,1628300000.0,1931800000.0,4993700000,420200000.0,,1041700000.0,2536500000.0,3334100000.0,4375800000,405700000.0,-5957600000.0,5936200000.0,617900000.0,4993700000,218500000.0,23200000.0,1100000.0,9000000.0,33900000.0,,,-24900000.0,251800000.0,-18000000.0,,-130000000.0,-131200000.0,-59000000.0,447700000.0,-277200000.0,107800000.0,163500000,2014-09-30,94.83999633789062,95.04000091552734,93.80999755859376,94.5,87.33870697021484,1131900.0
2014-12-31,877500000.0,-255500000.0,622000000.0,-277300000.0,-250300000.0,,-27000000.0,344700000.0,-8900000.0,-29300000.0,335800000,0.0,335800000,-94400000.0,241400000,,236300000,236300000,1677600000.0,792400000.0,,2686400000.0,302300000.0,,1680300000.0,1982600000.0,4669000000,557600000.0,,1199700000.0,2547300000.0,3426400000.0,4626100000,387300000.0,-6384200000.0,6044300000.0,42900000.0,4669000000,241400000.0,27000000.0,2500000.0,37900000.0,-86400000.0,,,124300000.0,308800000.0,-17800000.0,,-29200000.0,-320300000.0,-57800000.0,0.0,-425500000.0,-671100000.0,-721300000,2014-12-31,97.19000244140624,97.48999786376952,95.75,95.80999755859376,88.7967300415039,560200.0
2015-03-31,865600000.0,-244400000.0,621200000.0,-249900000.0,-221300000.0,,-28600000.0,371300000.0,-26800000.0,-29300000.0,344500000,,344500000,-113200000.0,231300000,,230100000,230100000,1995400000.0,842700000.0,,3039300000.0,299300000.0,,1637400000.0,1936700000.0,4976000000,379200000.0,,1138200000.0,3095100000.0,3984000000.0,5122200000,374000000.0,-6701700000.0,6276400000.0,-146200000.0,4976000000,231300000.0,28600000.0,-7100000.0,9000000.0,-62700000.0,,,71700000.0,261800000.0,-19000000.0,,,-49300000.0,-68700000.0,552800000.0,-331000000.0,123900000.0,290400000,2015-03-31,103.68000030517578,104.41999816894531,102.93000030517578,103.8000030517578,96.53650665283205,1363700.0
2015-06-30,918100000.0,-243900000.0,674200000.0,-254900000.0,-227000000.0,,-27900000.0,419300000.0,-40100000.0,-31900000.0,379200000,,379200000,-115100000.0,264100000,,261700000,261700000,2047500000.0,801300000.0,,3064000000.0,304600000.0,,1630900000.0,1935500000.0,4999500000,422100000.0,,1124800000.0,3106100000.0,3978100000.0,5102900000,400100000.0,-6918900000.0,6468400000.0,-103400000.0,4999500000,264100000.0,27900000.0,21000000.0,19600000.0,50900000.0,,,-31300000.0,332600000.0,-21700000.0,,-4600000.0,-42500000.0,-68500000.0,0.0,-214700000.0,-281500000.0,28700000,2015-06-30,108.0,108.44000244140624,107.13999938964844,107.95999908447266,100.71676635742188,1060000.0
2015-09-30,834900000.0,-236100000.0,598800000.0,-249100000.0,-220800000.0,,-28300000.0,349700000.0,-6100000.0,-25800000.0,343600000,,343600000,-109800000.0,233800000,,231600000,231600000,1941300000.0,720500000.0,,2862100000.0,306100000.0,,1604700000.0,1910800000.0,4772900000,409200000.0,,1050200000.0,3124500000.0,3962900000.0,5013100000,428200000.0,-7209500000.0,6631700000.0,-240200000.0,4772900000,233800000.0,28300000.0,21400000.0,15600000.0,72800000.0,,,-57200000.0,299100000.0,-25200000.0,,0.0,10300000.0,-67800000.0,0.0,-287800000.0,-354900000.0,-67500000,2015-09-30,98.5,99.01000213623048,96.9499969482422,98.1999969482422,91.89234161376952,1375200.0
2015-12-31,865900000.0,-251900000.0,614000000.0,-280900000.0,-252200000.0,,-28700000.0,333100000.0,-20800000.0,-28100000.0,312300000,,312300000,-91900000.0,220400000,,217900000,217900000,2232200000.0,802000000.0,,3243100000.0,306400000.0,,1553500000.0,1859900000.0,5103000000,566600000.0,,1218500000.0,3380600000.0,4217500000.0,5436000000,454700000.0,-7389200000.0,6709000000.0,-333000000.0,5103000000,220400000.0,28700000.0,63600000.0,-8100000.0,-86400000.0,,,78300000.0,304600000.0,-23100000.0,,-3000000.0,-10500000.0,-67100000.0,300000000.0,-175400000.0,7000000.0,286300000,2015-12-31,100.8000030517578,101.86000061035156,100.31999969482422,100.33999633789062,94.21141815185548,596000.0
2016-03-31,816100000.0,-249200000.0,566900000.0,-262800000.0,-232900000.0,,-29900000.0,304100000.0,-28500000.0,-34100000.0,275600000,,275600000,-89000000.0,186600000,,184400000,184400000,2066700000.0,852100000.0,,3085300000.0,310500000.0,,1719100000.0,2029600000.0,5114900000,391500000.0,,1151900000.0,3428600000.0,4314500000.0,5466400000,435100000.0,-7610300000.0,6895100000.0,-351500000.0,5114900000,186600000.0,29900000.0,36700000.0,400000.0,-45500000.0,,,45900000.0,253600000.0,-26300000.0,,-75900000.0,-108400000.0,-72100000.0,,-237800000.0,-355500000.0,-181300000,2016-03-31,95.72000122070312,96.77999877929688,95.38999938964844,96.55999755859376,91.0647201538086,1015300.0
2016-06-30,928900000.0,-258900000.0,670000000.0,-259800000.0,-228600000.0,,-31200000.0,410200000.0,-31300000.0,-34300000.0,378900000,,378900000,-120800000.0,258100000,,255500000,255500000,2026800000.0,843700000.0,,3030100000.0,323000000.0,,1691800000.0,2014800000.0,5044900000,453800000.0,,1146400000.0,3420400000.0,4268000000.0,5414400000,460700000.0,-7821700000.0,7077800000.0,-369500000.0,5044900000,258100000.0,31200000.0,25900000.0,-22400000.0,300000.0,,,-22700000.0,292800000.0,-28000000.0,,0.0,101100000.0,-71500000.0,,-211200000.0,-284900000.0,98200000,2016-06-30,91.94000244140624,93.72000122070312,91.31999969482422,93.70999908447266,88.727294921875,1656300.0
2016-09-30,917100000.0,-253200000.0,663900000.0,-258000000.0,-225300000.0,,-32700000.0,405900000.0,-28500000.0,-35400000.0,377400000,-8400000.0,369000000,-112400000.0,256600000,,255300000,255300000,2057900000.0,831400000.0,,3016900000.0,329600000.0,,1672800000.0,2002400000.0,5019300000,450300000.0,299900000.0,1402500000.0,3118200000.0,3974700000.0,5377200000,453800000.0,-7973800000.0,7261200000.0,-357900000.0,5019300000,256600000.0,32700000.0,15700000.0,37600000.0,9600000.0,,,28000000.0,342600000.0,-30500000.0,,-3200000.0,4900000.0,-70900000.0,,-157400000.0,-274600000.0,71800000,2016-09-30,108.37000274658205,109.02999877929688,108.08999633789062,108.27999877929688,102.88811492919922,1672300.0
2016-12-31,942100000.0,-265300000.0,676800000.0,-282500000.0,-249600000.0,,-32900000.0,394300000.0,7600000.0,-34000000.0,401900000,-867400000.0,-465500000,40000000.0,-425500000,,-428600000,-428600000,2224900000.0,887400000.0,,3253100000.0,325900000.0,,1748300000.0,2074200000.0,5327300000,1444300000.0,300000000.0,2428200000.0,3063000000.0,3926400000.0,6354600000,480600000.0,-8029600000.0,6688900000.0,-1027300000.0,5327300000,-425500000.0,32900000.0,-171500000.0,934300000.0,-69200000.0,,,1003500000.0,370200000.0,-30400000.0,,-200000.0,104400000.0,-70600000.0,,-54600000.0,-127900000.0,305400000,2016-12-30,94.63999938964844,94.69000244140624,93.8499984741211,94.2699966430664,89.9128646850586,519500.0
2017-03-31,975200000.0,-275300000.0,699900000.0,-253200000.0,-220700000.0,,-32500000.0,446700000.0,-55100000.0,-47400000.0,391600000,59700000.0,451300000,-105400000.0,345900000,,345600000,345600000,2262400000.0,953500000.0,,3485500000.0,329100000.0,,1621300000.0,1950400000.0,5435900000,392600000.0,213800000.0,1423800000.0,3861900000.0,4736300000.0,6160100000,450400000.0,-8051200000.0,7031000000.0,-724200000.0,5435900000,345900000.0,32500000.0,153700000.0,-1044500000.0,-61900000.0,,,-982600000.0,-512400000.0,-18700000.0,,-5000000.0,18600000.0,-72600000.0,711800000.0,-32900000.0,553700000.0,78100000,2017-03-31,111.16000366210938,112.6999969482422,110.93000030517578,112.04000091552734,107.23451232910156,888700.0
2017-06-30,1000500000.0,-284800000.0,715700000.0,-249000000.0,-216100000.0,,-32900000.0,466700000.0,-39300000.0,-49700000.0,427400000,34600000.0,462000000,-148400000.0,313600000,,312200000,312200000,3367200000.0,916500000.0,,4559100000.0,329700000.0,,1647500000.0,1977200000.0,6536300000,490400000.0,,1237200000.0,4887100000.0,5766600000.0,7003800000,468900000.0,-8108600000.0,7269600000.0,-467500000.0,6536300000,313600000.0,32900000.0,-4000000.0,129300000.0,45400000.0,,,83900000.0,471800000.0,-24100000.0,,0.0,21300000.0,-72600000.0,780100000.0,-62500000.0,616800000.0,1151300000,2017-06-30,121.63999938964844,122.1999969482422,121.29000091552734,121.68000030517578,116.85417938232422,628600.0
2017-09-30,1062900000.0,-315600000.0,747300000.0,-288700000.0,-245700000.0,,-43000000.0,458600000.0,-52600000.0,-53100000.0,406000000,59800000.0,465800000,-146100000.0,319700000,,317300000,317300000,1071100000.0,1007300000.0,,2278900000.0,332100000.0,,5693900000.0,6026000000.0,8304900000,577500000.0,614100000.0,1982700000.0,5107300000.0,6479000000.0,8461700000,499000000.0,-8123700000.0,7513400000.0,-156800000.0,8304900000,319700000.0,43000000.0,-70200000.0,97900000.0,6700000.0,,,91200000.0,390400000.0,-26600000.0,,-3506000000.0,-3447300000.0,-72600000.0,814300000.0,-18900000.0,719100000.0,-2318100000,2017-09-29,138.41000366210938,139.30000305175778,138.05000305175778,139.21000671386722,134.08018493652344,623700.0
2017-12-31,1165500000.0,-340900000.0,824600000.0,-353300000.0,-303400000.0,,-49900000.0,471300000.0,-57800000.0,-58300000.0,413500000,-5800000.0,407700000,-379200000.0,28500000,,25500000,25500000,1183300000.0,1147200000.0,,2580600000.0,325100000.0,,5688500000.0,6013600000.0,8594200000,750300000.0,429400000.0,2063300000.0,5111100000.0,6645800000.0,8709100000,532000000.0,-8152900000.0,7465400000.0,-114900000.0,8594200000,28500000.0,49900000.0,-39100000.0,365500000.0,-138300000.0,,,503800000.0,404800000.0,-21200000.0,,0.0,-12600000.0,-72600000.0,-184400000.0,-29800000.0,-289500000.0,108700000,2017-12-29,147.92999267578125,148.99000549316406,147.61000061035156,147.61000061035156,142.5396728515625,410900.0
2018-03-31,1126700000.0,-314900000.0,811800000.0,-320200000.0,-271100000.0,,-49100000.0,491600000.0,-49700000.0,-50700000.0,441900000,-800000.0,441100000,-64300000.0,376800000,,372900000,372900000,1377800000.0,1207400000.0,,2818800000.0,321600000.0,,5873600000.0,6195200000.0,9014000000,532600000.0,389600000.0,1920900000.0,5118000000.0,6673100000.0,8594000000,510000000.0,-8171400000.0,7913000000.0,420000000.0,9014000000,376800000.0,49100000.0,30900000.0,-65300000.0,-29900000.0,,,-35400000.0,391500000.0,-15000000.0,,5700000.0,-18500000.0,-84100000.0,-40000000.0,-14900000.0,-182300000.0,205800000,2018-03-29,159.8000030517578,162.47999572753906,158.49000549316406,161.3000030517578,156.17091369628906,856900.0
2018-06-30,1175100000.0,-320200000.0,854900000.0,-318900000.0,-270500000.0,,-48400000.0,536000000.0,-38500000.0,-53400000.0,497500000,-2000000.0,495500000,-117600000.0,377900000,,376200000,376200000,1415700000.0,1137100000.0,,2839700000.0,312200000.0,,5599700000.0,5911900000.0,8751600000,593600000.0,389800000.0,1843900000.0,4934200000.0,6447600000.0,8291500000,542000000.0,-8198900000.0,8204600000.0,460100000.0,8751600000,377900000.0,48400000.0,26500000.0,-67000000.0,47700000.0,,,-114700000.0,385800000.0,-22900000.0,,0.0,-26800000.0,-84500000.0,-150400000.0,-29200000.0,-285300000.0,37200000,2018-06-29,171.52000427246094,172.10000610351562,170.52999877929688,170.55999755859375,165.56114196777344,888900.0
2018-09-30,1080800000.0,-306300000.0,774500000.0,-306400000.0,-260300000.0,,-46100000.0,468100000.0,-54000000.0,-56400000.0,414100000,-1300000.0,412800000,-100800000.0,312000000,,310200000,310200000,1145500000.0,1131800000.0,,2516200000.0,311100000.0,,5611800000.0,5922900000.0,8439100000,581600000.0,470500000.0,1823600000.0,4484000000.0,6009400000.0,7833000000,573100000.0,-8260100000.0,8429100000.0,606100000.0,8439100000,312000000.0,46100000.0,-32700000.0,-18100000.0,4700000.0,,,-22800000.0,307300000.0,-25000000.0,,-35000000.0,-68500000.0,-84300000.0,-364800000.0,-60200000.0,-512600000.0,-279700000,2018-09-28,172.25999450683594,173.3800048828125,167.08999633789062,167.1999969482422,162.71690368652344,1366900.0
2018-12-31,1060400000.0,-304600000.0,755800000.0,-326500000.0,-278100000.0,,-48400000.0,429300000.0,-53800000.0,-54500000.0,375500000,-52900000.0,322600000,-69300000.0,253300000,,250700000,250700000,1817500000.0,1287100000.0,,3386900000.0,320400000.0,,5818900000.0,6139300000.0,9526200000,695200000.0,449900000.0,2098500000.0,5226100000.0,6771200000.0,8869700000,604300000.0,-8312500000.0,8594400000.0,656500000.0,9526200000,253300000.0,48400000.0,6300000.0,68400000.0,-158500000.0,,,226900000.0,376400000.0,-28100000.0,-32000000.0,-253700000.0,-292200000.0,-84100000.0,714200000.0,-51700000.0,568200000.0,649700000,2018-12-31,140.16000366210938,140.82000732421875,138.77999877929688,140.03999328613278,136.69097900390622,679300.0
2019-03-31,1142100000.0,-341700000.0,800400000.0,-331800000.0,-281500000.0,,-50300000.0,468600000.0,-50200000.0,-52500000.0,418400000,-6900000.0,411500000,-37900000.0,373600000,,372900000,372900000,1310600000.0,1301200000.0,,2898400000.0,318700000.0,,6301000000.0,6619700000.0,9518100000,537100000.0,318800000.0,2005600000.0,5228600000.0,7187500000.0,9193100000,439100000.0,-8754000000.0,8893600000.0,325000000.0,9518100000,373600000.0,50300000.0,49500000.0,-106300000.0,-8500000.0,,,-97800000.0,367100000.0,-20000000.0,,,-7200000.0,-94400000.0,-132200000.0,-434000000.0,-848800000.0,-488400000,2019-03-29,180.9900054931641,181.6100006103516,179.97000122070312,181.08999633789062,177.27886962890625,1052300.0
2019-06-30,1213600000.0,-339900000.0,873700000.0,-325700000.0,-274700000.0,,-51000000.0,548000000.0,-50200000.0,-50600000.0,497800000,-64500000.0,433300000,-121300000.0,312000000,,310300000,310300000,1315400000.0,1245300000.0,,3154600000.0,300400000.0,,6136600000.0,6437000000.0,9591600000,588700000.0,129900000.0,1839900000.0,5258000000.0,7177000000.0,9016900000,577900000.0,-8886700000.0,9107700000.0,574700000.0,9591600000,312000000.0,51000000.0,55000000.0,-30600000.0,38900000.0,,,-69500000.0,387400000.0,-18700000.0,,-36700000.0,-45600000.0,-94600000.0,-190400000.0,-152400000.0,-337200000.0,-700000,2019-06-28,196.27999877929688,197.63999938964844,195.30999755859372,195.30999755859372,191.7060394287109,3133100.0
2019-09-30,1238000000.0,-350000000.0,888000000.0,-340000000.0,-292000000.0,,-48000000.0,548000000.0,-36000000.0,-46000000.0,512000000,1000000.0,513000000,-130000000.0,383000000,,380000000,380000000,1273800000.0,1228400000.0,,3042300000.0,292100000.0,,6143400000.0,6435500000.0,9477800000,607200000.0,501500000.0,2138000000.0,4736500000.0,6636700000.0,8774700000,611300000.0,-8993000000.0,9391600000.0,703100000.0,9477800000,381400000.0,48700000.0,25500000.0,-14100000.0,5600000.0,,,-19700000.0,441500000.0,-22300000.0,,-84300000.0,-97200000.0,-95000000.0,-130400000.0,-104600000.0,-331000000.0,-17900000,2019-09-30,205.0,207.9499969482422,204.47999572753903,204.8300018310547,201.52056884765625,933600.0
2019-12-31,1235300000.0,-355400000.0,879900000.0,-369500000.0,-318800000.0,,-50700000.0,510400000.0,-51600000.0,-58900000.0,458800000,-6600000.0,452200000,-91800000.0,360400000,,358800000,358800000,1930000000.0,1419000000.0,,3679000000.0,292000000.0,,6294000000.0,6586000000.0,10265000000,773000000.0,,1912000000.0,5581000000.0,7516000000.0,9428000000,645000000.0,-9250000000.0,9656000000.0,837000000.0,10265000000,362000000.0,50000000.0,32000000.0,35000000.0,-170000000.0,,,205000000.0,479000000.0,-8000000.0,36000000.0,185000000.0,186000000.0,-94000000.0,324000000.0,-255000000.0,-46000000.0,654000000,2019-12-31,236.8500061035156,238.6999969482422,236.3699951171875,237.41000366210938,234.09703063964844,594100.0
2020-03-31,1290000000.0,-340000000.0,950000000.0,-350000000.0,-301000000.0,,-49000000.0,600000000.0,-28000000.0,-40000000.0,572000000,-8000000.0,564000000,-77000000.0,487000000,,488000000,488000000,2231000000.0,1413000000.0,,3994000000.0,285000000.0,,7027000000.0,7312000000.0,11306000000,664000000.0,485000000.0,2351000000.0,6303000000.0,8150000000.0,10501000000,619000000.0,-9524000000.0,10041000000.0,805000000.0,11306000000,487000000.0,49000000.0,103000000.0,-294000000.0,-7000000.0,,,-287000000.0,345000000.0,-21000000.0,-55000000.0,-696000000.0,-772000000.0,-105000000.0,1184000000.0,-237000000.0,765000000.0,309000000,2020-03-31,218.30999755859372,221.97999572753903,210.75999450683597,211.5,208.97911071777344,1379100.0
2020-06-30,1435000000.0,-362000000.0,1073000000.0,-365000000.0,-307000000.0,,-58000000.0,708000000.0,-44000000.0,-60000000.0,664000000,2000000.0,666000000,-157000000.0,509000000,,509000000,509000000,2199000000.0,1401000000.0,,3963000000.0,298000000.0,,7037000000.0,7335000000.0,11298000000,795000000.0,,1886000000.0,6333000000.0,8175000000.0,10061000000,654000000.0,-9513000000.0,10442000000.0,1237000000.0,11298000000,509000000.0,58000000.0,-44000000.0,109000000.0,18000000.0,,,91000000.0,632000000.0,-41000000.0,-8000000.0,-2000000.0,-51000000.0,-105000000.0,-492000000.0,13000000.0,-642000000.0,-42000000,2020-06-30,269.3800048828125,275.510009765625,268.27999877929693,274.73001098632807,272.04183959960943,1386600.0
