Report Date,Revenue,Cost of Revenue,Gross Profit,Operating Expenses,"Selling, General & Administrative",Research & Development,Depreciation & Amortization,Operating Income (Loss),Non-Operating Income (Loss),"Interest Expense, Net","Pretax Income (Loss), Adj.",Abnormal Gains (Losses),Pretax Income (Loss),"Income Tax (Expense) Benefit, Net",Income (Loss) from Continuing Operations,Net Extraordinary Gains (Losses),Net Income,Net Income (Common),"Cash, Cash Equivalents & Short Term Investments",Accounts & Notes Receivable,Inventories,Total Current Assets,"Property, Plant & Equipment, Net",Long Term Investments & Receivables,Other Long Term Assets,Total Noncurrent Assets,Total Assets,Payables & Accruals,Short Term Debt,Total Current Liabilities,Long Term Debt,Total Noncurrent Liabilities,Total Liabilities,Share Capital & Additional Paid-In Capital,Treasury Stock,Retained Earnings,Total Equity,Total Liabilities & Equity,Net Income/Starting Line,Depreciation & Amortization,Non-Cash Items,Change in Working Capital,Change in Accounts Receivable,Change in Inventories,Change in Accounts Payable,Change in Other,Net Cash from Operating Activities,Change in Fixed Assets & Intangibles,Net Change in Long Term Investment,Net Cash from Acquisitions & Divestitures,Net Cash from Investing Activities,Dividends Paid,Cash from (Repayment of) Debt,Cash from (Repurchase of) Equity,Net Cash from Financing Activities,Net Change in Cash,Price Date,Open,High,Low,Close,Adj Close,Volume
2015-01-31,4318000000.0,-1128000000.0,3190000000.0,-1949000000.0,-1487000000.0,-373000000.0,-89000000.0,1241000000.0,-105000000.0,-81000000.0,1136000000,58000000.0,1194000000,-217000000.0,977000000,,977000000,977000000,46000.0,,,46000.0,,,,,46000,37000000.0,,37000000.0,,0.0,37000000,73000.0,,-37075000.0,-36954000.0,46000,977000000.0,206000000.0,59000000.0,525000000.0,,,,,1767000000.0,-106000000.0,-617000000.0,-33000000.0,-690000000.0,-300000000.0,15158000000.0,,14925000000.0,15944000000,2015-01-30,72.83999633789062,72.91999816894531,71.20999908447266,71.4000015258789,62.45363235473633,15810900.0
2015-04-30,7304000000.0,-2934000000.0,4370000000.0,-3400000000.0,-2404000000.0,-528000000.0,-468000000.0,970000000.0,-166000000.0,-186000000.0,804000000,-617000000.0,187000000,-188000000.0,-1000000,,-1000000,-1000000,19480000000.0,5112000000.0,3463000000.0,30844000000.0,4699000000.0,,71142000000.0,75841000000.0,106685000000,6620000000.0,2434000000.0,9054000000.0,33752000000.0,44401000000.0,53455000000,0.0,,54414000000.0,53230000000.0,106685000000,-1000000.0,677000000.0,29000000.0,1207000000.0,,,,,1912000000.0,-255000000.0,-716000000.0,-14273000000.0,-15215000000.0,-435000000.0,1761000000.0,,1151000000.0,-12388000000,2015-04-30,75.26000213623047,75.62999725341797,74.12000274658203,74.44999694824219,65.37842559814453,6331500.0
2015-07-31,7274000000.0,-2456000000.0,4818000000.0,-3488000000.0,-2449000000.0,-558000000.0,-481000000.0,1330000000.0,-252000000.0,-191000000.0,1078000000,-138000000.0,940000000,-120000000.0,820000000,,820000000,820000000,17982000000.0,4811000000.0,3404000000.0,29147000000.0,4672000000.0,,70807000000.0,75479000000.0,104626000000,5690000000.0,1850000000.0,7540000000.0,33709000000.0,44277000000.0,51817000000,0.0,,54165000000.0,52809000000.0,104626000000,820000000.0,701000000.0,147000000.0,-852000000.0,,,,,816000000.0,-224000000.0,-585000000.0,-179000000.0,-986000000.0,-538000000.0,-575000000.0,,-1744000000.0,-1864000000,2015-07-31,78.48999786376953,78.9000015258789,78.16000366210938,78.38999938964844,69.18763732910156,5180300.0
2015-10-31,7058000000.0,-2182000000.0,4876000000.0,-3371000000.0,-2343000000.0,-545000000.0,-483000000.0,1505000000.0,-274000000.0,-217000000.0,1231000000,-148000000.0,1083000000,-563000000.0,520000000,,520000000,520000000,17229000000.0,5044000000.0,3516000000.0,28723000000.0,4678000000.0,,71544000000.0,76222000000.0,104945000000,5826000000.0,2158000000.0,7984000000.0,33690000000.0,44692000000.0,52676000000,0.0,,53740000000.0,52269000000.0,104945000000,520000000.0,696000000.0,-30000000.0,93000000.0,,,,,1279000000.0,-222000000.0,-33000000.0,-818000000.0,-1088000000.0,-537000000.0,292000000.0,,-781000000.0,-601000000,2015-10-30,73.80999755859375,74.3499984741211,73.55000305175781,73.91999816894531,65.59777069091797,5315800.0
2016-01-31,6934000000.0,-2141000000.0,4793000000.0,-3347000000.0,-2317000000.0,-546000000.0,-484000000.0,1446000000.0,-185000000.0,-176000000.0,1261000000,-82000000.0,1179000000,-84000000.0,1095000000,,1095000000,1095000000,17286000000.0,4863000000.0,3536000000.0,27569000000.0,4636000000.0,,70501000000.0,75137000000.0,102706000000,5988000000.0,2153000000.0,8141000000.0,33681000000.0,43749000000.0,51890000000,0.0,,53781000000.0,50816000000.0,102706000000,1095000000.0,715000000.0,47000000.0,-60000000.0,,,,,1797000000.0,-247000000.0,126000000.0,-135000000.0,-254000000.0,-533000000.0,-15000000.0,,-1152000000.0,343000000,2016-01-29,74.36000061035156,76.16000366210938,74.30000305175781,75.91999816894531,67.70814514160156,9184500.0
2016-04-30,7567000000.0,-2363000000.0,5204000000.0,-3418000000.0,-2360000000.0,-575000000.0,-483000000.0,1786000000.0,-351000000.0,-371000000.0,1435000000,-301000000.0,1134000000,-31000000.0,1103000000,,1103000000,1103000000,12634000000.0,5562000000.0,3473000000.0,23600000000.0,4841000000.0,,71203000000.0,76044000000.0,99644000000,6172000000.0,993000000.0,7165000000.0,30109000000.0,40416000000.0,47581000000,32227000000.0,,21704000000.0,52063000000.0,99644000000,1103000000.0,708000000.0,99000000.0,-584000000.0,,,,,1326000000.0,-353000000.0,5010000000.0,-81000000.0,4573000000.0,-531000000.0,-4827000000.0,,-5866000000.0,155000000,2016-04-29,79.41000366210938,79.68000030517578,78.7699966430664,79.1500015258789,70.9472427368164,7610100.0
2016-07-31,7166000000.0,-2261000000.0,4905000000.0,-3471000000.0,-2428000000.0,-556000000.0,-487000000.0,1434000000.0,-218000000.0,-179000000.0,1216000000,-228000000.0,988000000,-59000000.0,929000000,,929000000,929000000,12810000000.0,5357000000.0,3580000000.0,23498000000.0,4814000000.0,,70289000000.0,75103000000.0,98601000000,5949000000.0,1947000000.0,7896000000.0,30124000000.0,39813000000.0,47709000000,0.0,,52848000000.0,50892000000.0,98601000000,929000000.0,737000000.0,37000000.0,-153000000.0,,,,,1550000000.0,-330000000.0,60000000.0,-12000000.0,-284000000.0,-599000000.0,942000000.0,,-1160000000.0,184000000,2016-07-29,87.11000061035156,88.18000030517578,87.08000183105469,87.62999725341797,78.93831634521484,3416600.0
2016-10-31,7345000000.0,-2326000000.0,5019000000.0,-3470000000.0,-2416000000.0,-554000000.0,-500000000.0,1549000000.0,-262000000.0,-173000000.0,1287000000,-75000000.0,1212000000,-101000000.0,1111000000,,1115000000,1115000000,11257000000.0,5661000000.0,3717000000.0,22526000000.0,4891000000.0,,70989000000.0,75880000000.0,98406000000,6234000000.0,3367000000.0,9601000000.0,29010000000.0,38512000000.0,48113000000,0.0,,52514000000.0,50293000000.0,98406000000,1111000000.0,732000000.0,-17000000.0,-354000000.0,,,,,1472000000.0,-268000000.0,1455000000.0,-1294000000.0,-73000000.0,-593000000.0,95000000.0,,-1491000000.0,-106000000,2016-10-31,80.94999694824219,82.12000274658203,80.87999725341797,82.0199966430664,74.25363159179688,6285400.0
2017-01-31,7283000000.0,-2268000000.0,5015000000.0,-3415000000.0,-2388000000.0,-530000000.0,-497000000.0,1600000000.0,-226000000.0,-180000000.0,1374000000,-407000000.0,967000000,-147000000.0,820000000,,821000000,821000000,11458000000.0,5453000000.0,3720000000.0,22423000000.0,4947000000.0,,70208000000.0,75155000000.0,97578000000,6446000000.0,6226000000.0,12672000000.0,25923000000.0,35413000000.0,48085000000,0.0,,52266000000.0,49493000000.0,97578000000,820000000.0,730000000.0,-256000000.0,791000000.0,,,,,2085000000.0,-326000000.0,-583000000.0,-22000000.0,-942000000.0,-590000000.0,-147000000.0,,-1319000000.0,-186000000,2017-01-31,74.58999633789062,76.2300033569336,74.2699966430664,76.0199966430664,69.23273468017578,7828200.0
2017-04-30,7916000000.0,-2436000000.0,5480000000.0,-3528000000.0,-2479000000.0,-553000000.0,-496000000.0,1952000000.0,-244000000.0,-196000000.0,1708000000,-273000000.0,1435000000,-271000000.0,1164000000,,1163000000,1163000000,13708000000.0,5591000000.0,3338000000.0,24873000000.0,4361000000.0,,70623000000.0,74984000000.0,99857000000,6710000000.0,7520000000.0,14264000000.0,25921000000.0,35263000000.0,49527000000,29551000000.0,,23270000000.0,50330000000.0,99857000000,1164000000.0,718000000.0,36000000.0,-145000000.0,,,,,1773000000.0,-330000000.0,53000000.0,4000000.0,-272000000.0,-594000000.0,1303000000.0,,687000000.0,2199000000,2017-04-28,83.04000091552734,83.11000061035156,82.66000366210938,83.08999633789062,76.07474517822266,3915400.0
2017-07-31,7390000000.0,-2352000000.0,5038000000.0,-3648000000.0,-2580000000.0,-549000000.0,-454000000.0,1390000000.0,-187000000.0,-286000000.0,1203000000,-8000000.0,1195000000,-186000000.0,1009000000,,1016000000,1016000000,13088000000.0,5784000000.0,3538000000.0,24779000000.0,4387000000.0,,71084000000.0,75471000000.0,100250000000,7031000000.0,8058000000.0,15148000000.0,25953000000.0,34315000000.0,49463000000,28553000000.0,,24043000000.0,50787000000.0,100250000000,1009000000.0,636000000.0,155000000.0,-1063000000.0,,,,,737000000.0,-278000000.0,356000000.0,0.0,83000000.0,-625000000.0,579000000.0,,-1141000000.0,-276000000,2017-07-31,84.5,84.68000030517578,83.91999816894531,83.97000122070312,77.28074645996094,5452200.0
2017-10-31,7050000000.0,-2123000000.0,4927000000.0,-3722000000.0,-2539000000.0,-556000000.0,-460000000.0,1205000000.0,-166000000.0,-273000000.0,1039000000,689000000.0,1728000000,285000000.0,2013000000,,2017000000,2017000000,13526000000.0,5752000000.0,3638000000.0,25162000000.0,4441000000.0,,64855000000.0,69296000000.0,94458000000,7365000000.0,3131000000.0,10496000000.0,25941000000.0,32384000000.0,42880000000,28091000000.0,,25438000000.0,51578000000.0,94458000000,2013000000.0,678000000.0,-1505000000.0,-279000000.0,,,,,907000000.0,-246000000.0,313000000.0,5982000000.0,6042000000.0,-622000000.0,-4910000000.0,,-6136000000.0,838000000,2017-10-31,80.47000122070312,80.80999755859375,80.13999938964844,80.5199966430664,74.54611206054688,4612000.0
2018-01-31,7369000000.0,-2194000000.0,5175000000.0,-3671000000.0,-2523000000.0,-559000000.0,-461000000.0,1504000000.0,-409000000.0,-270000000.0,1095000000,-68000000.0,1027000000,-2419000000.0,-1392000000,,-1389000000,-1389000000,14436000000.0,5775000000.0,3751000000.0,26607000000.0,4517000000.0,,64676000000.0,69193000000.0,95800000000,8031000000.0,2902000000.0,10933000000.0,25918000000.0,34527000000.0,45460000000,28190000000.0,,23426000000.0,50340000000.0,95800000000,-1392000000.0,666000000.0,156000000.0,2572000000.0,,,,,2002000000.0,-252000000.0,-88000000.0,-35000000.0,-378000000.0,-623000000.0,-206000000.0,,-849000000.0,829000000,2018-01-31,86.33000183105469,86.5,85.62000274658203,85.88999938964844,79.96761322021484,5258300.0
2018-04-30,8144000000.0,-2386000000.0,5758000000.0,-3009000000.0,-2332000000.0,-589000000.0,-448000000.0,2749000000.0,-492000000.0,80000000.0,2257000000,-532000000.0,1725000000,-260000000.0,1465000000,,1460000000,1460000000,11227000000.0,5987000000.0,3579000000.0,22980000000.0,4604000000.0,,63809000000.0,68413000000.0,91393000000,8026000000.0,2058000000.0,10084000000.0,23699000000.0,30487000000.0,40571000000,28127000000.0,,24379000000.0,50822000000.0,91393000000,1465000000.0,664000000.0,312000000.0,-1403000000.0,,,,,1038000000.0,-292000000.0,446000000.0,-26000000.0,111000000.0,-624000000.0,-3105000000.0,,-3828000000.0,-2689000000,2018-04-30,81.4000015258789,81.45999908447266,80.02999877929688,80.12999725341797,75.03602600097656,6071800.0
2018-07-31,7384000000.0,-2204000000.0,5180000000.0,-3779000000.0,-2597000000.0,-585000000.0,-446000000.0,1401000000.0,-56000000.0,-242000000.0,1345000000,-165000000.0,1180000000,-103000000.0,1077000000,,1075000000,1075000000,11004000000.0,5674000000.0,3681000000.0,22460000000.0,4524000000.0,,62737000000.0,67261000000.0,89721000000,7567000000.0,1545000000.0,9112000000.0,23678000000.0,30280000000.0,39392000000,27817000000.0,,24730000000.0,50329000000.0,89721000000,1077000000.0,666000000.0,85000000.0,-126000000.0,,,,,1702000000.0,-291000000.0,1038000000.0,-104000000.0,643000000.0,-677000000.0,-517000000.0,,-1573000000.0,711000000,2018-07-31,89.36000061035156,90.3499984741211,88.87000274658203,90.2300033569336,84.98819732666016,6244300.0
2018-10-31,7481000000.0,-2203000000.0,5278000000.0,-3710000000.0,-2605000000.0,-590000000.0,-445000000.0,1568000000.0,-189000000.0,-241000000.0,1379000000,-24000000.0,1355000000,-235000000.0,1120000000,,1115000000,1115000000,10133000000.0,5743000000.0,3763000000.0,21653000000.0,4536000000.0,,61961000000.0,66497000000.0,88150000000,7120000000.0,1343000000.0,8463000000.0,23673000000.0,29973000000.0,38436000000,27048000000.0,,25171000000.0,49714000000.0,88150000000,1120000000.0,651000000.0,90000000.0,-698000000.0,,,,,1163000000.0,-206000000.0,342000000.0,-15000000.0,121000000.0,-674000000.0,-199000000.0,,-1730000000.0,-469000000,2018-10-31,91.0,91.36000061035156,89.75,89.81999969482422,84.60200500488281,8496800.0
2019-01-31,7546000000.0,-2265000000.0,5281000000.0,-3650000000.0,-2596000000.0,-561000000.0,-436000000.0,1631000000.0,-172000000.0,-243000000.0,1459000000,-89000000.0,1370000000,-99000000.0,1271000000,,1269000000,1269000000,9142000000.0,5854000000.0,3866000000.0,20877000000.0,4593000000.0,,63260000000.0,67853000000.0,88730000000,7497000000.0,1356000000.0,8853000000.0,23674000000.0,29936000000.0,38789000000,26518000000.0,,25769000000.0,49941000000.0,88730000000,1271000000.0,675000000.0,14000000.0,95000000.0,,,,,2055000000.0,-302000000.0,792000000.0,-1496000000.0,-1009000000.0,-671000000.0,-6000000.0,,-1268000000.0,-208000000,2019-01-31,87.73999786376953,89.31999969482422,87.51000213623047,88.38999938964844,83.72725677490234,9536200.0
2019-04-30,8146000000.0,-2483000000.0,5663000000.0,-3631000000.0,-2620000000.0,-594000000.0,-437000000.0,2032000000.0,-654000000.0,-718000000.0,1378000000,-86000000.0,1292000000,-110000000.0,1182000000,,1172000000,1172000000,9848000000.0,6222000000.0,3753000000.0,21967000000.0,4675000000.0,,63052000000.0,67727000000.0,89694000000,7634000000.0,838000000.0,8472000000.0,24486000000.0,31010000000.0,39482000000,26532000000.0,,26270000000.0,50212000000.0,89694000000,1182000000.0,667000000.0,589000000.0,-351000000.0,,,,,2087000000.0,-335000000.0,-21000000.0,-212000000.0,-529000000.0,-671000000.0,-145000000.0,-2877000000.0,-860000000.0,690000000,2019-04-30,87.61000061035156,89.0999984741211,87.4000015258789,88.80999755859375,84.58621978759766,7380700.0
2019-07-31,7493000000.0,-2366000000.0,5127000000.0,-3548000000.0,-2543000000.0,-587000000.0,-440000000.0,1579000000.0,-508000000.0,-609000000.0,1071000000,-94000000.0,977000000,-100000000.0,877000000,,864000000,864000000,10683000000.0,5894000000.0,3932000000.0,22705000000.0,4711000000.0,,63852000000.0,68563000000.0,91268000000,7060000000.0,1458000000.0,8518000000.0,24804000000.0,32253000000.0,40771000000,26470000000.0,,26377000000.0,50497000000.0,91268000000,877000000.0,657000000.0,568000000.0,-592000000.0,,,,,1510000000.0,-301000000.0,-100000000.0,-145000000.0,-551000000.0,-724000000.0,620000000.0,,-274000000.0,687000000,2019-07-31,103.52999877929688,103.9499969482422,101.23999786376952,101.94000244140624,97.6252899169922,6937100.0
2019-10-31,7706000000.0,-2394000000.0,5312000000.0,-3813000000.0,-2620000000.0,-603000000.0,-441000000.0,1499000000.0,-57000000.0,-165000000.0,1442000000,-148000000.0,1294000000,77000000.0,1371000000,,1364000000,1364000000,10398000000.0,6118000000.0,4042000000.0,22653000000.0,4756000000.0,,63644000000.0,68400000000.0,91053000000,7295000000.0,875000000.0,8170000000.0,24752000000.0,32164000000.0,40334000000,26171000000.0,,27018000000.0,50719000000.0,91053000000,1371000000.0,671000000.0,-75000000.0,-100000000.0,,,,,1867000000.0,-283000000.0,-866000000.0,-56000000.0,-1216000000.0,-723000000.0,-604000000.0,,-1741000000.0,-1118000000,2019-10-31,108.38999938964844,109.25,107.72000122070312,108.9000015258789,104.81663513183594,3999200.0
2020-01-31,7717000000.0,-2400000000.0,5317000000.0,-3557000000.0,-2587000000.0,-573000000.0,-436000000.0,1760000000.0,-60000000.0,-156000000.0,1700000000,-121000000.0,1579000000,340000000.0,1919000000,,1915000000,1915000000,11628000000.0,6248000000.0,4122000000.0,24043000000.0,4764000000.0,,64015000000.0,68779000000.0,92822000000,7891000000.0,844000000.0,8735000000.0,24732000000.0,32134000000.0,40869000000,26144000000.0,,28210000000.0,51953000000.0,92822000000,1919000000.0,663000000.0,-438000000.0,263000000.0,,,,,2407000000.0,-293000000.0,-1492000000.0,2000000.0,-1801000000.0,-723000000.0,-37000000.0,,-873000000.0,-253000000,2020-01-31,117.76000213623048,118.1500015258789,115.0,115.44000244140624,111.64130401611328,6067800.0
2020-04-30,5997000000.0,-2264000000.0,3733000000.0,-3349000000.0,-2359000000.0,-568000000.0,-439000000.0,384000000.0,-111000000.0,-162000000.0,273000000,-68000000.0,205000000,434000000.0,639000000,,646000000,646000000,10948000000.0,4645000000.0,4229000000.0,22031000000.0,4828000000.0,,63830000000.0,68658000000.0,90689000000,7590000000.0,2776000000.0,10366000000.0,22021000000.0,29451000000.0,39817000000,26165000000.0,,28132000000.0,50872000000.0,90689000000,639000000.0,672000000.0,-351000000.0,490000000.0,,,,,1450000000.0,-336000000.0,993000000.0,-289000000.0,365000000.0,-724000000.0,-538000000.0,-1326000000.0,-1310000000.0,431000000,2020-04-30,98.12999725341795,99.44000244140624,96.8499984741211,97.62999725341795,95.00828552246094,5497000.0
2020-07-31,6507000000.0,-2505000000.0,4002000000.0,-3364000000.0,-2417000000.0,-621000000.0,-440000000.0,638000000.0,-89000000.0,-171000000.0,549000000,35000000.0,584000000,-93000000.0,491000000,,487000000,487000000,13012000000.0,4876000000.0,4551000000.0,24509000000.0,4882000000.0,,64515000000.0,69397000000.0,93906000000,7263000000.0,5823000000.0,13086000000.0,22867000000.0,30377000000.0,43463000000,26261000000.0,,27817000000.0,50443000000.0,93906000000,491000000.0,669000000.0,178000000.0,-1060000000.0,,,,,278000000.0,-334000000.0,358000000.0,0.0,8000000.0,-778000000.0,2762000000.0,,1959000000.0,2359000000,2020-07-31,96.41999816894531,96.5500030517578,94.63999938964844,96.4800033569336,94.50554656982422,5155300.0
