Report Date,Revenue,Cost of Revenue,Gross Profit,Operating Expenses,"Selling, General & Administrative",Research & Development,Depreciation & Amortization,Operating Income (Loss),Non-Operating Income (Loss),"Interest Expense, Net","Pretax Income (Loss), Adj.",Abnormal Gains (Losses),Pretax Income (Loss),"Income Tax (Expense) Benefit, Net",Income (Loss) from Continuing Operations,Net Extraordinary Gains (Losses),Net Income,Net Income (Common),"Cash, Cash Equivalents & Short Term Investments",Accounts & Notes Receivable,Inventories,Total Current Assets,"Property, Plant & Equipment, Net",Long Term Investments & Receivables,Other Long Term Assets,Total Noncurrent Assets,Total Assets,Payables & Accruals,Short Term Debt,Total Current Liabilities,Long Term Debt,Total Noncurrent Liabilities,Total Liabilities,Share Capital & Additional Paid-In Capital,Treasury Stock,Retained Earnings,Total Equity,Total Liabilities & Equity,Net Income/Starting Line,Depreciation & Amortization,Non-Cash Items,Change in Working Capital,Change in Accounts Receivable,Change in Inventories,Change in Accounts Payable,Change in Other,Net Cash from Operating Activities,Change in Fixed Assets & Intangibles,Net Change in Long Term Investment,Net Cash from Acquisitions & Divestitures,Net Cash from Investing Activities,Dividends Paid,Cash from (Repayment of) Debt,Cash from (Repurchase of) Equity,Net Cash from Financing Activities,Net Change in Cash,Price Date,Open,High,Low,Close,Adj Close,Volume
2009-06-30,5719000000.0,-2977000000.0,2742000000.0,-1551000000.0,-1242000000.0,-309000000.0,,1191000000.0,-48000000.0,-48000000.0,1143000000,,1143000000,-351000000.0,792000000,,783000000,783000000,2974000000.0,3456000000.0,2601000000.0,9898000000.0,6899000000.0,413000000.0,8885000000.0,16197000000.0,26095000000,2359000000.0,908000000.0,5318000000.0,5172000000.0,9556000000.0,14874000000,3142000000.0,-11341000000.0,22707000000.0,11221000000.0,26095000000,792000000.0,298000000.0,0.0,376000000.0,-230000000.0,159000000.0,89000000.0,358000000.0,1466000000.0,-168000000.0,-180000000.0,-3000000.0,-357000000.0,-355000000.0,-42000000.0,185000000.0,-220000000.0,964000000,2009-06-30,59.93999862670898,60.31000137329102,59.59000015258789,60.099998474121094,43.11240005493164,6597200.0
2009-09-30,6193000000.0,-3171000000.0,3022000000.0,-1544000000.0,-1209000000.0,-335000000.0,,1478000000.0,-47000000.0,-47000000.0,1431000000,,1431000000,-460000000.0,971000000,,957000000,957000000,3936000000.0,3638000000.0,2635000000.0,11196000000.0,6923000000.0,625000000.0,8889000000.0,16437000000.0,27633000000,2629000000.0,921000000.0,5766000000.0,5204000000.0,8948000000.0,14714000000,3098000000.0,-10622000000.0,23252000000.0,12919000000.0,27633000000,971000000.0,290000000.0,210000000.0,265000000.0,-89000000.0,22000000.0,136000000.0,196000000.0,1736000000.0,-170000000.0,-483000000.0,-48000000.0,-701000000.0,-361000000.0,6000000.0,62000000.0,-290000000.0,643000000,2009-09-30,74.05999755859375,74.98999786376953,72.7699966430664,73.80000305175781,53.32659912109375,4561800.0
2009-12-31,6122000000.0,-3189000000.0,2933000000.0,-1591000000.0,-1265000000.0,-326000000.0,,1342000000.0,-43000000.0,-43000000.0,1299000000,,1299000000,-348000000.0,951000000,,935000000,935000000,3784000000.0,3250000000.0,2639000000.0,10795000000.0,7000000000.0,928000000.0,8527000000.0,16455000000.0,27250000000,2385000000.0,613000000.0,4897000000.0,5097000000.0,9051000000.0,13948000000,3162000000.0,-10397000000.0,23753000000.0,13302000000.0,27250000000,951000000.0,298000000.0,134000000.0,-339000000.0,366000000.0,-16000000.0,49000000.0,-738000000.0,1044000000.0,-262000000.0,-396000000.0,-9000000.0,-656000000.0,-361000000.0,-380000000.0,133000000.0,-597000000.0,-199000000,2009-12-31,83.79000091552734,84.08000183105469,82.54000091552734,82.66999816894531,60.12515258789063,2049800.0
2010-03-31,6348000000.0,-3238000000.0,3110000000.0,-1665000000.0,-1323000000.0,-342000000.0,,1445000000.0,-42000000.0,-42000000.0,1403000000,,1403000000,-448000000.0,955000000,,930000000,930000000,4607000000.0,3569000000.0,2798000000.0,12106000000.0,6859000000.0,698000000.0,8359000000.0,15916000000.0,28022000000,2630000000.0,698000000.0,5148000000.0,5080000000.0,9023000000.0,14171000000,3269000000.0,-10187000000.0,24231000000.0,13851000000.0,28022000000,955000000.0,287000000.0,107000000.0,-267000000.0,-356000000.0,-190000000.0,145000000.0,134000000.0,1082000000.0,-154000000.0,-753000000.0,-17000000.0,-987000000.0,-374000000.0,-38000000.0,131000000.0,-275000000.0,-192000000,2010-03-31,84.05000305175781,84.45999908447266,83.3499984741211,83.56999969482422,61.1788444519043,4336700.0
2010-06-30,6731000000.0,-3435000000.0,3296000000.0,-1700000000.0,-1350000000.0,-350000000.0,,1596000000.0,-42000000.0,-42000000.0,1554000000,,1554000000,-414000000.0,1140000000,,1121000000,1121000000,4931000000.0,3745000000.0,2980000000.0,12891000000.0,6715000000.0,717000000.0,8173000000.0,15605000000.0,28496000000,2758000000.0,728000000.0,5437000000.0,4949000000.0,8796000000.0,14233000000,3345000000.0,-10146000000.0,24788000000.0,14263000000.0,28496000000,1140000000.0,272000000.0,78000000.0,-352000000.0,-230000000.0,-238000000.0,98000000.0,18000000.0,1138000000.0,-179000000.0,-259000000.0,-13000000.0,-388000000.0,-375000000.0,-30000000.0,-138000000.0,-486000000.0,174000000,2010-06-30,78.20999908447266,80.22000122070312,78.20999908447266,78.98999786376953,58.18957901000977,6942900.0
2010-09-30,6874000000.0,-3583000000.0,3291000000.0,-1715000000.0,-1361000000.0,-354000000.0,,1576000000.0,-40000000.0,-40000000.0,1536000000,,1536000000,-411000000.0,1125000000,,1106000000,1106000000,5853000000.0,3869000000.0,3215000000.0,14048000000.0,6915000000.0,579000000.0,8523000000.0,16017000000.0,30065000000,2703000000.0,653000000.0,5395000000.0,5105000000.0,8837000000.0,14232000000,3390000000.0,-10013000000.0,25493000000.0,15833000000.0,30065000000,1125000000.0,278000000.0,-124000000.0,44000000.0,57000000.0,-93000000.0,-70000000.0,150000000.0,1323000000.0,-225000000.0,744000000.0,-18000000.0,498000000.0,-375000000.0,-89000000.0,97000000.0,-464000000.0,1444000000,2010-09-30,87.77999877929688,88.0,86.20999908447266,86.70999908447266,64.27800750732422,3634700.0
2010-12-31,6709000000.0,-3575000000.0,3134000000.0,-1833000000.0,-1445000000.0,-388000000.0,,1301000000.0,-39000000.0,-39000000.0,1262000000,,1262000000,-319000000.0,943000000,,928000000,928000000,4478000000.0,3615000000.0,3155000000.0,12215000000.0,7279000000.0,686000000.0,9976000000.0,17941000000.0,30156000000,2798000000.0,1269000000.0,6089000000.0,4183000000.0,8050000000.0,14139000000,3477000000.0,-10266000000.0,25995000000.0,16017000000.0,30156000000,943000000.0,283000000.0,-257000000.0,662000000.0,340000000.0,117000000.0,-27000000.0,232000000.0,1631000000.0,-508000000.0,541000000.0,-1782000000.0,-1749000000.0,-376000000.0,-315000000.0,-278000000.0,-959000000.0,-1089000000,2010-12-31,86.52999877929688,86.9800033569336,86.01000213623047,86.30000305175781,64.37527465820311,1791500.0
2011-03-31,7311000000.0,-3802000000.0,3509000000.0,-1931000000.0,-1533000000.0,-398000000.0,,1578000000.0,-33000000.0,-33000000.0,1545000000,,1545000000,-442000000.0,1103000000,,1081000000,1081000000,4032000000.0,4209000000.0,3489000000.0,12645000000.0,7503000000.0,520000000.0,10461000000.0,18484000000.0,31129000000,2687000000.0,1133000000.0,5900000000.0,4486000000.0,8342000000.0,14242000000,3608000000.0,-10398000000.0,26521000000.0,16887000000.0,31129000000,1103000000.0,289000000.0,139000000.0,-798000000.0,-469000000.0,-180000000.0,80000000.0,-229000000.0,733000000.0,-229000000.0,-18000000.0,-471000000.0,-724000000.0,-392000000.0,15000000.0,-302000000.0,-697000000.0,-630000000,2011-03-31,92.41000366210938,93.66999816894531,92.36000061035156,93.5,70.16555023193361,3202900.0
2011-06-30,7680000000.0,-4040000000.0,3640000000.0,-1985000000.0,-1581000000.0,-404000000.0,,1655000000.0,-41000000.0,-41000000.0,1614000000,,1614000000,-437000000.0,1177000000,,1160000000,1160000000,4524000000.0,4385000000.0,3717000000.0,13537000000.0,7624000000.0,573000000.0,10548000000.0,18745000000.0,32282000000,2802000000.0,1116000000.0,6203000000.0,4484000000.0,8337000000.0,14540000000,3692000000.0,-10511000000.0,27110000000.0,17742000000.0,32282000000,1177000000.0,319000000.0,93000000.0,-138000000.0,-117000000.0,-196000000.0,20000000.0,155000000.0,1451000000.0,-292000000.0,223000000.0,-16000000.0,-85000000.0,-391000000.0,-62000000.0,-303000000.0,-740000000.0,629000000,2011-06-30,93.37999725341795,95.05999755859376,93.3499984741211,94.8499984741211,71.59819030761719,4201800.0
2011-09-30,7531000000.0,-4027000000.0,3504000000.0,-1923000000.0,-1534000000.0,-389000000.0,,1581000000.0,-38000000.0,-38000000.0,1543000000,,1543000000,-440000000.0,1103000000,,1088000000,1088000000,4862000000.0,4259000000.0,3604000000.0,13669000000.0,7509000000.0,605000000.0,10332000000.0,18446000000.0,32115000000,2764000000.0,1204000000.0,6165000000.0,4955000000.0,8538000000.0,14703000000,3734000000.0,-11211000000.0,27784000000.0,17412000000.0,32115000000,1103000000.0,311000000.0,-129000000.0,77000000.0,29000000.0,12000000.0,-130000000.0,166000000.0,1362000000.0,-329000000.0,-402000000.0,-44000000.0,-775000000.0,-388000000.0,668000000.0,-737000000.0,-461000000.0,0,2011-09-30,73.91000366210938,73.94000244140625,71.70999908447266,71.79000091552734,54.5565299987793,7184500.0
2011-12-31,7089000000.0,-3824000000.0,3265000000.0,-1901000000.0,-1522000000.0,-379000000.0,,1364000000.0,-35000000.0,-35000000.0,1329000000,,1329000000,-355000000.0,974000000,,954000000,954000000,3680000000.0,3867000000.0,3416000000.0,12240000000.0,7666000000.0,1051000000.0,10659000000.0,19376000000.0,31616000000,2674000000.0,682000000.0,5441000000.0,4484000000.0,10313000000.0,15754000000,3776000000.0,-11679000000.0,28348000000.0,15862000000.0,31616000000,974000000.0,317000000.0,256000000.0,191000000.0,352000000.0,168000000.0,-53000000.0,-276000000.0,1738000000.0,-474000000.0,-548000000.0,-118000000.0,-1134000000.0,-384000000.0,-928000000.0,-457000000.0,-1777000000.0,-1157000000,2011-12-30,82.2300033569336,82.44999694824219,81.5999984741211,81.7300033569336,62.54924774169922,1706500.0
2012-03-31,7486000000.0,-3889000000.0,3597000000.0,-1963000000.0,-1552000000.0,-411000000.0,,1634000000.0,-31000000.0,-31000000.0,1603000000,,1603000000,-462000000.0,1141000000,,1125000000,1125000000,3731000000.0,4323000000.0,3561000000.0,12853000000.0,7755000000.0,923000000.0,10484000000.0,19162000000.0,32015000000,2675000000.0,664000000.0,5408000000.0,4510000000.0,9988000000.0,15396000000,3903000000.0,-11794000000.0,28858000000.0,16619000000.0,32015000000,1141000000.0,313000000.0,-112000000.0,-514000000.0,-431000000.0,-96000000.0,118000000.0,-105000000.0,828000000.0,-257000000.0,213000000.0,,-43000000.0,-410000000.0,-27000000.0,-311000000.0,-722000000.0,113000000,2012-03-30,89.22000122070312,89.29000091552734,88.76000213623047,89.20999908447266,68.73469543457031,2471800.0
2012-06-30,7534000000.0,-3870000000.0,3664000000.0,-1936000000.0,-1528000000.0,-408000000.0,,1728000000.0,-33000000.0,-33000000.0,1695000000,,1695000000,-509000000.0,1186000000,,1167000000,1167000000,4903000000.0,4364000000.0,3656000000.0,14088000000.0,7706000000.0,1183000000.0,10362000000.0,19251000000.0,33339000000,2825000000.0,650000000.0,5707000000.0,5657000000.0,10759000000.0,16466000000,3963000000.0,-12010000000.0,29465000000.0,16873000000.0,33339000000,1186000000.0,321000000.0,-98000000.0,-20000000.0,-122000000.0,-172000000.0,32000000.0,242000000.0,1389000000.0,-354000000.0,-316000000.0,-144000000.0,-811000000.0,-410000000.0,1219000000.0,-373000000.0,451000000.0,976000000,2012-06-29,88.62000274658203,89.5999984741211,88.3499984741211,89.5999984741211,69.51331329345703,4629400.0
2012-09-30,7497000000.0,-3935000000.0,3562000000.0,-1884000000.0,-1487000000.0,-397000000.0,,1678000000.0,-34000000.0,-34000000.0,1644000000,,1644000000,-464000000.0,1180000000,,1161000000,1161000000,5018000000.0,4409000000.0,3842000000.0,14494000000.0,7939000000.0,1542000000.0,10504000000.0,19985000000.0,34479000000,2790000000.0,1506000000.0,6595000000.0,4852000000.0,9743000000.0,16338000000,4007000000.0,-11965000000.0,30150000000.0,18141000000.0,34479000000,1180000000.0,322000000.0,-12000000.0,-145000000.0,60000000.0,-100000000.0,-9000000.0,-96000000.0,1345000000.0,-351000000.0,-835000000.0,-104000000.0,-1280000000.0,-408000000.0,5000000.0,-34000000.0,-443000000.0,-279000000,2012-09-28,92.47000122070312,92.86000061035156,91.6999969482422,92.41999816894531,72.15788269042969,2559500.0
2012-12-31,7387000000.0,-3991000000.0,3396000000.0,-1953000000.0,-1535000000.0,-418000000.0,,1443000000.0,-34000000.0,-34000000.0,1409000000,,1409000000,-405000000.0,1004000000,,991000000,991000000,4531000000.0,4061000000.0,3837000000.0,13630000000.0,8378000000.0,1325000000.0,10543000000.0,20246000000.0,33876000000,2834000000.0,1085000000.0,6200000000.0,4916000000.0,9636000000.0,15836000000,4053000000.0,-12407000000.0,30679000000.0,18040000000.0,33876000000,1004000000.0,332000000.0,-80000000.0,482000000.0,360000000.0,117000000.0,-69000000.0,74000000.0,1738000000.0,-481000000.0,727000000.0,-798000000.0,-552000000.0,-407000000.0,-475000000.0,-474000000.0,-1344000000.0,-146000000,2012-12-31,91.5500030517578,92.91999816894531,91.4000015258789,92.8499984741211,72.97428894042969,2580600.0
2013-03-31,7634000000.0,-3969000000.0,3665000000.0,-2019000000.0,-1589000000.0,-430000000.0,,1646000000.0,-29000000.0,-29000000.0,1617000000,,1617000000,-470000000.0,1147000000,,1129000000,1129000000,4376000000.0,4418000000.0,3819000000.0,13855000000.0,8318000000.0,1613000000.0,10243000000.0,20174000000.0,34029000000,2678000000.0,1072000000.0,5937000000.0,4864000000.0,9564000000.0,15501000000,4188000000.0,-12178000000.0,31073000000.0,18528000000.0,34029000000,1147000000.0,336000000.0,192000000.0,-681000000.0,-447000000.0,-28000000.0,97000000.0,-303000000.0,994000000.0,-314000000.0,-96000000.0,,-405000000.0,-440000000.0,-9000000.0,-67000000.0,-486000000.0,45000000,2013-03-28,105.66999816894531,106.33999633789062,105.27999877929688,106.30999755859376,84.0689926147461,2276700.0
2013-06-30,7752000000.0,-4013000000.0,3739000000.0,-2037000000.0,-1610000000.0,-427000000.0,,1702000000.0,-31000000.0,-31000000.0,1671000000,,1671000000,-458000000.0,1213000000,,1197000000,1197000000,4252000000.0,4542000000.0,3919000000.0,13983000000.0,8329000000.0,1696000000.0,10122000000.0,20147000000.0,34130000000,2969000000.0,1062000000.0,6335000000.0,4884000000.0,9476000000.0,15811000000,4252000000.0,-12926000000.0,31716000000.0,18319000000.0,34130000000,1213000000.0,335000000.0,67000000.0,64000000.0,-181000000.0,-139000000.0,102000000.0,282000000.0,1679000000.0,-386000000.0,44000000.0,8000000.0,-335000000.0,-436000000.0,-4000000.0,-825000000.0,-1241000000.0,14000000,2013-06-28,109.86000061035156,110.47000122070312,109.13999938964844,109.3499984741211,86.96598815917969,3428500.0
2013-09-30,7916000000.0,-4148000000.0,3768000000.0,-2029000000.0,-1609000000.0,-420000000.0,,1739000000.0,-23000000.0,-23000000.0,1716000000,,1716000000,-471000000.0,1245000000,,1230000000,1230000000,3311000000.0,4594000000.0,3948000000.0,13282000000.0,8448000000.0,1697000000.0,10177000000.0,20322000000.0,33604000000,2779000000.0,2244000000.0,7439000000.0,3533000000.0,7913000000.0,15352000000,4318000000.0,-14124000000.0,32412000000.0,18252000000.0,33604000000,1245000000.0,343000000.0,-118000000.0,-319000000.0,-15000000.0,12000000.0,-225000000.0,-91000000.0,1151000000.0,-336000000.0,365000000.0,0.0,38000000.0,-431000000.0,-221000000.0,-1274000000.0,-1916000000.0,-602000000,2013-09-30,119.38999938964844,119.95999908447266,118.66999816894531,119.41000366210938,95.4920654296875,2104700.0
2013-12-31,7569000000.0,-3976000000.0,3593000000.0,-2014000000.0,-1576000000.0,-438000000.0,,1579000000.0,-21000000.0,-21000000.0,1558000000,,1558000000,-442000000.0,1116000000,,1103000000,1103000000,3337000000.0,4253000000.0,3864000000.0,12733000000.0,8652000000.0,1575000000.0,10590000000.0,20817000000.0,33550000000,2924000000.0,1683000000.0,7498000000.0,4326000000.0,8104000000.0,15602000000,4384000000.0,-15385000000.0,32416000000.0,17948000000.0,33550000000,1116000000.0,357000000.0,-89000000.0,609000000.0,306000000.0,69000000.0,42000000.0,192000000.0,1993000000.0,-501000000.0,314000000.0,0.0,-154000000.0,-423000000.0,197000000.0,-1437000000.0,-1603000000.0,241000000,2013-12-31,140.0,140.42999267578122,139.47999572753906,140.25,112.70814514160156,1846500.0
2014-03-31,7831000000.0,-4031000000.0,3800000000.0,-2084000000.0,-1632000000.0,-452000000.0,,1716000000.0,-28000000.0,-28000000.0,1688000000,,1688000000,-463000000.0,1225000000,,1207000000,1207000000,2814000000.0,4598000000.0,3972000000.0,12762000000.0,8630000000.0,1480000000.0,10675000000.0,20785000000.0,33547000000,2838000000.0,2176000000.0,7450000000.0,4401000000.0,8173000000.0,15623000000,4554000000.0,-16577000000.0,33312000000.0,17924000000.0,33547000000,1225000000.0,350000000.0,44000000.0,-527000000.0,-347000000.0,-131000000.0,84000000.0,-133000000.0,1092000000.0,-290000000.0,-2000000.0,0.0,-287000000.0,-566000000.0,574000000.0,-1441000000.0,-1399000000.0,-627000000,2014-03-31,134.61000061035156,135.8699951171875,134.58000183105472,135.66000366210938,109.73584747314452,2711800.0
2014-06-30,8134000000.0,-4184000000.0,3950000000.0,-2094000000.0,-1646000000.0,-448000000.0,,1856000000.0,-36000000.0,-36000000.0,1820000000,,1820000000,-537000000.0,1283000000,,1267000000,1267000000,3009000000.0,4759000000.0,4093000000.0,13193000000.0,8685000000.0,1317000000.0,10775000000.0,20777000000.0,33970000000,2978000000.0,1650000000.0,7040000000.0,5323000000.0,9084000000.0,16124000000,4650000000.0,-17466000000.0,33836000000.0,17846000000.0,33970000000,1283000000.0,358000000.0,116000000.0,-117000000.0,-137000000.0,-111000000.0,-27000000.0,158000000.0,1640000000.0,-306000000.0,135000000.0,-94000000.0,-292000000.0,-556000000.0,447000000.0,-1108000000.0,-1185000000.0,171000000,2014-06-30,143.9199981689453,143.92999267578125,143.05999755859375,143.24000549316406,116.57808685302734,1878400.0
2014-09-30,8137000000.0,-4205000000.0,3932000000.0,-2031000000.0,-1597000000.0,-434000000.0,,1901000000.0,-21000000.0,-21000000.0,1880000000,,1880000000,-569000000.0,1311000000,,1303000000,1303000000,2696000000.0,4711000000.0,3945000000.0,12681000000.0,8499000000.0,1213000000.0,10383000000.0,20095000000.0,32776000000,2906000000.0,2119000000.0,7705000000.0,5225000000.0,8865000000.0,16570000000,4286000000.0,-18489000000.0,34484000000.0,16206000000.0,32776000000,1311000000.0,350000000.0,60000000.0,-10000000.0,-103000000.0,10000000.0,-2000000.0,85000000.0,1711000000.0,-291000000.0,250000000.0,0.0,1000000.0,-550000000.0,427000000.0,-1085000000.0,-1889000000.0,-196000000,2014-09-30,142.5,142.89999389648438,141.27999877929688,141.67999267578125,115.99598693847656,2675100.0
2014-12-31,7719000000.0,-4027000000.0,3692000000.0,-2030000000.0,-1594000000.0,-436000000.0,,1662000000.0,-24000000.0,-24000000.0,1638000000,,1638000000,-459000000.0,1179000000,,1179000000,1179000000,3336000000.0,4238000000.0,3706000000.0,12303000000.0,8489000000.0,117000000.0,10300000000.0,18906000000.0,31209000000,2974000000.0,106000000.0,5964000000.0,6705000000.0,12103000000.0,18067000000,4388000000.0,-19307000000.0,34317000000.0,13142000000.0,31209000000,1179000000.0,350000000.0,-77000000.0,731000000.0,319000000.0,119000000.0,20000000.0,273000000.0,2183000000.0,-471000000.0,371000000.0,0.0,-18000000.0,-544000000.0,-438000000.0,-1050000000.0,-2130000000.0,-32000000,2014-12-31,166.0,167.1699981689453,164.1999969482422,164.32000732421875,135.25382995605472,1623700.0
2015-03-31,7578000000.0,-3821000000.0,3757000000.0,-2027000000.0,-1564000000.0,-463000000.0,,1730000000.0,-27000000.0,-27000000.0,1703000000,,1703000000,-502000000.0,1201000000,,1199000000,1199000000,2809000000.0,4408000000.0,3704000000.0,12518000000.0,8286000000.0,115000000.0,9724000000.0,18125000000.0,30643000000,2711000000.0,132000000.0,5082000000.0,6459000000.0,11609000000.0,16691000000,4616000000.0,-19458000000.0,35080000000.0,13952000000.0,30643000000,1201000000.0,339000000.0,124000000.0,-584000000.0,-296000000.0,-131000000.0,56000000.0,-213000000.0,1080000000.0,-287000000.0,414000000.0,-131000000.0,0.0,-652000000.0,-4000000.0,-577000000.0,-1154000000.0,-106000000,2015-03-31,165.41000366210938,166.0,164.6199951171875,164.9499969482422,136.61686706542972,2081300.0
2015-06-30,7686000000.0,-3858000000.0,3828000000.0,-1988000000.0,-1550000000.0,-438000000.0,,1840000000.0,-28000000.0,-28000000.0,1812000000,,1812000000,-509000000.0,1303000000,,1300000000,1300000000,3485000000.0,4578000000.0,3847000000.0,13431000000.0,8389000000.0,119000000.0,9449000000.0,17957000000.0,31388000000,2623000000.0,86000000.0,5095000000.0,8431000000.0,13163000000.0,18258000000,4694000000.0,-20983000000.0,35615000000.0,13130000000.0,31388000000,1303000000.0,344000000.0,327000000.0,-636000000.0,-150000000.0,-138000000.0,-90000000.0,-258000000.0,1338000000.0,-360000000.0,514000000.0,-3000000.0,166000000.0,-646000000.0,1880000000.0,-1554000000.0,-320000000.0,1192000000,2015-06-30,155.0,155.3000030517578,154.07000732421875,154.3000030517578,128.60433959960938,2561000.0
2015-09-30,7712000000.0,-3877000000.0,3835000000.0,-1959000000.0,-1530000000.0,-429000000.0,,1876000000.0,-31000000.0,-31000000.0,1845000000,,1845000000,-547000000.0,1298000000,,1296000000,1296000000,1758000000.0,4610000000.0,3709000000.0,11608000000.0,8470000000.0,125000000.0,13055000000.0,21650000000.0,33258000000,2389000000.0,2279000000.0,7032000000.0,8974000000.0,14002000000.0,21034000000,4740000000.0,-22322000000.0,36235000000.0,12224000000.0,33258000000,1298000000.0,355000000.0,240000000.0,-229000000.0,-32000000.0,130000000.0,-78000000.0,-249000000.0,1664000000.0,-351000000.0,328000000.0,-2757000000.0,-2777000000.0,-635000000.0,1911000000.0,-1455000000.0,-220000000.0,-1378000000,2015-09-30,142.52000427246094,143.22999572753906,140.5,141.77000427246094,118.98329162597656,3619300.0
2015-12-31,7298000000.0,-3827000000.0,3471000000.0,-2018000000.0,-1585000000.0,-433000000.0,,1453000000.0,-37000000.0,-37000000.0,1416000000,47000000.0,1463000000,-424000000.0,1039000000,,1038000000,1038000000,1916000000.0,4154000000.0,3518000000.0,10986000000.0,8515000000.0,126000000.0,13256000000.0,21897000000.0,32883000000,2670000000.0,2044000000.0,7118000000.0,8753000000.0,14297000000.0,21415000000,4800000000.0,-23308000000.0,36296000000.0,11468000000.0,32883000000,1039000000.0,397000000.0,68000000.0,834000000.0,420000000.0,142000000.0,121000000.0,151000000.0,2338000000.0,-430000000.0,44000000.0,100000000.0,-206000000.0,-628000000.0,-305000000.0,-1017000000.0,-1954000000.0,193000000,2015-12-31,151.72999572753906,152.1199951171875,150.6300048828125,150.63999938964844,127.25830841064452,1607100.0
2016-03-31,7409000000.0,-3678000000.0,3731000000.0,-1943000000.0,-1493000000.0,-450000000.0,,1788000000.0,-42000000.0,-42000000.0,1746000000,,1746000000,-468000000.0,1278000000,,1275000000,1275000000,1513000000.0,4485000000.0,3627000000.0,10874000000.0,8614000000.0,130000000.0,13364000000.0,22108000000.0,32982000000,2639000000.0,2212000000.0,7178000000.0,8927000000.0,14030000000.0,21208000000,4925000000.0,-23716000000.0,36785000000.0,11774000000.0,32982000000,1278000000.0,356000000.0,109000000.0,-483000000.0,-245000000.0,-37000000.0,-116000000.0,-85000000.0,1260000000.0,-296000000.0,-61000000.0,52000000.0,-280000000.0,-672000000.0,138000000.0,-870000000.0,-1426000000.0,-461000000,2016-03-31,166.75,167.5,166.5,166.6300048828125,141.78346252441406,1777200.0
2016-06-30,7662000000.0,-3799000000.0,3863000000.0,-1997000000.0,-1560000000.0,-437000000.0,,1866000000.0,-31000000.0,-31000000.0,1835000000,,1835000000,-542000000.0,1293000000,,1291000000,1291000000,1865000000.0,4667000000.0,3613000000.0,11436000000.0,8604000000.0,135000000.0,13060000000.0,21799000000.0,33235000000,2399000000.0,2450000000.0,7254000000.0,9299000000.0,14044000000.0,21298000000,4972000000.0,-24088000000.0,37194000000.0,11937000000.0,33235000000,1293000000.0,366000000.0,-69000000.0,-305000000.0,-174000000.0,-5000000.0,59000000.0,-185000000.0,1285000000.0,-323000000.0,0.0,0.0,-350000000.0,-672000000.0,637000000.0,-573000000.0,-602000000.0,351000000,2016-06-30,172.05999755859375,175.13999938964844,172.05999755859375,175.1199951171875,149.99964904785156,2449400.0
2016-09-30,7709000000.0,-3847000000.0,3862000000.0,-1958000000.0,-1531000000.0,-427000000.0,,1904000000.0,-42000000.0,-42000000.0,1862000000,,1862000000,-531000000.0,1331000000,,1329000000,1329000000,2666000000.0,4743000000.0,3611000000.0,12179000000.0,8671000000.0,141000000.0,13060000000.0,21872000000.0,34051000000,2714000000.0,1282000000.0,6400000000.0,11079000000.0,15603000000.0,22003000000,5021000000.0,-24618000000.0,37745000000.0,12048000000.0,34051000000,1331000000.0,368000000.0,-79000000.0,288000000.0,-50000000.0,27000000.0,-50000000.0,361000000.0,1908000000.0,-347000000.0,-181000000.0,-13000000.0,-543000000.0,-670000000.0,567000000.0,-645000000.0,-752000000.0,620000000,2016-09-30,176.5800018310547,177.14999389648438,176.08999633789062,176.22999572753906,151.89100646972656,2419400.0
2016-12-31,7329000000.0,-3716000000.0,3613000000.0,-2059000000.0,-1638000000.0,-421000000.0,,1554000000.0,-55000000.0,-55000000.0,1499000000,111000000.0,1610000000,-454000000.0,1156000000,,1155000000,1155000000,2678000000.0,4392000000.0,3385000000.0,11726000000.0,8516000000.0,,12664000000.0,21180000000.0,32906000000,2775000000.0,972000000.0,6219000000.0,10678000000.0,16344000000.0,22563000000,5070000000.0,-25434000000.0,37907000000.0,10343000000.0,32906000000,1156000000.0,384000000.0,101000000.0,568000000.0,156000000.0,72000000.0,255000000.0,85000000.0,2209000000.0,-396000000.0,79000000.0,87000000.0,-230000000.0,-664000000.0,-299000000.0,-861000000.0,-1846000000.0,90000000,2016-12-30,179.0,179.47999572753906,178.2899932861328,178.57000732421875,154.89462280273438,1594200.0
2017-03-31,7685000000.0,-3882000000.0,3803000000.0,-2090000000.0,-1614000000.0,-476000000.0,,1713000000.0,-5000000.0,-5000000.0,1708000000,29000000.0,1737000000,-411000000.0,1326000000,,1323000000,1323000000,2314000000.0,4722000000.0,3612000000.0,11901000000.0,8551000000.0,150000000.0,12690000000.0,21391000000.0,33292000000,2666000000.0,909000000.0,5995000000.0,10802000000.0,16257000000.0,22252000000,5198000000.0,-25354000000.0,38094000000.0,11040000000.0,33292000000,1326000000.0,438000000.0,-133000000.0,-643000000.0,-237000000.0,-149000000.0,-124000000.0,-133000000.0,988000000.0,-286000000.0,138000000.0,53000000.0,-90000000.0,-702000000.0,-68000000.0,-375000000.0,-1151000000.0,-225000000,2017-03-31,191.3000030517578,192.3999938964844,190.9900054931641,191.3300018310547,167.04364013671875,1730000.0
2017-06-30,7810000000.0,-4007000000.0,3803000000.0,-2080000000.0,-1607000000.0,-473000000.0,,1723000000.0,-42000000.0,-42000000.0,1681000000,461000000.0,2142000000,-557000000.0,1585000000,,1583000000,1583000000,2794000000.0,4919000000.0,3838000000.0,12641000000.0,8566000000.0,154000000.0,12596000000.0,21316000000.0,33957000000,2880000000.0,213000000.0,5697000000.0,11088000000.0,16616000000.0,22313000000,5253000000.0,-25466000000.0,38793000000.0,11644000000.0,33957000000,1585000000.0,380000000.0,-387000000.0,64000000.0,-175000000.0,-198000000.0,64000000.0,373000000.0,1642000000.0,-290000000.0,-2000000.0,809000000.0,517000000.0,-701000000.0,-695000000.0,-313000000.0,-1705000000.0,481000000,2017-06-30,209.91000366210938,209.91000366210938,207.8500061035156,208.19000244140625,182.84912109375,1770000.0
2017-09-30,8172000000.0,-4045000000.0,4127000000.0,-2086000000.0,-1623000000.0,-463000000.0,,2041000000.0,-44000000.0,-44000000.0,1997000000,,1997000000,-564000000.0,1433000000,,1429000000,1429000000,3417000000.0,5156000000.0,3975000000.0,13656000000.0,8658000000.0,156000000.0,12767000000.0,21581000000.0,35237000000,3054000000.0,835000000.0,6598000000.0,10828000000.0,16437000000.0,23035000000,5311000000.0,-25706000000.0,39454000000.0,12202000000.0,35237000000,1433000000.0,377000000.0,120000000.0,-180000000.0,-183000000.0,-89000000.0,35000000.0,57000000.0,1750000000.0,-320000000.0,-446000000.0,-12000000.0,-781000000.0,-701000000.0,173000000.0,-294000000.0,-843000000.0,177000000,2017-09-29,209.05999755859372,209.8999938964844,208.72999572753903,209.8999938964844,185.41131591796875,1632200.0
2017-12-31,7990000000.0,-4121000000.0,3869000000.0,-2240000000.0,-1782000000.0,-458000000.0,,1629000000.0,-53000000.0,-53000000.0,1576000000,96000000.0,1672000000,-1147000000.0,525000000,,523000000,523000000,4129000000.0,4911000000.0,4034000000.0,14277000000.0,8866000000.0,,14844000000.0,23710000000.0,37987000000,3125000000.0,1853000000.0,7687000000.0,12096000000.0,18678000000.0,26365000000,5361000000.0,-25887000000.0,39115000000.0,11622000000.0,37987000000,525000000.0,349000000.0,-388000000.0,1374000000.0,350000000.0,49000000.0,49000000.0,926000000.0,1860000000.0,-428000000.0,-488000000.0,-1808000000.0,-2732000000.0,-699000000.0,2193000000.0,-352000000.0,1044000000.0,222000000,2017-12-29,236.47999572753903,237.30999755859372,235.3699951171875,235.3699951171875,208.95864868164062,1343900.0
2018-03-31,8278000000.0,-4236000000.0,4042000000.0,-3059000000.0,-2573000000.0,-486000000.0,,983000000.0,-42000000.0,-42000000.0,941000000,24000000.0,965000000,-359000000.0,606000000,,602000000,602000000,4095000000.0,5252000000.0,4295000000.0,14818000000.0,8864000000.0,,14893000000.0,23757000000.0,38575000000,2719000000.0,3449000000.0,8959000000.0,12211000000.0,18577000000.0,27536000000,5505000000.0,-26178000000.0,38453000000.0,11039000000.0,38575000000,606000000.0,382000000.0,-98000000.0,-747000000.0,-260000000.0,-209000000.0,-88000000.0,-190000000.0,143000000.0,-221000000.0,473000000.0,40000000.0,281000000.0,-810000000.0,1581000000.0,-718000000.0,46000000.0,438000000,2018-03-29,217.7899932861328,221.3800048828125,217.4600067138672,219.5200042724609,196.036376953125,2643000.0
2018-06-30,8390000000.0,-4227000000.0,4163000000.0,-2268000000.0,-1800000000.0,-468000000.0,,1895000000.0,-51000000.0,-51000000.0,1844000000,506000000.0,2350000000,-488000000.0,1862000000,,1857000000,1857000000,3186000000.0,5383000000.0,4238000000.0,13890000000.0,8645000000.0,,14243000000.0,22888000000.0,36778000000,2810000000.0,3225000000.0,8902000000.0,11294000000.0,17448000000.0,26350000000,5559000000.0,-27617000000.0,39442000000.0,10428000000.0,36778000000,1862000000.0,380000000.0,-282000000.0,-61000000.0,-346000000.0,-128000000.0,76000000.0,337000000.0,1899000000.0,-352000000.0,199000000.0,779000000.0,626000000.0,-802000000.0,-807000000.0,-1514000000.0,-3142000000.0,-690000000,2018-06-29,196.47000122070312,199.4199981689453,196.4600067138672,196.72000122070312,176.87698364257812,2671600.0
2018-09-30,8152000000.0,-4159000000.0,3993000000.0,-1977000000.0,-1547000000.0,-430000000.0,,2016000000.0,-51000000.0,-51000000.0,1965000000,,1965000000,-419000000.0,1546000000,,1543000000,1543000000,3523000000.0,5329000000.0,4437000000.0,14419000000.0,8630000000.0,,14226000000.0,22856000000.0,37275000000,2998000000.0,1307000000.0,7336000000.0,13539000000.0,19628000000.0,26964000000,5606000000.0,-28510000000.0,40120000000.0,10311000000.0,37275000000,1546000000.0,355000000.0,38000000.0,200000000.0,10000000.0,-225000000.0,160000000.0,255000000.0,2139000000.0,-330000000.0,42000000.0,0.0,-269000000.0,-794000000.0,319000000.0,-968000000.0,-1453000000.0,384000000,2018-09-28,209.52999877929688,211.27999877929688,208.8699951171875,210.7100067138672,190.72569274902344,2500200.0
2018-12-31,7945000000.0,-4060000000.0,3885000000.0,-2119000000.0,-1682000000.0,-437000000.0,,1766000000.0,-63000000.0,144000000.0,1703000000,17000000.0,1720000000,-371000000.0,1349000000,,1347000000,1347000000,3233000000.0,5020000000.0,4366000000.0,13709000000.0,8738000000.0,,14053000000.0,22791000000.0,36500000000,3258000000.0,1211000000.0,7244000000.0,13411000000.0,19408000000.0,26652000000,5652000000.0,-29626000000.0,40636000000.0,9848000000.0,36500000000,1349000000.0,371000000.0,82000000.0,456000000.0,291000000.0,53000000.0,260000000.0,-148000000.0,2258000000.0,-412000000.0,-45000000.0,40000000.0,-416000000.0,-787000000.0,-160000000.0,-1185000000.0,-2152000000.0,-332000000,2018-12-31,190.33999633789062,191.6499938964844,188.5,190.5399932861328,173.646484375,1804400.0
2019-03-31,7863000000.0,-4310000000.0,3553000000.0,-2425000000.0,-1948000000.0,-477000000.0,,1128000000.0,-48000000.0,-48000000.0,1080000000,8000000.0,1088000000,-195000000.0,893000000,,891000000,891000000,3477000000.0,5173000000.0,4538000000.0,14374000000.0,8829000000.0,,15937000000.0,24766000000.0,39140000000,3009000000.0,790000000.0,7125000000.0,15580000000.0,22258000000.0,29383000000,5764000000.0,-29668000000.0,41159000000.0,9757000000.0,39140000000,893000000.0,375000000.0,92000000.0,-312000000.0,-78000000.0,-178000000.0,-3000000.0,-53000000.0,1048000000.0,-390000000.0,-142000000.0,-698000000.0,-1225000000.0,-830000000.0,1591000000.0,-486000000.0,258000000.0,85000000,2019-03-29,209.2899932861328,209.5,206.1999969482422,207.77999877929688,190.6671142578125,2858300.0
2019-06-30,8171000000.0,-4313000000.0,3858000000.0,-2156000000.0,-1686000000.0,-470000000.0,,1702000000.0,-256000000.0,,1446000000,,1446000000,-315000000.0,1131000000,,1127000000,1127000000,2988000000.0,5374000000.0,4300000000.0,14051000000.0,8998000000.0,,15920000000.0,24918000000.0,38969000000,2957000000.0,892000000.0,7265000000.0,14914000000.0,21562000000.0,28827000000,5821000000.0,-29828000000.0,41362000000.0,10142000000.0,38969000000,1131000000.0,376000000.0,261000000.0,-106000000.0,-180000000.0,253000000.0,-170000000.0,-9000000.0,1662000000.0,-419000000.0,396000000.0,0.0,-10000000.0,-830000000.0,-638000000.0,-250000000.0,-1735000000.0,-89000000,2019-06-28,171.85000610351562,174.3699951171875,171.77000427246094,173.33999633789062,160.4246063232422,3600800.0
2019-09-30,7991000000.0,-4188000000.0,3803000000.0,-1898000000.0,-1455000000.0,-443000000.0,,1905000000.0,-45000000.0,,1860000000,106000000.0,1966000000,-378000000.0,1588000000,,1583000000,1583000000,7761000000.0,5020000000.0,4007000000.0,18020000000.0,8891000000.0,,15639000000.0,24530000000.0,42550000000,2885000000.0,1960000000.0,7821000000.0,17479000000.0,23965000000.0,31786000000,5870000000.0,-29865000000.0,42085000000.0,10764000000.0,42550000000,1588000000.0,379000000.0,-47000000.0,102000000.0,244000000.0,180000000.0,-49000000.0,-273000000.0,2022000000.0,-261000000.0,94000000.0,230000000.0,90000000.0,-828000000.0,3826000000.0,-70000000.0,2804000000.0,4882000000,2019-09-30,165.2100067138672,165.57000732421875,163.94000244140625,164.39999389648438,153.5429229736328,2508500.0
2019-12-31,8111000000.0,-4325000000.0,3786000000.0,-2461000000.0,-1940000000.0,-521000000.0,,1325000000.0,-113000000.0,48000000.0,1212000000,0.0,1212000000,-242000000.0,970000000,,969000000,969000000,2451000000.0,4791000000.0,4134000000.0,12971000000.0,9333000000.0,,22355000000.0,31688000000.0,44659000000,3124000000.0,2795000000.0,9222000000.0,17518000000.0,25311000000.0,34533000000,5916000000.0,-29849000000.0,42135000000.0,10126000000.0,44659000000,970000000.0,463000000.0,-103000000.0,1008000000.0,359000000.0,115000000.0,105000000.0,429000000.0,2338000000.0,-506000000.0,-540000000.0,-4280000000.0,-5299000000.0,-828000000.0,-1530000000.0,-54000000.0,-2451000000.0,-5378000000,2019-12-31,175.22999572753906,176.58999633789062,175.07000732421875,176.4199981689453,166.19561767578125,1573500.0
2020-03-31,8075000000.0,-4109000000.0,3966000000.0,-2305000000.0,-1768000000.0,-537000000.0,,1661000000.0,-75000000.0,,1586000000,2000000.0,1588000000,-278000000.0,1310000000,,1308000000,1308000000,4477000000.0,4821000000.0,4217000000.0,15090000000.0,9165000000.0,,21957000000.0,31122000000.0,46212000000,2866000000.0,3248000000.0,9134000000.0,19247000000.0,26869000000.0,36003000000,6033000000.0,-29817000000.0,42345000000.0,10209000000.0,46212000000,1310000000.0,440000000.0,185000000.0,-722000000.0,-143000000.0,-207000000.0,12000000.0,-384000000.0,1213000000.0,-325000000.0,-111000000.0,61000000.0,-375000000.0,-847000000.0,2207000000.0,-216000000.0,1108000000.0,1900000000,2020-03-31,135.69000244140622,139.44000244140622,135.67999267578122,136.50999450683594,129.76312255859378,3613700.0
2020-06-30,7176000000.0,-3805000000.0,3371000000.0,-2018000000.0,-1594000000.0,-424000000.0,,1353000000.0,-90000000.0,,1263000000,387000000.0,1650000000,-347000000.0,1303000000,,1306000000,1306000000,4466000000.0,4459000000.0,4168000000.0,14106000000.0,9089000000.0,,21884000000.0,30973000000.0,45079000000,2846000000.0,1486000000.0,7282000000.0,19276000000.0,26882000000.0,34164000000,6083000000.0,-29699000000.0,42759000000.0,10915000000.0,45079000000,1303000000.0,492000000.0,-283000000.0,393000000.0,384000000.0,9000000.0,-281000000.0,281000000.0,1905000000.0,-370000000.0,453000000.0,487000000.0,577000000.0,-846000000.0,-1740000000.0,86000000.0,-2509000000.0,-34000000,2020-06-30,154.91000366210938,156.7100067138672,154.0500030517578,155.99000549316406,149.7510528564453,2941600.0
