Report Date,Revenue,Cost of Revenue,Gross Profit,Operating Expenses,"Selling, General & Administrative",Research & Development,Depreciation & Amortization,Operating Income (Loss),Non-Operating Income (Loss),"Interest Expense, Net","Pretax Income (Loss), Adj.",Abnormal Gains (Losses),Pretax Income (Loss),"Income Tax (Expense) Benefit, Net",Income (Loss) from Continuing Operations,Net Extraordinary Gains (Losses),Net Income,Net Income (Common),"Cash, Cash Equivalents & Short Term Investments",Accounts & Notes Receivable,Inventories,Total Current Assets,"Property, Plant & Equipment, Net",Long Term Investments & Receivables,Other Long Term Assets,Total Noncurrent Assets,Total Assets,Payables & Accruals,Short Term Debt,Total Current Liabilities,Long Term Debt,Total Noncurrent Liabilities,Total Liabilities,Share Capital & Additional Paid-In Capital,Treasury Stock,Retained Earnings,Total Equity,Total Liabilities & Equity,Net Income/Starting Line,Depreciation & Amortization,Non-Cash Items,Change in Working Capital,Change in Accounts Receivable,Change in Inventories,Change in Accounts Payable,Change in Other,Net Cash from Operating Activities,Change in Fixed Assets & Intangibles,Net Change in Long Term Investment,Net Cash from Acquisitions & Divestitures,Net Cash from Investing Activities,Dividends Paid,Cash from (Repayment of) Debt,Cash from (Repurchase of) Equity,Net Cash from Financing Activities,Net Change in Cash,Price Date,Open,High,Low,Close,Adj Close,Volume
2009-09-30,6049700000.0,-1430300000.0,4619400000.0,-2979500000.0,-1725500000.0,-1254000000.0,,1639900000.0,3479300000.0,,5119200000,-42400000.0,5076800000,-1621500000.0,3455300000,,3424300000,3424300000,4799000000.0,3127000000.0,3459000000.0,13166000000.0,6924000000.0,,10457000000.0,17381000000.0,30547000000,2908000000.0,185000000.0,5089000000.0,8033000000.0,12558000000.0,17647000000,6406000000.0,-5383000000.0,10737000000.0,12900000000.0,30547000000,3455300000.0,393700000.0,-1888400000.0,-2272700000.0,,,,,-312100000.0,-303300000.0,4409500000.0,4000000000.0,12011600000.0,-803900000.0,-1635300000.0,4800000.0,-2372400000.0,9359300000,2009-09-30,30.505725860595703,30.52480888366699,29.72328186035156,30.18129730224609,20.086864471435547,21388946.0
2009-12-31,10093200000.0,-4901000000.0,5192200000.0,-5426600000.0,-3455100000.0,-1971500000.0,,-234400000.0,8187200000.0,,7952800000,-1489900000.0,6462900000,59700000.0,6522600000,,6493400000,6493400000,9604000000.0,6603000000.0,8048000000.0,28432000000.0,18279000000.0,432000000.0,65171000000.0,83882000000.0,112314000000,4600000000.0,1379000000.0,15434000000.0,16095000000.0,35188000000.0,50622000000,41464000000.0,-21044000000.0,41405000000.0,61692000000.0,112314000000,6522600000.0,1249700000.0,-8017400000.0,2487600000.0,,,,,2242500000.0,-557400000.0,277000000.0,-12843000000.0,-12864500000.0,-804200000.0,-1018500000.0,178200000.0,-1849100000.0,-12505600000,2009-12-31,35.114505767822266,35.37213516235352,34.828243255615234,34.86641311645508,23.44229888916016,7403072.0
2010-03-31,11422000000.0,-5216000000.0,6206000000.0,-5273000000.0,-3222000000.0,-2051000000.0,,933000000.0,-29000000.0,,904000000,-288000000.0,616000000,-286000000.0,330000000,,299000000,299000000,9777300000.0,7497700000.0,6825400000.0,28244900000.0,17985000000.0,1995000000.0,63368900000.0,83348900000.0,111593800000,3987700000.0,3822400000.0,16249100000.0,15281100000.0,34795300000.0,51044400000,41982600000.0,-21044300000.0,40511400000.0,60549400000.0,111593800000,330000000.0,1687000000.0,411000000.0,-1062000000.0,,,,,1366000000.0,-343000000.0,-2660000000.0,-131000000.0,-3148000000.0,-1189000000.0,1998000000.0,195000000.0,942000000.0,-1075000000,2010-03-31,35.77289962768555,35.86832046508789,35.36259460449219,35.639312744140625,24.21286773681641,13588787.0
2010-06-30,11346000000.0,-4549000000.0,6797000000.0,-5354000000.0,-3175000000.0,-2179000000.0,,1443000000.0,324000000.0,,1767000000,-526000000.0,1241000000,-461000000.0,780000000,,752000000,752000000,9942600000.0,6276100000.0,6244200000.0,26253600000.0,17334200000.0,2045600000.0,60537100000.0,79916900000.0,106170500000,4232900000.0,4147300000.0,15214600000.0,13835300000.0,33084200000.0,48298800000,42124200000.0,-22315600000.0,40081800000.0,57871700000.0,106170500000,780000000.0,1948000000.0,-460000000.0,1057000000.0,,,,,3325000000.0,-337000000.0,125000000.0,637000000.0,464000000.0,-1189000000.0,-966000000.0,-1255000000.0,-3463000000.0,430000000,2010-06-30,33.70228958129883,33.72137451171875,33.158397674560554,33.36832046508789,22.92135429382324,22218753.0
2010-09-30,11125000000.0,-4191000000.0,6934000000.0,-5514000000.0,-3192000000.0,-2322000000.0,,1420000000.0,-872000000.0,,548000000,-50000000.0,498000000,-126000000.0,372000000,,342000000,342000000,10624800000.0,7297500000.0,6263600000.0,27756000000.0,17115800000.0,2137500000.0,60830800000.0,80084100000.0,107840100000,5047800000.0,4116000000.0,17323300000.0,14031900000.0,32468500000.0,49791800000,42345200000.0,-22507800000.0,39245400000.0,58048300000.0,107840100000,372000000.0,1880000000.0,-447000000.0,787000000.0,,,,,2592000000.0,-338000000.0,435000000.0,-11000000.0,194000000.0,-1181000000.0,-148000000.0,-220000000.0,-1625000000.0,1208000000,2010-09-30,35.5057258605957,35.85877990722656,34.96183013916016,35.124046325683594,24.38018226623535,14353408.0
2010-12-31,12094000000.0,-4440000000.0,7654000000.0,-8095000000.0,-3536000000.0,-4559000000.0,,-441000000.0,-140000000.0,,-581000000,-121000000.0,-702000000,202000000.0,-500000000,,-532000000,-532000000,12201000000.0,7344000000.0,5868000000.0,29064000000.0,17082000000.0,2175000000.0,57460000000.0,76717000000.0,105781000000,4727000000.0,2400000000.0,15641000000.0,15482000000.0,33335000000.0,48976000000,42489000000.0,-22433000000.0,37536000000.0,56805000000.0,105781000000,-500000000.0,1866000000.0,2025000000.0,148000000.0,,,,,3539000000.0,-660000000.0,-536000000.0,-104000000.0,-1007000000.0,-1175000000.0,-136000000.0,50000000.0,-1295000000.0,1026000000,2010-12-31,34.312976837158196,34.58969497680664,34.284351348876946,34.389312744140625,24.124914169311523,5755406.0
2011-03-31,11580000000.0,-4059000000.0,7521000000.0,-5322000000.0,-3164000000.0,-2158000000.0,,2199000000.0,-484000000.0,,1715000000,14000000.0,1729000000,-658000000.0,1071000000,,1043000000,1043000000,13029000000.0,7955000000.0,6057000000.0,31024000000.0,16833000000.0,2084000000.0,55924000000.0,74841000000.0,105865000000,4905000000.0,2202000000.0,15662000000.0,15644000000.0,33364000000.0,49026000000,42478000000.0,-22324000000.0,37400000000.0,56839000000.0,105865000000,1071000000.0,1831000000.0,-114000000.0,-1067000000.0,,,,,1721000000.0,-324000000.0,142000000.0,306000000.0,105000000.0,-1175000000.0,-197000000.0,37000000.0,-1172000000.0,795000000,2011-03-31,31.55534362792969,31.85114479064941,31.48855018615723,31.49809265136719,22.354846954345703,13218424.0
2011-06-30,12151000000.0,-4284000000.0,7867000000.0,-5461000000.0,-3525000000.0,-1936000000.0,,2406000000.0,-66000000.0,,2340000000,-668000000.0,1672000000,382000000.0,2054000000,,2024000000,2024000000,13981000000.0,8475000000.0,6225000000.0,32368000000.0,16671000000.0,2175000000.0,54981000000.0,73827000000.0,106195000000,4493000000.0,2523000000.0,15763000000.0,15783000000.0,32510000000.0,48273000000,42445000000.0,-22416000000.0,38243000000.0,57922000000.0,106195000000,2054000000.0,1832000000.0,-616000000.0,-418000000.0,,,,,2852000000.0,-365000000.0,-318000000.0,-356000000.0,-1048000000.0,-1176000000.0,328000000.0,-189000000.0,-1257000000.0,647000000,2011-06-30,33.606868743896484,33.845420837402344,33.492366790771484,33.67366409301758,24.157855987548828,13363258.0
2011-09-30,12022000000.0,-4352000000.0,7670000000.0,-5294000000.0,-3340000000.0,-1954000000.0,,2376000000.0,95000000.0,,2471000000,-119000000.0,2352000000,-628000000.0,1724000000,,1692000000,1692000000,15576000000.0,8136000000.0,6239000000.0,34109000000.0,16383000000.0,2423000000.0,53619000000.0,72425000000.0,106534000000,4910000000.0,2455000000.0,16593000000.0,15692000000.0,32345000000.0,48938000000,42505000000.0,-23415000000.0,38763000000.0,57596000000.0,106534000000,1724000000.0,1903000000.0,129000000.0,821000000.0,,,,,4577000000.0,-431000000.0,230000000.0,0.0,-263000000.0,-1175000000.0,-52000000.0,-1013000000.0,-2244000000.0,1911000000,2011-09-30,30.916030883789066,31.793893814086914,30.86832046508789,31.202289581298828,22.65387916564941,25393250.0
2011-12-31,12294000000.0,-4176000000.0,8118000000.0,-6123000000.0,-3704000000.0,-2419000000.0,,1995000000.0,119000000.0,,2114000000,-533000000.0,1581000000,-38000000.0,1543000000,,1513000000,1513000000,14972000000.0,8261000000.0,6254000000.0,33181000000.0,16297000000.0,3458000000.0,52192000000.0,71947000000.0,105128000000,4085000000.0,1990000000.0,16245000000.0,15525000000.0,31940000000.0,48185000000,42451000000.0,-23792000000.0,38990000000.0,56943000000.0,105128000000,1543000000.0,1861000000.0,-69000000.0,-102000000.0,,,,,3233000000.0,-603000000.0,-1230000000.0,175000000.0,-1684000000.0,-1165000000.0,-550000000.0,-435000000.0,-2231000000.0,-722000000,2011-12-30,35.86832046508789,36.13549423217773,35.75381851196289,35.97328186035156,26.43127632141113,8237175.0
2012-03-31,11731000000.0,-4037000000.0,7694000000.0,-4936000000.0,-3074000000.0,-1862000000.0,,2758000000.0,-32000000.0,,2726000000,-219000000.0,2507000000,-740000000.0,1767000000,,1738000000,1738000000,15566000000.0,8726000000.0,6339000000.0,34344000000.0,16124000000.0,3972000000.0,51069000000.0,71165000000.0,105509000000,4829000000.0,2930000000.0,16582000000.0,15228000000.0,31613000000.0,48195000000,42440000000.0,-23804000000.0,39441000000.0,57314000000.0,105509000000,1767000000.0,1790000000.0,71000000.0,-1474000000.0,,,,,2154000000.0,-331000000.0,72000000.0,,-270000000.0,-1279000000.0,632000000.0,-77000000.0,-725000000.0,1125000000,2012-03-30,36.39313125610352,36.66030502319336,36.3072509765625,36.64122009277344,27.222126007080078,14794302.0
2012-06-30,12311000000.0,-4112000000.0,8199000000.0,-5414000000.0,-3249000000.0,-2165000000.0,,2785000000.0,39000000.0,,2824000000,-144000000.0,2680000000,-860000000.0,1820000000,,1793000000,1793000000,17450000000.0,8152000000.0,6249000000.0,35639000000.0,15867000000.0,4085000000.0,49934000000.0,69886000000.0,105525000000,4073000000.0,3922000000.0,16912000000.0,15057000000.0,30940000000.0,47852000000,42338000000.0,-23968000000.0,39950000000.0,57673000000.0,105525000000,1820000000.0,1804000000.0,-119000000.0,-585000000.0,,,,,2920000000.0,-431000000.0,101000000.0,,-298000000.0,-1280000000.0,1003000000.0,-307000000.0,-586000000.0,2096000000,2012-06-29,39.01717758178711,39.83778762817383,39.01717758178711,39.83778762817383,29.92045783996582,24811924.0
2012-09-30,11488000000.0,-4137000000.0,7351000000.0,-4981000000.0,-3063000000.0,-1918000000.0,,2370000000.0,-42000000.0,,2328000000,-110000000.0,2218000000,-455000000.0,1763000000,,1729000000,1729000000,18117000000.0,7952000000.0,6731000000.0,36229000000.0,15884000000.0,5560000000.0,48628000000.0,70072000000.0,106301000000,4631000000.0,2029000000.0,15583000000.0,17571000000.0,32506000000.0,48089000000,42259000000.0,-23862000000.0,40390000000.0,58212000000.0,106301000000,1763000000.0,1723000000.0,-65000000.0,-282000000.0,,,,,3139000000.0,-414000000.0,-1457000000.0,,-1839000000.0,-1277000000.0,585000000.0,5000000.0,-738000000.0,608000000,2012-09-28,42.98664093017578,43.13931274414063,42.72900772094727,43.03435134887695,32.62900161743164,13097170.0
2012-12-31,11737000000.0,-4160000000.0,7577000000.0,-5613000000.0,-3390000000.0,-2223000000.0,,1964000000.0,-439000000.0,,1525000000,-191000000.0,1334000000,-385000000.0,949000000,,908000000,908000000,16141000000.0,7672000000.0,6535000000.0,34857000000.0,16030000000.0,7305000000.0,47940000000.0,71275000000.0,106132000000,4296000000.0,4315000000.0,18348000000.0,16254000000.0,32321000000.0,50669000000,42434000000.0,-24717000000.0,39985000000.0,55463000000.0,106132000000,949000000.0,1661000000.0,994000000.0,-1795000000.0,,,,,1809000000.0,-778000000.0,-3774000000.0,0.0,-4398000000.0,-1280000000.0,944000000.0,-902000000.0,-1218000000.0,-3909000000,2012-12-31,38.43511581420898,39.093509674072266,38.1870231628418,39.064884185791016,29.90342140197754,15004635.0
2013-03-31,10671000000.0,-3959000000.0,6712000000.0,-4894000000.0,-2987000000.0,-1907000000.0,,1818000000.0,-149000000.0,,1669000000,-119000000.0,1550000000,66000000.0,1616000000,,1593000000,1593000000,16022000000.0,7965000000.0,6773000000.0,35244000000.0,15802000000.0,7948000000.0,47206000000.0,70956000000.0,106200000000,4497000000.0,4736000000.0,18802000000.0,16089000000.0,31792000000.0,50594000000,42515000000.0,-25129000000.0,40272000000.0,55606000000.0,106200000000,1616000000.0,1674000000.0,224000000.0,-1173000000.0,,,,,2341000000.0,-351000000.0,-849000000.0,0.0,-1153000000.0,-1306000000.0,374000000.0,-488000000.0,-1421000000.0,-427000000,2013-03-28,42.03244400024414,42.28053283691406,41.94656372070313,42.17557144165039,32.595775604248054,17440502.0
2013-06-30,11010000000.0,-4284000000.0,6726000000.0,-5241000000.0,-3140000000.0,-2101000000.0,,1485000000.0,-85000000.0,,1400000000,-155000000.0,1245000000,-310000000.0,935000000,,906000000,906000000,18098000000.0,7779000000.0,6766000000.0,36995000000.0,15683000000.0,8555000000.0,45643000000.0,69881000000.0,106876000000,3948000000.0,5582000000.0,18402000000.0,22526000000.0,38369000000.0,56771000000,41679000000.0,-29334000000.0,39915000000.0,50105000000.0,106876000000,935000000.0,1655000000.0,384000000.0,-636000000.0,,,,,2338000000.0,-413000000.0,-774000000.0,0.0,-1135000000.0,-1332000000.0,7280000000.0,-4976000000.0,970000000.0,2066000000,2013-06-28,45.28625869750977,45.30534362792969,44.32251739501953,44.32251739501953,34.56967163085937,17124110.0
2013-09-30,11032000000.0,-4104000000.0,6928000000.0,-4463000000.0,-2803000000.0,-1660000000.0,,2465000000.0,-70000000.0,,2395000000,-870000000.0,1525000000,-375000000.0,1150000000,,1124000000,1124000000,18169000000.0,7578000000.0,6741000000.0,37765000000.0,15323000000.0,9198000000.0,44133000000.0,68654000000.0,106419000000,5056000000.0,3976000000.0,18215000000.0,22647000000.0,38198000000.0,56413000000,41697000000.0,-29353000000.0,39773000000.0,50006000000.0,106419000000,1151000000.0,1705000000.0,-222000000.0,1315000000.0,,,,,3949000000.0,-355000000.0,-1631000000.0,0.0,-2037000000.0,-1259000000.0,-1551000000.0,-47000000.0,-2915000000.0,-1000000000,2013-09-30,45.45801544189453,45.67748260498047,45.1240463256836,45.42938995361328,35.75233840942383,17023712.0
2013-12-31,11320000000.0,-4607000000.0,6713000000.0,-4816000000.0,-2981000000.0,-1835000000.0,,1897000000.0,-107000000.0,,1790000000,-565000000.0,1225000000,-409000000.0,816000000,,781000000,781000000,17486000000.0,7184000000.0,6226000000.0,35685000000.0,14973000000.0,9770000000.0,45217000000.0,69960000000.0,105645000000,3846000000.0,4521000000.0,17868000000.0,20539000000.0,35451000000.0,53319000000,42296000000.0,-29591000000.0,39257000000.0,52326000000.0,105645000000,815000000.0,1954000000.0,557000000.0,-300000000.0,,,,,3026000000.0,-429000000.0,1561000000.0,-200000000.0,1177000000.0,-1260000000.0,-1570000000.0,205000000.0,-2624000000.0,1531000000,2013-12-31,47.461830139160156,47.78625869750977,47.261451721191406,47.75763320922852,37.925537109375,8881695.0
2014-03-31,10264000000.0,-3903000000.0,6361000000.0,-4308000000.0,-2734000000.0,-1574000000.0,,2053000000.0,163000000.0,,2216000000,-125000000.0,2091000000,-360000000.0,1731000000,,1705000000,1705000000,20513000000.0,7188000000.0,6376000000.0,41240000000.0,14296000000.0,11456000000.0,41468000000.0,67220000000.0,108460000000,4356000000.0,8559000000.0,22470000000.0,19589000000.0,33426000000.0,55896000000,42238000000.0,-29745000000.0,39661000000.0,52564000000.0,108460000000,1731000000.0,1754000000.0,-421000000.0,-703000000.0,,,,,2361000000.0,-205000000.0,-4193000000.0,533000000.0,-3807000000.0,-1290000000.0,3146000000.0,-236000000.0,1620000000.0,207000000,2014-03-31,53.52099227905274,54.23664093017578,53.47328186035156,54.16984558105469,43.35340881347656,14861898.0
2014-06-30,10934000000.0,-4893000000.0,6041000000.0,-4637000000.0,-2973000000.0,-1664000000.0,,1404000000.0,650000000.0,,2054000000,-163000000.0,1891000000,142000000.0,2033000000,,2004000000,2004000000,13395000000.0,7022000000.0,6136000000.0,33587000000.0,13893000000.0,12618000000.0,37762000000.0,64273000000.0,97860000000,3821000000.0,4477000000.0,17928000000.0,18590000000.0,31416000000.0,49344000000,41987000000.0,-31551000000.0,40366000000.0,48516000000.0,97860000000,2033000000.0,1753000000.0,-1056000000.0,-415000000.0,,,,,2315000000.0,-302000000.0,-85000000.0,444000000.0,-49000000.0,-1339000000.0,-5036000000.0,-2043000000.0,-8369000000.0,-6085000000,2014-06-30,54.97137451171875,55.53435134887695,54.89503860473633,55.20038223266602,44.51118850708008,9154280.0
2014-09-30,10557000000.0,-4223000000.0,6334000000.0,-4634000000.0,-2975000000.0,-1659000000.0,,1700000000.0,166000000.0,,1866000000,-376000000.0,1490000000,-648000000.0,842000000,,895000000,895000000,14347000000.0,6515000000.0,5819000000.0,34723000000.0,13438000000.0,13492000000.0,40155000000.0,67085000000.0,101808000000,6034000000.0,9275000000.0,25927000000.0,18566000000.0,30521000000.0,56448000000,42128000000.0,-33895000000.0,39989000000.0,45360000000.0,101808000000,843000000.0,1611000000.0,-174000000.0,2068000000.0,,,,,4348000000.0,-320000000.0,-146000000.0,-3210000000.0,-3722000000.0,-1282000000.0,4961000000.0,-2423000000.0,1279000000.0,1627000000,2014-09-30,56.67938995361328,57.23282241821289,56.53625869750977,56.56488418579102,45.94417572021485,9691170.0
2014-12-31,10482000000.0,-3749000000.0,6733000000.0,-5207000000.0,-2924000000.0,-2283000000.0,,1526000000.0,10634000000.0,,12160000000,-349000000.0,11811000000,-4483000000.0,7328000000,,7316000000,7316000000,15719000000.0,6626000000.0,5571000000.0,32605000000.0,13136000000.0,13515000000.0,38911000000.0,65562000000.0,98167000000,5170000000.0,2704000000.0,18397000000.0,18699000000.0,30979000000.0,49376000000,42211000000.0,-35262000000.0,46021000000.0,48791000000.0,98167000000,7327000000.0,1573000000.0,-10809000000.0,874000000.0,,,,,-1035000000.0,-1490000000.0,-5406000000.0,13891000000.0,7204000000.0,-1259000000.0,-7002000000.0,-1441000000.0,-9772000000.0,-3929000000,2014-12-31,54.64694595336914,55.20038223266602,54.13167953491211,54.18893051147461,44.34706115722656,7842813.0
2015-03-31,9425000000.0,-3569000000.0,5856000000.0,-4338000000.0,-2601000000.0,-1737000000.0,,1518000000.0,-55000000.0,,1463000000,-82000000.0,1381000000,-423000000.0,958000000,,953000000,953000000,15601000000.0,6670000000.0,5539000000.0,32927000000.0,12910000000.0,13092000000.0,49416000000.0,75418000000.0,108345000000,5847000000.0,4728000000.0,20442000000.0,25506000000.0,39986000000.0,60428000000,42143000000.0,-35903000000.0,45692000000.0,47917000000.0,108345000000,958000000.0,1637000000.0,307000000.0,-618000000.0,,,,,2284000000.0,-203000000.0,1248000000.0,-7598000000.0,-6605000000.0,-1280000000.0,7216000000.0,-773000000.0,5155000000.0,539000000,2015-03-31,55.52481079101562,55.63931274414063,54.847328186035156,54.847328186035156,45.24909210205078,10960718.0
2015-06-30,9785000000.0,-3754000000.0,6031000000.0,-4294000000.0,-2624000000.0,-1670000000.0,,1737000000.0,-739000000.0,,998000000,-191000000.0,807000000,-119000000.0,688000000,,687000000,687000000,11370000000.0,6510000000.0,5306000000.0,28319000000.0,12630000000.0,13333000000.0,48300000000.0,74263000000.0,102582000000,5508000000.0,2483000000.0,17508000000.0,24069000000.0,38436000000.0,55944000000,41902000000.0,-36225000000.0,45103000000.0,46638000000.0,102582000000,688000000.0,1608000000.0,793000000.0,-392000000.0,,,,,2697000000.0,-271000000.0,2759000000.0,25000000.0,2525000000.0,-1302000000.0,-3710000000.0,-574000000.0,-5597000000.0,-1058000000,2015-06-30,55.066795349121094,55.066795349121094,54.11259460449219,54.32251739501953,45.15700912475586,12415970.0
2015-09-30,10073000000.0,-3761000000.0,6312000000.0,-3972000000.0,-2472000000.0,-1500000000.0,,2340000000.0,170000000.0,,2510000000,-113000000.0,2397000000,-566000000.0,1831000000,,1826000000,1826000000,12089000000.0,6414000000.0,5123000000.0,28567000000.0,12482000000.0,13080000000.0,47103000000.0,72665000000.0,101232000000,5430000000.0,2543000000.0,17583000000.0,24124000000.0,37970000000.0,55553000000,41927000000.0,-37427000000.0,45660000000.0,45679000000.0,101232000000,1831000000.0,1570000000.0,-313000000.0,223000000.0,,,,,3311000000.0,-316000000.0,99000000.0,16000000.0,-61000000.0,-1272000000.0,1000000.0,-1224000000.0,-2539000000.0,626000000,2015-09-30,47.13740539550781,47.27099227905274,46.61259460449219,47.12786483764648,39.51354217529297,13287697.0
2015-12-31,10215000000.0,-3850000000.0,6365000000.0,-4413000000.0,-2616000000.0,-1797000000.0,,1952000000.0,-903000000.0,,1049000000,-233000000.0,816000000,166000000.0,982000000,,976000000,976000000,13427000000.0,6484000000.0,4700000000.0,29751000000.0,12507000000.0,13039000000.0,46380000000.0,71926000000.0,101677000000,5402000000.0,2583000000.0,19201000000.0,23829000000.0,37709000000.0,56910000000,42010000000.0,-38534000000.0,45348000000.0,44767000000.0,101677000000,982000000.0,1560000000.0,1185000000.0,519000000.0,,,,,4246000000.0,-493000000.0,-374000000.0,129000000.0,-617000000.0,-1263000000.0,-15000000.0,-1130000000.0,-2406000000.0,976000000,2015-12-31,50.38167953491211,50.84923553466797,50.24809265136719,50.40076446533203,42.622825622558594,8690959.0
2016-03-31,9312000000.0,-3572000000.0,5740000000.0,-3977000000.0,-2318000000.0,-1659000000.0,,1763000000.0,-48000000.0,,1715000000,-91000000.0,1624000000,-494000000.0,1130000000,,1125000000,1125000000,12943000000.0,6850000000.0,5102000000.0,28772000000.0,12360000000.0,12554000000.0,45069000000.0,69983000000.0,98755000000,5412000000.0,2113000000.0,17568000000.0,23656000000.0,37286000000.0,54854000000,41933000000.0,-39125000000.0,45192000000.0,43901000000.0,98755000000,1130000000.0,1561000000.0,357000000.0,-875000000.0,,,,,2173000000.0,-279000000.0,2253000000.0,-147000000.0,1741000000.0,-1279000000.0,-851000000.0,-711000000.0,-2866000000.0,1192000000,2016-03-31,50.64885330200195,51.03053283691406,50.34350967407226,50.48664093017578,43.06897354125977,8735080.0
2016-06-30,9844000000.0,-3578000000.0,6266000000.0,-4609000000.0,-2458000000.0,-2151000000.0,,1657000000.0,-19000000.0,,1638000000,-134000000.0,1504000000,-295000000.0,1209000000,,1205000000,1205000000,11834000000.0,6916000000.0,5248000000.0,27926000000.0,11987000000.0,11879000000.0,44683000000.0,68549000000.0,96475000000,5019000000.0,644000000.0,14918000000.0,23642000000.0,38111000000.0,53029000000,41699000000.0,-39377000000.0,45121000000.0,43446000000.0,96475000000,1209000000.0,1550000000.0,404000000.0,-1563000000.0,,,,,1600000000.0,-375000000.0,-1220000000.0,-10000000.0,-1498000000.0,-1300000000.0,-1509000000.0,-481000000.0,-3366000000.0,-3108000000,2016-06-30,54.53244400024414,55.038169860839844,54.30343627929688,54.97137451171875,47.277610778808594,9723030.0
2016-09-30,10536000000.0,-3409000000.0,7127000000.0,-4057000000.0,-2393000000.0,-1664000000.0,,3070000000.0,-22000000.0,,3048000000,-161000000.0,2887000000,-699000000.0,2188000000,,2184000000,2184000000,13067000000.0,7364000000.0,5244000000.0,29440000000.0,12029000000.0,11657000000.0,45209000000.0,68895000000.0,98335000000,4981000000.0,1487000000.0,15555000000.0,23656000000.0,38823000000.0,54378000000,41685000000.0,-39717000000.0,46028000000.0,43957000000.0,98335000000,2189000000.0,1175000000.0,171000000.0,-564000000.0,,,,,2971000000.0,-409000000.0,183000000.0,-621000000.0,-890000000.0,-1274000000.0,883000000.0,-436000000.0,-835000000.0,1299000000,2016-09-30,59.05534362792969,59.85686874389648,59.02671813964844,59.5515251159668,51.5923080444336,14258354.0
2016-12-31,10115000000.0,-3471000000.0,6644000000.0,-7635000000.0,-2848000000.0,-4787000000.0,,-991000000.0,-100000000.0,,-1091000000,-265000000.0,-1356000000,770000000.0,-586000000,,-594000000,-594000000,14341000000.0,7018000000.0,4866000000.0,30614000000.0,12026000000.0,11416000000.0,41321000000.0,64763000000.0,95377000000,6362000000.0,568000000.0,17204000000.0,24274000000.0,37865000000.0,55069000000,41727000000.0,-40546000000.0,44133000000.0,40308000000.0,95377000000,-587000000.0,1185000000.0,2633000000.0,401000000.0,,,,,3632000000.0,-551000000.0,-2514000000.0,-2000000.0,-2563000000.0,-1271000000.0,170000000.0,-867000000.0,-1977000000.0,-1392000000,2016-12-30,56.08778762817383,56.25,55.87786483764648,56.17366409301758,49.03934097290039,11289685.0
2017-03-31,9434000000.0,-3049000000.0,6385000000.0,-4302000000.0,-2472000000.0,-1830000000.0,,2083000000.0,71000000.0,,2154000000,-151000000.0,2003000000,-447000000.0,1556000000,,1551000000,1551000000,15249000000.0,7066000000.0,5146000000.0,31530000000.0,12042000000.0,11896000000.0,41093000000.0,65031000000.0,96561000000,6128000000.0,5037000000.0,19823000000.0,23437000000.0,36650000000.0,56473000000,41687000000.0,-41157000000.0,44387000000.0,40088000000.0,96561000000,1556000000.0,1193000000.0,72000000.0,-2535000000.0,,,,,286000000.0,-339000000.0,3890000000.0,-306000000.0,3193000000.0,-1294000000.0,3484000000.0,-706000000.0,1461000000.0,5193000000,2017-03-31,60.36259460449219,60.71564865112305,60.35305404663086,60.6297721862793,53.31145858764648,7979472.0
2017-06-30,9930000000.0,-3116000000.0,6814000000.0,-4282000000.0,-2500000000.0,-1782000000.0,,2532000000.0,73000000.0,,2605000000,-166000000.0,2439000000,-488000000.0,1951000000,,1946000000,1946000000,11967000000.0,7439000000.0,5407000000.0,28167000000.0,12094000000.0,12138000000.0,40405000000.0,64637000000.0,92804000000,6214000000.0,3181000000.0,18758000000.0,21706000000.0,34334000000.0,53092000000,41564000000.0,-42053000000.0,45046000000.0,39712000000.0,92804000000,1951000000.0,1162000000.0,6000000.0,198000000.0,,,,,3317000000.0,-393000000.0,-807000000.0,-41000000.0,-1127000000.0,-1307000000.0,-3809000000.0,-1039000000.0,-6218000000.0,-3922000000,2017-06-30,61.53625869750977,61.76526641845703,61.068702697753906,61.154579162597656,54.16830062866211,8762223.0
2017-09-30,10325000000.0,-3307000000.0,7018000000.0,-6872000000.0,-2459000000.0,-4413000000.0,,146000000.0,207000000.0,,353000000,-153000000.0,200000000,-251000000.0,-51000000,,-56000000,-56000000,11195000000.0,7671000000.0,5263000000.0,27919000000.0,12189000000.0,12206000000.0,39362000000.0,63757000000.0,91676000000,4318000000.0,5157000000.0,19467000000.0,21838000000.0,33710000000.0,53177000000,41611000000.0,-42119000000.0,43701000000.0,38499000000.0,91676000000,-51000000.0,1154000000.0,648000000.0,-2922000000.0,,,,,-1171000000.0,-441000000.0,1053000000.0,0.0,671000000.0,-1283000000.0,1986000000.0,-86000000.0,536000000.0,115000000,2017-09-29,61.345420837402344,61.57442855834961,60.42938995361328,61.097328186035156,54.50902938842773,11999181.0
2017-12-31,10433000000.0,-3440000000.0,6993000000.0,-4957000000.0,-2643000000.0,-2314000000.0,,2036000000.0,149000000.0,,2185000000,-306000000.0,1879000000,-2917000000.0,-1038000000,,-1047000000,-1047000000,8498000000.0,6873000000.0,5096000000.0,24766000000.0,12439000000.0,12125000000.0,38542000000.0,63106000000.0,87872000000,5130000000.0,3057000000.0,18614000000.0,21353000000.0,34689000000.0,53303000000,41690000000.0,-43794000000.0,41350000000.0,34569000000.0,87872000000,-1038000000.0,1167000000.0,3648000000.0,242000000.0,,,,,4019000000.0,-715000000.0,789000000.0,-49000000.0,-58000000.0,-1283000000.0,-2790000000.0,-1684000000.0,-5785000000.0,-1805000000,2017-12-29,54.22710037231445,54.3797721862793,53.6927490234375,53.6927490234375,48.31037902832031,8841557.0
2018-03-31,10037000000.0,-3184000000.0,6853000000.0,-5704000000.0,-2508000000.0,-3196000000.0,,1149000000.0,291000000.0,,1440000000,-95000000.0,1345000000,-604000000.0,741000000,,736000000,736000000,7346000000.0,7245000000.0,5382000000.0,24085000000.0,12561000000.0,11033000000.0,38362000000.0,61956000000.0,86041000000,5196000000.0,2055000000.0,16960000000.0,21501000000.0,35180000000.0,52140000000,41662000000.0,-44041000000.0,41107000000.0,33901000000.0,86041000000,741000000.0,1137000000.0,750000000.0,-1473000000.0,,,,,1155000000.0,-450000000.0,522000000.0,0.0,-197000000.0,-1299000000.0,-1004000000.0,-336000000.0,-2722000000.0,-1610000000,2018-03-29,52.82442855834961,52.87213516235352,51.97518920898438,51.97518920898438,47.1739387512207,10218524.0
2018-06-30,10465000000.0,-3417000000.0,7048000000.0,-4782000000.0,-2508000000.0,-2274000000.0,,2266000000.0,48000000.0,,2314000000,-228000000.0,2086000000,-370000000.0,1716000000,,1707000000,1707000000,7594000000.0,7287000000.0,5178000000.0,24064000000.0,12626000000.0,10033000000.0,38317000000.0,60976000000.0,85040000000,4994000000.0,3379000000.0,18128000000.0,19959000000.0,34146000000.0,52274000000,41529000000.0,-45401000000.0,41523000000.0,32766000000.0,85040000000,1716000000.0,1226000000.0,241000000.0,199000000.0,,,,,3382000000.0,-583000000.0,1633000000.0,-372000000.0,673000000.0,-1311000000.0,65000000.0,-1527000000.0,-2967000000.0,826000000,2018-06-29,57.75763320922852,58.654579162597656,57.58587646484375,57.91984558105469,52.97572708129883,14956951.0
2018-09-30,10794000000.0,-3619000000.0,7175000000.0,-4511000000.0,-2443000000.0,-2068000000.0,,2664000000.0,172000000.0,,2836000000,-171000000.0,2665000000,-707000000.0,1958000000,,1950000000,1950000000,10285000000.0,7374000000.0,5416000000.0,26836000000.0,12755000000.0,7606000000.0,37933000000.0,58294000000.0,85130000000,5154000000.0,3656000000.0,18586000000.0,19936000000.0,33888000000.0,52474000000,41550000000.0,-46166000000.0,42189000000.0,32656000000.0,85130000000,1958000000.0,1061000000.0,534000000.0,-760000000.0,,,,,2793000000.0,-653000000.0,2189000000.0,0.0,1660000000.0,-1285000000.0,226000000.0,-834000000.0,-1905000000.0,2516000000,2018-09-28,67.48091888427734,67.93893432617189,67.41412353515625,67.69084167480469,62.3350715637207,7135622.0
2018-12-31,10998000000.0,-3289000000.0,7709000000.0,-4857000000.0,-2643000000.0,-2214000000.0,,2852000000.0,-109000000.0,,2743000000,-138000000.0,2605000000,-827000000.0,1778000000,,1827000000,1827000000,8864000000.0,7071000000.0,5440000000.0,25875000000.0,13291000000.0,6233000000.0,37238000000.0,56762000000.0,82637000000,6747000000.0,5308000000.0,22206000000.0,19806000000.0,33549000000.0,55755000000,40596000000.0,-50929000000.0,42579000000.0,26882000000.0,82637000000,1778000000.0,1095000000.0,238000000.0,481000000.0,,,,,3592000000.0,-929000000.0,2914000000.0,-59000000.0,2178000000.0,-1277000000.0,1550000000.0,-5803000000.0,-5566000000.0,139000000,2018-12-31,72.34732818603516,73.18701934814453,72.19465637207031,72.9103012084961,67.61222076416016,9687502.0
2019-03-31,10816000000.0,-3052000000.0,7764000000.0,-4356000000.0,-2425000000.0,-1931000000.0,,3408000000.0,-188000000.0,,3220000000,-153000000.0,3067000000,-205000000.0,2862000000,,2915000000,2915000000,8798000000.0,7608000000.0,5712000000.0,25351000000.0,13506000000.0,5621000000.0,37876000000.0,57003000000.0,82354000000,5287000000.0,3175000000.0,18543000000.0,22721000000.0,36141000000.0,54684000000,40556000000.0,-51736000000.0,44065000000.0,27670000000.0,82354000000,2862000000.0,898000000.0,511000000.0,-2935000000.0,,,,,1336000000.0,-595000000.0,925000000.0,,368000000.0,-1428000000.0,823000000.0,-917000000.0,-1614000000.0,110000000,2019-03-29,79.19847106933594,79.48473358154297,78.9217529296875,79.36068725585938,74.09329986572266,10147994.0
2019-06-30,11760000000.0,-3401000000.0,8359000000.0,-4901000000.0,-2712000000.0,-2189000000.0,,3458000000.0,-140000000.0,,3318000000,-59000000.0,3259000000,-615000000.0,2644000000,,2670000000,2670000000,7105000000.0,7964000000.0,5847000000.0,24298000000.0,13862000000.0,3779000000.0,42026000000.0,59667000000.0,83965000000,5215000000.0,3816000000.0,20085000000.0,22771000000.0,36143000000.0,56228000000,41272000000.0,-53570000000.0,45295000000.0,27737000000.0,83965000000,2644000000.0,973000000.0,-90000000.0,-443000000.0,,,,,3084000000.0,-782000000.0,2200000000.0,-3890000000.0,-2425000000.0,-1468000000.0,603000000.0,-1104000000.0,-2084000000.0,-1417000000,2019-06-28,80.1240463256836,80.59160614013672,79.17938995361328,80.0095443725586,75.197998046875,46684837.0
2019-09-30,12397000000.0,-3990000000.0,8407000000.0,-5793000000.0,-2589000000.0,-3204000000.0,,2614000000.0,-35000000.0,,2579000000,-232000000.0,2347000000,-440000000.0,1907000000,,1901000000,1901000000,8018000000.0,8442000000.0,5855000000.0,26142000000.0,14287000000.0,2111000000.0,40791000000.0,57189000000.0,83331000000,5505000000.0,3411000000.0,20684000000.0,22677000000.0,35722000000.0,56406000000,41349000000.0,-54925000000.0,45804000000.0,26925000000.0,83331000000,1908000000.0,845000000.0,1564000000.0,-91000000.0,,,,,4226000000.0,-959000000.0,1954000000.0,-1039000000.0,191000000.0,-1394000000.0,-360000000.0,-1365000000.0,-3152000000.0,1211000000,2019-09-30,79.39885711669922,81.2022933959961,79.39885711669922,80.32442474365234,75.99565124511719,9806974.0
2019-12-31,11867000000.0,-3669000000.0,8198000000.0,-5437000000.0,-2889000000.0,-2548000000.0,,2761000000.0,224000000.0,,2985000000,-194000000.0,2791000000,-427000000.0,2364000000,,2357000000,2357000000,10450000000.0,6778000000.0,5978000000.0,27483000000.0,15053000000.0,1469000000.0,40392000000.0,56914000000.0,84397000000,18610000000.0,3610000000.0,22220000000.0,22736000000.0,36176000000.0,58396000000,41448000000.0,-55950000000.0,46602000000.0,26001000000.0,84397000000,2363000000.0,936000000.0,93000000.0,1402000000.0,,,,,4794000000.0,-1137000000.0,341000000.0,-25000000.0,-763000000.0,-1405000000.0,182000000.0,-1033000000.0,-2011000000.0,2063000000,2019-12-31,86.75572204589844,86.82251739501953,86.2977066040039,86.78434753417969,82.67044067382812,4710760.0
2020-03-31,12057000000.0,-3312000000.0,8745000000.0,-4764000000.0,-2555000000.0,-2209000000.0,,3981000000.0,-71000000.0,,3910000000,-72000000.0,3838000000,-619000000.0,3219000000,,3219000000,3219000000,7432000000.0,8182000000.0,5846000000.0,26174000000.0,15269000000.0,555000000.0,42915000000.0,58739000000.0,84913000000,6190000000.0,6361000000.0,23483000000.0,21637000000.0,35130000000.0,58613000000,41485000000.0,-57161000000.0,48272000000.0,26300000000.0,84913000000,3219000000.0,821000000.0,333000000.0,-3666000000.0,,,,,707000000.0,-986000000.0,1767000000.0,-2545000000.0,-1628000000.0,-1551000000.0,1632000000.0,-1255000000.0,-1490000000.0,-2474000000,2020-03-31,72.75763702392578,74.0457992553711,72.06106567382812,73.41603088378906,70.51358795166016,15079672.0
2020-06-30,9353000000.0,-2747000000.0,6606000000.0,-4170000000.0,-2085000000.0,-2085000000.0,,2436000000.0,387000000.0,,2823000000,-82000000.0,2741000000,-396000000.0,2345000000,661000000.0,3002000000,3002000000,11103000000.0,7577000000.0,6056000000.0,29343000000.0,15789000000.0,1251000000.0,44232000000.0,61272000000.0,90615000000,6278000000.0,4718000000.0,22178000000.0,26156000000.0,40693000000.0,62871000000,41161000000.0,-56850000000.0,49724000000.0,27744000000.0,90615000000,1592000000.0,975000000.0,-203000000.0,-446000000.0,,,,,1918000000.0,-567000000.0,48000000.0,-321000000.0,-782000000.0,-1577000000.0,2828000000.0,14000000.0,1137000000.0,3687000000,2020-06-30,73.23473358154297,74.1030502319336,72.70992279052734,73.78816986083984,71.43436431884766,9940804.0
