Report Date,Revenue,Cost of Revenue,Gross Profit,Operating Expenses,"Selling, General & Administrative",Research & Development,Depreciation & Amortization,Operating Income (Loss),Non-Operating Income (Loss),"Interest Expense, Net","Pretax Income (Loss), Adj.",Abnormal Gains (Losses),Pretax Income (Loss),"Income Tax (Expense) Benefit, Net",Income (Loss) from Continuing Operations,Net Extraordinary Gains (Losses),Net Income,Net Income (Common),"Cash, Cash Equivalents & Short Term Investments",Accounts & Notes Receivable,Inventories,Total Current Assets,"Property, Plant & Equipment, Net",Long Term Investments & Receivables,Other Long Term Assets,Total Noncurrent Assets,Total Assets,Payables & Accruals,Short Term Debt,Total Current Liabilities,Long Term Debt,Total Noncurrent Liabilities,Total Liabilities,Share Capital & Additional Paid-In Capital,Treasury Stock,Retained Earnings,Total Equity,Total Liabilities & Equity,Net Income/Starting Line,Depreciation & Amortization,Non-Cash Items,Change in Working Capital,Change in Accounts Receivable,Change in Inventories,Change in Accounts Payable,Change in Other,Net Cash from Operating Activities,Change in Fixed Assets & Intangibles,Net Change in Long Term Investment,Net Cash from Acquisitions & Divestitures,Net Cash from Investing Activities,Dividends Paid,Cash from (Repayment of) Debt,Cash from (Repurchase of) Equity,Net Cash from Financing Activities,Net Change in Cash,Price Date,Open,High,Low,Close,Adj Close,Volume
2009-03-31,374079000.0,-186157000.0,187922000.0,-138288000.0,-114035000.0,-21570000.0,-2683000.0,49634000.0,-14601000.0,-5241000.0,35033000,,35033000,-1154000.0,33879000,,33879000,33879000,130770000.0,288893000.0,158212000.0,651899000.0,274754000.0,,695143000.0,969897000.0,1621796000,276107000.0,9700000.0,360644000.0,467653000.0,740529000.0,1101173000,563525000.0,-868326000.0,880357000.0,520623000.0,1621796000,33879000.0,9732000.0,-1037000.0,-7703000.0,45366000.0,5504000.0,-30197000.0,-28376000.0,34871000.0,-10584000.0,,-170000.0,-10754000.0,,26050000.0,2960000.0,28728000.0,52697000,2009-03-31,51.13999938964844,52.70000076293945,50.56000137329102,51.33000183105469,51.33000183105469,523000.0
2009-06-30,407442000.0,-201208000.0,206234000.0,-147377000.0,-122488000.0,-22075000.0,-2814000.0,58857000.0,-6891000.0,-6760000.0,51966000,-13979000.0,37987000,-10256000.0,27731000,,27731000,27731000,119726000.0,286296000.0,157849000.0,643595000.0,290908000.0,,723106000.0,1014014000.0,1657609000,300541000.0,6006000.0,384970000.0,398464000.0,681351000.0,1066321000,566441000.0,-865629000.0,907040000.0,591288000.0,1657609000,27731000.0,10118000.0,-4115000.0,40289000.0,12247000.0,7106000.0,4277000.0,16659000.0,74023000.0,-11519000.0,,0.0,-11519000.0,,-75478000.0,1649000.0,-76326000.0,-11044000,2009-06-30,76.62000274658203,77.19999694824219,74.73999786376953,77.1500015258789,77.1500015258789,365700.0
2009-09-30,435650000.0,-210457000.0,225193000.0,-155232000.0,-129686000.0,-22309000.0,-3237000.0,69961000.0,-6987000.0,-6974000.0,62974000,-6064000.0,56910000,-15365000.0,41545000,,41545000,41545000,113948000.0,284965000.0,164761000.0,648516000.0,303219000.0,,728960000.0,1032179000.0,1680695000,337213000.0,10652000.0,424422000.0,318785000.0,604889000.0,1029311000,569654000.0,-862500000.0,946920000.0,651384000.0,1680695000,41545000.0,10810000.0,-2745000.0,29971000.0,8094000.0,-2292000.0,6064000.0,18105000.0,79581000.0,-12564000.0,,0.0,-12564000.0,,-76448000.0,1464000.0,-74516000.0,-5778000,2009-09-30,90.0,91.45999908447266,89.54000091552734,90.58999633789062,90.58999633789062,221100.0
2009-12-31,511682000.0,-241694000.0,269988000.0,-165809000.0,-138968000.0,-23731000.0,-3110000.0,104179000.0,1978000.0,-6142000.0,106157000,-11325000.0,94832000,-25394000.0,69438000,,69438000,69438000,85031000.0,312998000.0,168042000.0,646107000.0,316334000.0,,756346000.0,1072680000.0,1718787000,330112000.0,89968000.0,494675000.0,203590000.0,512974000.0,1007649000,574482000.0,-857130000.0,1009995000.0,711138000.0,1718787000,69438000.0,10818000.0,21059000.0,-57185000.0,-28636000.0,-2501000.0,10440000.0,-36488000.0,44130000.0,-23293000.0,,-14450000.0,-37743000.0,,-35500000.0,-993000.0,-35329000.0,-28917000,2009-12-31,106.27999877929688,106.48999786376952,104.83999633789062,104.98999786376952,104.98999786376952,85500.0
2010-03-31,416651000.0,-198725000.0,217926000.0,-160860000.0,-135014000.0,-22465000.0,-3381000.0,57066000.0,-5508000.0,-5254000.0,51558000,-384000.0,51174000,-13306000.0,37868000,,37868000,37868000,85883000.0,304121000.0,177047000.0,649769000.0,310631000.0,,755004000.0,1065635000.0,1715404000,309562000.0,92766000.0,498921000.0,203870000.0,504666000.0,1003587000,578679000.0,-880652000.0,1045479000.0,711817000.0,1715404000,37868000.0,10828000.0,318000.0,-4520000.0,3949000.0,-11023000.0,-2134000.0,4688000.0,44494000.0,-10424000.0,,-12528000.0,-22952000.0,,4652000.0,-26176000.0,-20413000.0,852000,2010-03-31,110.30999755859376,110.77999877929688,109.1999969482422,109.1999969482422,109.1999969482422,124900.0
2010-06-30,468549000.0,-221924000.0,246625000.0,-170272000.0,-143602000.0,-23105000.0,-3565000.0,76353000.0,-5441000.0,-4711000.0,70912000,-1526000.0,69386000,-18039000.0,51347000,,51347000,51347000,111591000.0,310071000.0,185173000.0,690863000.0,302606000.0,,752325000.0,1054931000.0,1745794000,340436000.0,90837000.0,528973000.0,204247000.0,499629000.0,1028602000,584025000.0,-914037000.0,1092977000.0,717192000.0,1745794000,51347000.0,10583000.0,-1432000.0,14266000.0,-14646000.0,-12610000.0,11615000.0,29907000.0,74764000.0,-9277000.0,,-29000.0,-9306000.0,,433000.0,-37234000.0,-38732000.0,25708000,2010-06-30,110.04000091552734,112.44000244140624,109.97000122070312,111.62999725341795,111.62999725341795,219100.0
2010-09-30,490213000.0,-234158000.0,256055000.0,-173962000.0,-145303000.0,-24992000.0,-3667000.0,82093000.0,-4665000.0,-4792000.0,77428000,-566000.0,76862000,-14781000.0,62081000,,62081000,62081000,142884000.0,331954000.0,215316000.0,786729000.0,334803000.0,,786095000.0,1120898000.0,1907627000,409704000.0,89350000.0,606024000.0,245866000.0,546060000.0,1152084000,587907000.0,-985134000.0,1153015000.0,755543000.0,1907627000,62081000.0,11463000.0,-491000.0,12959000.0,-6704000.0,-17981000.0,5627000.0,32017000.0,86012000.0,-18706000.0,,0.0,-18706000.0,,36497000.0,-73140000.0,-39354000.0,31293000,2010-09-30,125.0,126.83000183105469,124.26000213623048,124.44000244140624,124.44000244140624,274100.0
2010-12-31,592765000.0,-276175000.0,316590000.0,-195502000.0,-164807000.0,-26466000.0,-4229000.0,121088000.0,-8607000.0,-5300000.0,112481000,-2390000.0,110091000,-29239000.0,80852000,,80852000,80852000,447577000.0,368936000.0,217104000.0,1144895000.0,364472000.0,,773696000.0,1138168000.0,2283063000,426833000.0,10902000.0,542186000.0,670301000.0,969293000.0,1511479000,597643000.0,-1057390000.0,1223130000.0,771584000.0,2283063000,80852000.0,11654000.0,12530000.0,-42027000.0,-37624000.0,1197000.0,16588000.0,-22188000.0,63009000.0,-35186000.0,,9243000.0,-26051000.0,,343457000.0,-82993000.0,266422000.0,304693000,2010-12-31,152.11000061035156,152.97000122070312,151.2100067138672,151.2100067138672,151.2100067138672,63400.0
2011-03-31,498766000.0,-237259000.0,261507000.0,-191351000.0,-161378000.0,-26351000.0,-3622000.0,70156000.0,-6380000.0,-5711000.0,63776000,-498000.0,63278000,-16451000.0,46827000,,46827000,46827000,388102000.0,365578000.0,247190000.0,1117197000.0,380743000.0,,800906000.0,1181649000.0,2298846000,381114000.0,22583000.0,524413000.0,677833000.0,985456000.0,1509869000,603409000.0,-1108874000.0,1267325000.0,788977000.0,2298846000,46827000.0,11005000.0,-5780000.0,-45528000.0,14604000.0,-22238000.0,-6457000.0,-31437000.0,6524000.0,-17511000.0,,-14532000.0,-32945000.0,,17296000.0,-54116000.0,-34560000.0,-59475000,2011-03-31,170.47000122070312,172.24000549316406,170.47000122070312,172.0,172.0,115200.0
2011-06-30,561088000.0,-264897000.0,296191000.0,-205984000.0,-172054000.0,-29605000.0,-4325000.0,90207000.0,-6899000.0,-5692000.0,83308000,-1971000.0,81337000,-21149000.0,60188000,,60188000,60188000,328763000.0,382089000.0,268154000.0,1098169000.0,416872000.0,,826238000.0,1243110000.0,2341279000,427123000.0,12626000.0,565995000.0,621359000.0,936879000.0,1502874000,608991000.0,-1159848000.0,1325007000.0,838405000.0,2341279000,60188000.0,11796000.0,-2002000.0,17047000.0,-10483000.0,-11390000.0,13331000.0,25589000.0,87029000.0,-20704000.0,,-931000.0,-21615000.0,,-75053000.0,-53480000.0,-125795000.0,-59339000,2011-06-30,166.02999877929688,171.9600067138672,165.83999633789062,168.6699981689453,168.6699981689453,229200.0
2011-09-30,601114000.0,-286697000.0,314417000.0,-220695000.0,-185832000.0,-30068000.0,-4795000.0,93722000.0,-6302000.0,-5893000.0,87420000,-362000.0,87058000,-18862000.0,68196000,,68196000,68196000,262473000.0,398402000.0,265351000.0,1053146000.0,408156000.0,,834135000.0,1242291000.0,2295437000,464548000.0,31143000.0,617283000.0,550554000.0,858745000.0,1476028000,613839000.0,-1210808000.0,1391781000.0,819409000.0,2295437000,68196000.0,13311000.0,31000.0,2573000.0,-22508000.0,-4690000.0,17337000.0,12434000.0,84111000.0,-23889000.0,,-19199000.0,-43109000.0,,-46976000.0,-52394000.0,-105970000.0,-66290000,2011-09-30,140.82000732421875,144.57000732421875,138.58000183105472,139.96000671386722,139.96000671386722,333700.0
2011-12-31,648360000.0,-302201000.0,346159000.0,-219549000.0,-184368000.0,-30115000.0,-5066000.0,126610000.0,-6025000.0,-5930000.0,120585000,-3081000.0,117504000,-23222000.0,94282000,,94282000,94282000,235601000.0,425147000.0,241421000.0,1018863000.0,410007000.0,,774604000.0,1184611000.0,2203474000,463508000.0,28300000.0,609844000.0,476715000.0,812493000.0,1422337000,616650000.0,-1225125000.0,1476550000.0,781137000.0,2203474000,94282000.0,13385000.0,9477000.0,-13928000.0,-35577000.0,18037000.0,3340000.0,272000.0,103216000.0,-33911000.0,,-711000.0,-34622000.0,,-73362000.0,-23818000.0,-94144000.0,-26872000,2011-12-30,147.9499969482422,148.77999877929688,146.77999877929688,147.7100067138672,147.7100067138672,71300.0
2012-03-31,535400000.0,-258298000.0,277102000.0,-201507000.0,-167641000.0,-28667000.0,-5199000.0,75595000.0,-5979000.0,-5823000.0,69616000,-308000.0,69308000,-16981000.0,52327000,,52327000,52327000,156192000.0,389118000.0,238176000.0,905582000.0,425746000.0,,782115000.0,1207861000.0,2113443000,378428000.0,28817000.0,525419000.0,444858000.0,781051000.0,1306470000,620251000.0,-1270206000.0,1523075000.0,806973000.0,2113443000,52327000.0,12974000.0,1848000.0,-46352000.0,41057000.0,8300000.0,-38231000.0,-57478000.0,20797000.0,-18442000.0,,,-18442000.0,,-32999000.0,-50883000.0,-83770000.0,-79409000,2012-03-30,183.05999755859372,186.42999267578125,181.97000122070312,184.75,184.75,216300.0
2012-06-30,570283000.0,-271275000.0,299008000.0,-203308000.0,-169985000.0,-27966000.0,-5357000.0,95700000.0,-6139000.0,-5706000.0,89561000,-7835000.0,81726000,-20022000.0,61704000,,61704000,61704000,134766000.0,397238000.0,217231000.0,860976000.0,427666000.0,,766984000.0,1194650000.0,2055626000,382317000.0,27075000.0,523002000.0,431730000.0,757650000.0,1280652000,622902000.0,-1341120000.0,1584074000.0,774974000.0,2055626000,61704000.0,13688000.0,266000.0,15594000.0,-17412000.0,13532000.0,504000.0,18970000.0,91252000.0,-24638000.0,,-1541000.0,-26179000.0,,-12800000.0,-71619000.0,-84734000.0,-21426000,2012-06-29,155.72000122070312,156.82000732421875,155.2899932861328,155.85000610351562,155.85000610351562,221600.0
2012-09-30,578553000.0,-270396000.0,308157000.0,-204132000.0,-171021000.0,-27896000.0,-5215000.0,104025000.0,-5302000.0,-5568000.0,98723000,-3118000.0,95605000,-23422000.0,72183000,,72183000,72183000,105374000.0,406570000.0,214893000.0,838363000.0,445024000.0,,778018000.0,1223042000.0,2061405000,415718000.0,36570000.0,555238000.0,379060000.0,707923000.0,1263161000,626376000.0,-1407740000.0,1653715000.0,798244000.0,2061405000,72183000.0,13387000.0,1101000.0,17258000.0,-3459000.0,6372000.0,-1130000.0,15475000.0,103929000.0,-20868000.0,,-557000.0,-21425000.0,,-44352000.0,-69162000.0,-113593000.0,-29392000,2012-09-28,171.92999267578125,172.39999389648438,170.50999450683594,170.74000549316406,170.74000549316406,126400.0
2012-12-31,657292000.0,-300504000.0,356788000.0,-208966000.0,-175379000.0,-28001000.0,-5586000.0,147822000.0,-6434000.0,-5667000.0,141388000,-5426000.0,135962000,-31329000.0,104633000,,104633000,104633000,101702000.0,437390000.0,198939000.0,864237000.0,469421000.0,,688630000.0,1158051000.0,2022288000,433611000.0,41600000.0,561994000.0,347131000.0,633075000.0,1195069000,639153000.0,-1463924000.0,1749451000.0,827219000.0,2022288000,104633000.0,14729000.0,7480000.0,-15116000.0,-28946000.0,18627000.0,10976000.0,-15773000.0,111726000.0,-31214000.0,,0.0,-31214000.0,,-27533000.0,-65081000.0,-84300000.0,-3672000,2012-12-31,188.80999755859372,193.47999572753903,187.5399932861328,193.3000030517578,193.3000030517578,93400.0
2013-03-31,524355000.0,-245197000.0,279158000.0,-198847000.0,-166025000.0,-27700000.0,-5122000.0,80311000.0,-6173000.0,-5400000.0,74138000,-5002000.0,69136000,-16592000.0,52544000,,52544000,52544000,93209000.0,410650000.0,199574000.0,828938000.0,466165000.0,,775503000.0,1241668000.0,2070606000,362072000.0,17959000.0,478295000.0,421913000.0,792089000.0,1270384000,641958000.0,-1525455000.0,1798295000.0,800222000.0,2070606000,52544000.0,14003000.0,-779000.0,-42096000.0,20650000.0,-5017000.0,-25352000.0,-32377000.0,23672000.0,-18982000.0,,0.0,-18982000.0,,52625000.0,-65231000.0,-12833000.0,-8493000,2013-03-28,212.8300018310547,214.07000732421875,211.5800018310547,213.22000122070312,213.22000122070312,217300.0
2013-06-30,578680000.0,-269837000.0,308843000.0,-208244000.0,-173434000.0,-29003000.0,-5807000.0,100599000.0,-6530000.0,-5543000.0,94069000,-3196000.0,90873000,-21811000.0,69062000,,69062000,69062000,120217000.0,418031000.0,203288000.0,875376000.0,474050000.0,,784011000.0,1258061000.0,2133437000,389899000.0,17931000.0,509026000.0,443727000.0,813309000.0,1322335000,645005000.0,-1588676000.0,1863514000.0,811102000.0,2133437000,69062000.0,14373000.0,833000.0,6692000.0,-8067000.0,-3141000.0,5546000.0,12354000.0,90960000.0,-17684000.0,,-213000.0,-17897000.0,,22157000.0,-67064000.0,-45331000.0,27008000,2013-06-28,201.94000244140625,202.94000244140625,200.8800048828125,201.1999969482422,201.1999969482422,287200.0
2013-09-30,591687000.0,-273114000.0,318573000.0,-209167000.0,-173446000.0,-29046000.0,-6675000.0,109406000.0,-6078000.0,-5557000.0,103328000,-5532000.0,97796000,-23470000.0,74326000,,74326000,74326000,92222000.0,402708000.0,219178000.0,848875000.0,497277000.0,,797864000.0,1295141000.0,2144016000,424666000.0,16019000.0,538975000.0,384871000.0,757399000.0,1296374000,648141000.0,-1655051000.0,1935087000.0,847642000.0,2144016000,74326000.0,15252000.0,969000.0,32236000.0,21258000.0,-11192000.0,-4008000.0,26178000.0,122783000.0,-20126000.0,,0.0,-20126000.0,,-61689000.0,-69128000.0,-131451000.0,-27995000,2013-09-30,236.30999755859372,241.97999572753903,236.22000122070312,240.08999633789062,240.08999633789062,158900.0
2013-12-31,684250000.0,-308893000.0,375357000.0,-217320000.0,-179788000.0,-30597000.0,-6935000.0,158037000.0,-7033000.0,-6211000.0,151004000,-6100000.0,144904000,-34742000.0,110162000,,110162000,110162000,111874000.0,466703000.0,210414000.0,913987000.0,514438000.0,,724394000.0,1238832000.0,2152819000,447819000.0,17067000.0,564188000.0,395960000.0,653579000.0,1217767000,653698000.0,-1721030000.0,2037420000.0,935052000.0,2152819000,110162000.0,15676000.0,19083000.0,-36408000.0,-62836000.0,10866000.0,24109000.0,-8547000.0,108513000.0,-25346000.0,,-2448000.0,-29018000.0,,11921000.0,-73808000.0,-60277000.0,19652000,2013-12-31,242.4499969482422,243.2899932861328,242.0800018310547,242.58999633789062,242.58999633789062,113200.0
2014-03-31,550621000.0,-257980000.0,292641000.0,-208782000.0,-172191000.0,-29497000.0,-7094000.0,83859000.0,-5983000.0,-5666000.0,77876000,-1492000.0,76384000,-18333000.0,58051000,,58051000,58051000,115804000.0,425161000.0,224420000.0,890105000.0,517686000.0,,727346000.0,1245032000.0,2135137000,377983000.0,16255000.0,509195000.0,449582000.0,702338000.0,1211533000,661394000.0,-1796550000.0,2091943000.0,923604000.0,2135137000,58051000.0,15514000.0,-1952000.0,-28768000.0,41500000.0,-13543000.0,-26550000.0,-30175000.0,42845000.0,-16527000.0,,-391000.0,-17153000.0,,52650000.0,-79048000.0,-21903000.0,3930000,2014-03-31,233.42999267578125,236.2899932861328,231.8600006103516,235.67999267578125,235.67999267578125,257200.0
2014-06-30,608834000.0,-280658000.0,328176000.0,-222511000.0,-183103000.0,-32125000.0,-7283000.0,105665000.0,-6362000.0,-5956000.0,99303000,-1905000.0,97398000,-23376000.0,74022000,,74022000,74022000,111012000.0,427495000.0,224448000.0,886388000.0,521884000.0,,735148000.0,1257032000.0,2143420000,405097000.0,121306000.0,640381000.0,345364000.0,595325000.0,1235706000,669770000.0,-1888911000.0,2162428000.0,907714000.0,2143420000,74022000.0,15737000.0,-4482000.0,22855000.0,-1533000.0,-190000.0,21092000.0,3486000.0,108132000.0,-20297000.0,,-2864000.0,-23007000.0,,757000.0,-95898000.0,-90067000.0,-4792000,2014-06-30,250.9499969482422,253.33999633789062,250.25,253.17999267578125,253.17999267578125,135200.0
2014-09-30,629100000.0,-285549000.0,343551000.0,-224049000.0,-186499000.0,-30352000.0,-7198000.0,119502000.0,-6616000.0,-5991000.0,112886000,-1050000.0,111836000,-26840000.0,84996000,,84996000,84996000,126311000.0,410900000.0,219714000.0,872912000.0,512091000.0,,722452000.0,1234543000.0,2107455000,421752000.0,120025000.0,650884000.0,365007000.0,607631000.0,1258515000,673941000.0,-1991994000.0,2243022000.0,848940000.0,2107455000,84996000.0,15793000.0,-244000.0,26716000.0,3346000.0,-4291000.0,-7722000.0,35383000.0,127261000.0,-24151000.0,,-130000.0,-24018000.0,,21041000.0,-107485000.0,-86495000.0,15299000,2014-09-30,256.5599975585937,258.1400146484375,255.0200042724609,256.1300048828125,256.1300048828125,159300.0
2014-12-31,697428000.0,-303046000.0,394382000.0,-225722000.0,-186789000.0,-31323000.0,-7610000.0,168660000.0,-7806000.0,-6924000.0,160854000,-1468000.0,159386000,-38214000.0,121172000,,121172000,121172000,85263000.0,435648000.0,204531000.0,849430000.0,511462000.0,,648218000.0,1159680000.0,2009110000,461830000.0,116164000.0,678890000.0,335790000.0,610625000.0,1289515000,670866000.0,-2095656000.0,2357334000.0,719595000.0,2009110000,121172000.0,15758000.0,32305000.0,-28561000.0,-35821000.0,8722000.0,19478000.0,-20940000.0,140674000.0,-27685000.0,,-2399000.0,-30143000.0,,-31483000.0,-110522000.0,-149766000.0,-41048000,2014-12-31,305.2699890136719,308.6700134277344,302.3999938964844,302.4599914550781,302.4599914550781,108900.0
2015-03-31,535701000.0,-236896000.0,298805000.0,-209027000.0,-173038000.0,-28461000.0,-7528000.0,89778000.0,-5908000.0,-6725000.0,83870000,-907000.0,82963000,-19912000.0,63051000,,63051000,63051000,75359000.0,382385000.0,218663000.0,814850000.0,510518000.0,,650297000.0,1160815000.0,1975665000,401366000.0,114693000.0,637703000.0,409179000.0,671834000.0,1309537000,674803000.0,-2205272000.0,2415802000.0,666128000.0,1975665000,63051000.0,15829000.0,1369000.0,-21653000.0,38179000.0,-17703000.0,-13927000.0,-28202000.0,58596000.0,-18497000.0,,-200000.0,-27081000.0,,73510000.0,-114199000.0,-40248000.0,-9904000,2015-03-31,321.9200134277344,331.0199890136719,321.9200134277344,328.6499938964844,328.6499938964844,156100.0
2015-06-30,582057000.0,-259145000.0,322912000.0,-212236000.0,-174808000.0,-29794000.0,-7634000.0,110676000.0,-6909000.0,-6942000.0,103767000,-1720000.0,102047000,-24490000.0,77557000,,77557000,77557000,149309000.0,402404000.0,223275000.0,912664000.0,522195000.0,,662090000.0,1184285000.0,2096949000,434505000.0,23353000.0,579540000.0,605141000.0,863158000.0,1442698000,679125000.0,-2316441000.0,2488992000.0,654251000.0,2096949000,77557000.0,15991000.0,1742000.0,9899000.0,-16415000.0,-956000.0,6334000.0,20936000.0,105189000.0,-17299000.0,,-100000.0,-21826000.0,,106017000.0,-115536000.0,-9536000.0,73950000,2015-06-30,342.0,342.3699951171875,338.7300109863281,341.4599914550781,341.4599914550781,133300.0
2015-09-30,604154000.0,-264625000.0,339529000.0,-213024000.0,-175546000.0,-29711000.0,-7767000.0,126505000.0,-7021000.0,-7029000.0,119484000,-2561000.0,116923000,-28062000.0,88861000,,88861000,88861000,98887000.0,411420000.0,214383000.0,862815000.0,517229000.0,,636595000.0,1153824000.0,2016639000,469375000.0,14488000.0,595127000.0,575138000.0,841055000.0,1436182000,698018000.0,-2543229000.0,2692317000.0,580457000.0,2016639000,88861000.0,16087000.0,2739000.0,18354000.0,4359000.0,-8355000.0,2238000.0,20112000.0,126041000.0,-20679000.0,,-10669000.0,-24100000.0,,-4416000.0,-119654000.0,-124080000.0,-26010000,2015-09-30,285.80999755859375,288.239990234375,282.8900146484375,284.739990234375,284.739990234375,319000.0
2015-12-31,673535000.0,-282788000.0,390747000.0,-216550000.0,-177418000.0,-31110000.0,-8022000.0,174197000.0,-6746000.0,-6755000.0,167451000,-5960000.0,161491000,-38140000.0,123351000,,123351000,123351000,98887000.0,411420000.0,214383000.0,795332000.0,517229000.0,,646774000.0,1164003000.0,1959335000,454895000.0,14488000.0,558212000.0,575138000.0,820666000.0,1378878000,698018000.0,-2543229000.0,2692317000.0,580457000.0,1959335000,123351000.0,16131000.0,15665000.0,-5176000.0,-24498000.0,8229000.0,7053000.0,4040000.0,149971000.0,-25082000.0,,-2810000.0,-27744000.0,,-27724000.0,-116021000.0,-146097000.0,-24412000,2015-12-31,342.5199890136719,344.7200012207031,338.7200012207031,339.1300048828125,339.1300048828125,83800.0
2016-03-31,539674000.0,-239767000.0,299907000.0,-206318000.0,-168921000.0,-28973000.0,-8424000.0,93589000.0,-6296000.0,-6580000.0,87293000,-880000.0,86413000,-20739000.0,65674000,,65674000,65674000,110595000.0,387296000.0,227323000.0,866699000.0,521496000.0,,647078000.0,1168574000.0,2035273000,401786000.0,17381000.0,544792000.0,681872000.0,947148000.0,1491940000,707479000.0,-2660782000.0,2756453000.0,543333000.0,2035273000,65674000.0,16546000.0,-5530000.0,-40990000.0,28610000.0,-10267000.0,-21905000.0,-37428000.0,35700000.0,-14213000.0,,-4329000.0,-16414000.0,,104946000.0,-119091000.0,-8465000.0,11708000,2016-03-31,343.5299987792969,345.79998779296875,340.7799987792969,344.760009765625,344.760009765625,123800.0
2016-06-30,608286000.0,-260710000.0,347576000.0,-227154000.0,-187798000.0,-30701000.0,-8655000.0,120422000.0,-15045000.0,-6872000.0,105377000,-2205000.0,103172000,-23584000.0,79588000,,79588000,79588000,114646000.0,407972000.0,234006000.0,900260000.0,514312000.0,,647175000.0,1161487000.0,2061747000,429345000.0,20945000.0,591108000.0,693263000.0,978677000.0,1569785000,716419000.0,-2776454000.0,2834772000.0,491962000.0,2061747000,79588000.0,16649000.0,12015000.0,18425000.0,-23421000.0,-9762000.0,13232000.0,38376000.0,126677000.0,-14427000.0,,0.0,-15480000.0,,17930000.0,-116941000.0,-105371000.0,4051000,2016-06-30,360.5199890136719,364.95001220703125,359.489990234375,364.9200134277344,364.9200134277344,361400.0
2016-09-30,650598000.0,-281104000.0,369494000.0,-226906000.0,-187680000.0,-30139000.0,-9087000.0,142588000.0,-7770000.0,-7167000.0,134818000,-1494000.0,133324000,-31992000.0,101332000,,101332000,101332000,158674000.0,454988000.0,222047000.0,896784000.0,563707000.0,,706286000.0,1269993000.0,2166777000,468211000.0,18974000.0,587515000.0,875056000.0,1144319000.0,1731834000,731004000.0,-3006771000.0,3065708000.0,434943000.0,2166777000,101332000.0,17498000.0,1493000.0,24613000.0,-468000.0,172000.0,-3311000.0,28220000.0,144936000.0,-22233000.0,,-105352000.0,-126629000.0,,131199000.0,-118775000.0,12424000.0,31487000,2016-09-30,408.7300109863281,421.239990234375,408.42999267578125,419.8299865722656,419.8299865722656,363300.0
2016-12-31,709699000.0,-291089000.0,418610000.0,-228264000.0,-188223000.0,-30155000.0,-9886000.0,190346000.0,-7406000.0,-7407000.0,182940000,-1656000.0,181284000,-43508000.0,137776000,,137776000,137776000,158674000.0,454988000.0,222047000.0,896784000.0,563707000.0,,706286000.0,1269993000.0,2166777000,468211000.0,18974000.0,587515000.0,875056000.0,1144319000.0,1731834000,731004000.0,-3006771000.0,3065708000.0,434943000.0,2166777000,137776000.0,18102000.0,17576000.0,-20009000.0,-56872000.0,7426000.0,21617000.0,7820000.0,153445000.0,-72661000.0,,-1700000.0,-72933000.0,,57521000.0,-119714000.0,-62193000.0,12541000,2016-12-30,421.9800109863281,423.5899963378906,417.0299987792969,418.55999755859375,418.55999755859375,124200.0
2017-03-31,594567000.0,-251667000.0,342900000.0,-225609000.0,-184172000.0,-31392000.0,-10045000.0,117291000.0,-2011000.0,-7741000.0,115280000,-1432000.0,113848000,-21382000.0,92466000,,92466000,92466000,164893000.0,439413000.0,242375000.0,912865000.0,572058000.0,,718841000.0,1290899000.0,2203764000,408756000.0,19476000.0,561162000.0,944211000.0,1202750000.0,1763912000,734826000.0,-3121111000.0,3157257000.0,439852000.0,2203764000,92466000.0,18011000.0,-1052000.0,-41826000.0,23289000.0,-15795000.0,-10614000.0,-38706000.0,67599000.0,-11012000.0,,,-10700000.0,,62851000.0,-116796000.0,-53945000.0,6219000,2017-03-31,477.510009765625,481.4400024414063,477.510009765625,478.9100036621094,478.9100036621094,155800.0
2017-06-30,653656000.0,-278044000.0,375612000.0,-238455000.0,-195624000.0,-32582000.0,-10249000.0,137157000.0,-6287000.0,-8171000.0,130870000,-4023000.0,126847000,-25267000.0,101580000,,101580000,101580000,146334000.0,448098000.0,253734000.0,913753000.0,600900000.0,,733297000.0,1334197000.0,2247950000,441011000.0,21608000.0,588809000.0,947781000.0,1197222000.0,1786031000,738797000.0,-3235176000.0,3256684000.0,461919000.0,2247950000,101580000.0,18202000.0,1841000.0,16155000.0,252000.0,-5369000.0,3438000.0,17834000.0,137778000.0,-27308000.0,,-697000.0,-29350000.0,,-5092000.0,-116218000.0,-128515000.0,-18559000,2017-06-30,585.3099975585938,590.6500244140625,583.9299926757812,588.5399780273438,588.5399780273438,142100.0
2017-09-30,698799000.0,-297824000.0,400975000.0,-249952000.0,-207033000.0,-32203000.0,-10716000.0,151023000.0,-8011000.0,-8248000.0,143012000,-3385000.0,139627000,-34677000.0,104950000,,104950000,104950000,148687000.0,528615000.0,255390000.0,1006723000.0,668271000.0,,874811000.0,1543082000.0,2549805000,562830000.0,19677000.0,689673000.0,960170000.0,1312852000.0,2002525000,747586000.0,-3368182000.0,3433282000.0,547280000.0,2549805000,104950000.0,19218000.0,113000.0,21577000.0,-21650000.0,-2432000.0,1319000.0,44340000.0,145858000.0,-37069000.0,,-107748000.0,-140068000.0,,93874000.0,-78669000.0,15205000.0,22752000,2017-09-29,623.9099731445312,628.530029296875,623.1699829101562,626.1599731445312,626.1599731445312,93100.0
2017-12-31,778031000.0,-324205000.0,453826000.0,-245384000.0,-200635000.0,-33088000.0,-11661000.0,208442000.0,-10610000.0,-8625000.0,197832000,-3932000.0,193900000,-116924000.0,76976000,,76976000,76976000,98949000.0,483919000.0,278318000.0,927372000.0,696890000.0,,887645000.0,1584535000.0,2511907000,491295000.0,14883000.0,636882000.0,978715000.0,1314278000.0,1951160000,751940000.0,-3481032000.0,3526355000.0,560747000.0,2511907000,76976000.0,20698000.0,81766000.0,-14350000.0,-40876000.0,9916000.0,17742000.0,-1132000.0,165090000.0,-40064000.0,,0.0,-37226000.0,,-92610000.0,-59665000.0,-152275000.0,-20399000,2017-12-29,625.2000122070312,629.4099731445312,619.22998046875,619.52001953125,619.52001953125,137800.0
2018-03-31,660821000.0,-285888000.0,374933000.0,-247122000.0,-200674000.0,-34713000.0,-11735000.0,127811000.0,-5959000.0,-8359000.0,121852000,-4413000.0,117439000,-24135000.0,93304000,,93304000,93304000,98949000.0,483919000.0,278318000.0,927372000.0,696890000.0,,887645000.0,1584535000.0,2511907000,491295000.0,14883000.0,636882000.0,978715000.0,1314278000.0,1951160000,751940000.0,-3481032000.0,3526355000.0,560747000.0,2511907000,93304000.0,20892000.0,-3331000.0,-34301000.0,54302000.0,-15707000.0,-3451000.0,-69445000.0,76564000.0,-25267000.0,,-500000.0,-22463000.0,,5398000.0,-113081000.0,-107683000.0,-49738000,2018-03-29,572.4199829101562,587.6099853515625,571.5,575.030029296875,575.030029296875,275300.0
2018-06-30,721996000.0,-309371000.0,412625000.0,-255309000.0,-208024000.0,-35315000.0,-11970000.0,157316000.0,-6393000.0,-8309000.0,150923000,-7321000.0,143602000,-32134000.0,111468000,,111468000,111468000,183190000.0,486203000.0,270047000.0,1003307000.0,678706000.0,,876203000.0,1554909000.0,2558216000,509930000.0,52052000.0,688817000.0,1020420000.0,1336965000.0,2025782000,755822000.0,-3595296000.0,3637629000.0,532434000.0,2558216000,111468000.0,21419000.0,258000.0,7050000.0,-19793000.0,-4252000.0,8876000.0,22219000.0,140195000.0,-31789000.0,,0.0,-28051000.0,,95258000.0,-114458000.0,-20835000.0,84241000,2018-06-29,575.0700073242188,584.6500244140625,573.6400146484375,578.6300048828125,578.6300048828125,253500.0
2018-09-30,734846000.0,-315592000.0,419254000.0,-249145000.0,-202451000.0,-34838000.0,-11856000.0,170109000.0,-7524000.0,-9003000.0,162585000,-2222000.0,160363000,-33710000.0,126653000,,126653000,126653000,137448000.0,494887000.0,277266000.0,971499000.0,697689000.0,,888476000.0,1586165000.0,2557664000,518190000.0,55753000.0,697469000.0,988894000.0,1328580000.0,2026049000,760091000.0,-3708805000.0,3763858000.0,531615000.0,2557664000,126653000.0,21139000.0,971000.0,911000.0,-8492000.0,-6265000.0,-13178000.0,28846000.0,149674000.0,-31800000.0,,-4462000.0,-44084000.0,,-32086000.0,-113933000.0,-146048000.0,-45742000,2018-09-28,610.0,614.9000244140625,606.6099853515625,608.97998046875,608.97998046875,141100.0
2018-12-31,817923000.0,-340357000.0,477566000.0,-249821000.0,-201653000.0,-36205000.0,-11963000.0,227745000.0,7173000.0,-8840000.0,234918000,-4464000.0,230454000,-49268000.0,181186000,,181186000,181186000,178110000.0,535528000.0,268821000.0,1045860000.0,717526000.0,,855461000.0,1572987000.0,2618847000,579383000.0,49670000.0,734434000.0,985021000.0,1294350000.0,2028784000,765165000.0,-3814604000.0,3941916000.0,590063000.0,2618847000,181186000.0,21241000.0,4347000.0,-8202000.0,-45557000.0,5029000.0,41424000.0,-9098000.0,198572000.0,-45680000.0,,-565000.0,-44346000.0,,-4279000.0,-108927000.0,-113456000.0,40662000,2018-12-31,561.4199829101561,567.1500244140625,558.3400268554689,565.5800170898438,565.5800170898438,89800.0
2019-03-31,679452000.0,-291133000.0,388319000.0,-252700000.0,-204425000.0,-36053000.0,-12222000.0,135619000.0,-8420000.0,-9094000.0,127199000,-1523000.0,125676000,-13871000.0,111805000,,111805000,111805000,126480000.0,489281000.0,282087000.0,969384000.0,722926000.0,,944387000.0,1667313000.0,2636697000,525204000.0,53798000.0,707964000.0,1008485000.0,1366983000.0,2074947000,770398000.0,-3972597000.0,4053703000.0,561750000.0,2636697000,111805000.0,21989000.0,-10435000.0,-24564000.0,45410000.0,-13092000.0,-24326000.0,-32556000.0,98795000.0,-22332000.0,,,-17530000.0,,31061000.0,-157260000.0,-136199000.0,-51630000,2019-03-29,710.8200073242188,724.27001953125,710.780029296875,723.0,723.0,173500.0
2019-06-30,731366000.0,-311828000.0,419538000.0,-254123000.0,-205215000.0,-36582000.0,-12326000.0,165415000.0,-7308000.0,-8882000.0,158107000,-2891000.0,155216000,-28056000.0,127160000,,127160000,127160000,124439000.0,498723000.0,286347000.0,981446000.0,728007000.0,,951405000.0,1679412000.0,2660858000,526629000.0,51918000.0,707251000.0,1087874000.0,1449521000.0,2156772000,774736000.0,-4149540000.0,4180323000.0,504086000.0,2660858000,127160000.0,21949000.0,4344000.0,-26383000.0,-8736000.0,-3756000.0,-11890000.0,-2001000.0,127070000.0,-21151000.0,,-504000.0,-27683000.0,,75040000.0,-177483000.0,-100690000.0,-2041000,2019-06-28,835.2999877929688,840.0,825.469970703125,840.0,840.0,171100.0
2019-09-30,753866000.0,-318810000.0,435056000.0,-251170000.0,-202826000.0,-36015000.0,-12329000.0,183886000.0,-7795000.0,-9800000.0,176091000,-6732000.0,169359000,-39964000.0,129395000,,129395000,129395000,120534000.0,503247000.0,280978000.0,963808000.0,722592000.0,,949469000.0,1672061000.0,2635869000,543753000.0,48577000.0,719255000.0,1124279000.0,1478313000.0,2197568000,779316000.0,-4335747000.0,4309718000.0,438301000.0,2635869000,129395000.0,22287000.0,1411000.0,22783000.0,-13578000.0,-646000.0,-9443000.0,46450000.0,175876000.0,-26896000.0,,-1500000.0,-31269000.0,,40815000.0,-186090000.0,-145275000.0,-3905000,2019-09-30,701.6199951171875,709.530029296875,701.1099853515625,704.4000244140625,704.4000244140625,176200.0
2019-12-31,843968000.0,-345670000.0,498298000.0,-254830000.0,-206717000.0,-35300000.0,-12813000.0,243468000.0,-7711000.0,-9635000.0,235757000,-4614000.0,231143000,-38394000.0,192749000,,192749000,192749000,207785000.0,566256000.0,274285000.0,1109647000.0,748657000.0,,931017000.0,1679674000.0,2789321000,576155000.0,55868000.0,754512000.0,1235350000.0,1614029000.0,2368541000,784319000.0,-4539154000.0,4499288000.0,420780000.0,2789321000,192749000.0,22456000.0,18468000.0,-31964000.0,-54504000.0,12891000.0,33438000.0,-23789000.0,201709000.0,-25540000.0,,0.0,-22601000.0,,111381000.0,-206585000.0,-95204000.0,87251000,2019-12-31,790.7100219726562,794.3200073242188,783.7899780273438,793.280029296875,793.280029296875,81600.0
2020-03-31,649162000.0,-274753000.0,374409000.0,-247129000.0,-198744000.0,-34387000.0,-13998000.0,127280000.0,-6876000.0,-10219000.0,120404000,-1905000.0,118499000,-20384000.0,98115000,,98115000,98115000,323585000.0,518556000.0,292110000.0,1200865000.0,742651000.0,,942264000.0,1684915000.0,2885780000,478604000.0,56398000.0,679838000.0,1513020000.0,1899545000.0,2579383000,788714000.0,-4729799000.0,4595183000.0,306397000.0,2885780000,98115000.0,24131000.0,677000.0,-57408000.0,39906000.0,-20674000.0,-15050000.0,-61590000.0,65515000.0,-18835000.0,,-5610000.0,-34453000.0,,280949000.0,-192865000.0,87284000.0,115800000,2020-03-31,677.8300170898438,709.989990234375,671.8300170898438,690.510009765625,690.510009765625,221800.0
2020-06-30,690673000.0,-292703000.0,397970000.0,-235216000.0,-190134000.0,-31193000.0,-13889000.0,162754000.0,-6639000.0,-9582000.0,156115000,-860000.0,155255000,-28693000.0,126562000,,126562000,126562000,127277000.0,490429000.0,299746000.0,989808000.0,743393000.0,,946446000.0,1689839000.0,2679647000,498502000.0,53585000.0,702829000.0,1146590000.0,1526725000.0,2229554000,793137000.0,-4717962000.0,4720523000.0,450093000.0,2679647000,126562000.0,24083000.0,3571000.0,29021000.0,31175000.0,-5407000.0,-13086000.0,16339000.0,183237000.0,-16229000.0,,-632000.0,-16134000.0,,-372976000.0,10615000.0,-362361000.0,-196308000,2020-06-30,779.9000244140625,809.77001953125,779.9000244140625,805.5499877929688,805.5499877929688,124000.0
