Report Date,Revenue,Cost of Revenue,Gross Profit,Operating Expenses,"Selling, General & Administrative",Research & Development,Depreciation & Amortization,Operating Income (Loss),Non-Operating Income (Loss),"Interest Expense, Net","Pretax Income (Loss), Adj.",Abnormal Gains (Losses),Pretax Income (Loss),"Income Tax (Expense) Benefit, Net",Income (Loss) from Continuing Operations,Net Extraordinary Gains (Losses),Net Income,Net Income (Common),"Cash, Cash Equivalents & Short Term Investments",Accounts & Notes Receivable,Inventories,Total Current Assets,"Property, Plant & Equipment, Net",Long Term Investments & Receivables,Other Long Term Assets,Total Noncurrent Assets,Total Assets,Payables & Accruals,Short Term Debt,Total Current Liabilities,Long Term Debt,Total Noncurrent Liabilities,Total Liabilities,Share Capital & Additional Paid-In Capital,Treasury Stock,Retained Earnings,Total Equity,Total Liabilities & Equity,Net Income/Starting Line,Depreciation & Amortization,Non-Cash Items,Change in Working Capital,Change in Accounts Receivable,Change in Inventories,Change in Accounts Payable,Change in Other,Net Cash from Operating Activities,Change in Fixed Assets & Intangibles,Net Change in Long Term Investment,Net Cash from Acquisitions & Divestitures,Net Cash from Investing Activities,Dividends Paid,Cash from (Repayment of) Debt,Cash from (Repurchase of) Equity,Net Cash from Financing Activities,Net Change in Cash,Price Date,Open,High,Low,Close,Adj Close,Volume
2010-08-31,2493000000.0,-1712000000.0,781000000.0,-348000000.0,-141000000.0,-197000000.0,,433000000.0,-33000000.0,-31000000.0,400000000,0.0,400000000,-25000000.0,359000000,,342000000,342000000,2913000000.0,1531000000.0,1770000000.0,6668000000.0,6601000000.0,582000000.0,842000000.0,8025000000.0,14693000000,1509000000.0,712000000.0,2702000000.0,1648000000.0,2175000000.0,4877000000,8545000000.0,,-536000000.0,9816000000.0,14693000000,359000000.0,509000000.0,113000000.0,96000000.0,40000000.0,-33000000.0,36000000.0,53000000.0,1077000000.0,-339000000.0,0.0,409000000.0,-229000000.0,,-92000000.0,-21000000.0,-248000000.0,600000000,2010-08-31,6.449999809265138,6.5999999046325675,6.360000133514403,6.460000038146973,6.460000038146973,36309600.0
2010-11-30,2252000000.0,-1728000000.0,524000000.0,-134000000.0,-140000000.0,-185000000.0,,390000000.0,-144000000.0,-30000000.0,246000000,,246000000,-48000000.0,172000000,,155000000,155000000,2411000000.0,1362000000.0,1892000000.0,6120000000.0,7044000000.0,581000000.0,872000000.0,8497000000.0,14617000000,1823000000.0,468000000.0,2758000000.0,1348000000.0,1865000000.0,4623000000,8572000000.0,,-381000000.0,9994000000.0,14617000000,172000000.0,500000000.0,173000000.0,-113000000.0,173000000.0,-128000000.0,-192000000.0,34000000.0,732000000.0,-431000000.0,,,-436000000.0,,-635000000.0,,-798000000.0,-502000000,2010-11-30,7.46999979019165,7.5,7.230000019073486,7.269999980926514,7.269999980926514,29110000.0
2011-02-28,2257000000.0,-1822000000.0,435000000.0,-256000000.0,-146000000.0,-186000000.0,,179000000.0,-21000000.0,-21000000.0,158000000,,158000000,-35000000.0,75000000,,72000000,72000000,2184000000.0,1393000000.0,1957000000.0,5992000000.0,7055000000.0,535000000.0,816000000.0,8406000000.0,14398000000,1815000000.0,420000000.0,2590000000.0,1320000000.0,1846000000.0,4436000000,8670000000.0,,-309000000.0,9962000000.0,14398000000,75000000.0,503000000.0,80000000.0,151000000.0,-19000000.0,-68000000.0,286000000.0,-48000000.0,809000000.0,-662000000.0,,-170000000.0,-802000000.0,,-177000000.0,,-234000000.0,-227000000,2011-02-28,11.619999885559082,11.65999984741211,10.920000076293944,11.130000114440918,11.130000114440918,47717800.0
2011-05-31,2139000000.0,-1661000000.0,478000000.0,-241000000.0,-151000000.0,-211000000.0,,237000000.0,-12000000.0,-22000000.0,225000000,,225000000,-104000000.0,77000000,,75000000,75000000,2395000000.0,1495000000.0,2068000000.0,6058000000.0,7103000000.0,499000000.0,910000000.0,8512000000.0,14570000000,1912000000.0,184000000.0,2588000000.0,1388000000.0,1950000000.0,4538000000,8698000000.0,,-234000000.0,10032000000.0,14570000000,77000000.0,547000000.0,124000000.0,-159000000.0,-44000000.0,-149000000.0,-54000000.0,88000000.0,589000000.0,-465000000.0,-8000000.0,148000000.0,25000000.0,,-327000000.0,,-403000000.0,211000000,2011-05-31,10.140000343322754,10.229999542236328,10.039999961853027,10.199999809265137,10.199999809265137,27196300.0
2011-08-31,2140000000.0,-1819000000.0,321000000.0,-441000000.0,-155000000.0,-209000000.0,,-120000000.0,-33000000.0,-28000000.0,-153000000,75000000.0,-78000000,-16000000.0,-134000000,,-135000000,-135000000,2160000000.0,1497000000.0,2080000000.0,5832000000.0,7555000000.0,535000000.0,830000000.0,8920000000.0,14752000000,1830000000.0,140000000.0,2480000000.0,1861000000.0,2420000000.0,4900000000,8708000000.0,,-370000000.0,9852000000.0,14752000000,-134000000.0,555000000.0,23000000.0,-90000000.0,-56000000.0,-12000000.0,-128000000.0,106000000.0,354000000.0,-865000000.0,0.0,-9000000.0,-829000000.0,,-76000000.0,-135000000.0,240000000.0,-235000000,2011-08-31,6.070000171661378,6.119999885559082,5.829999923706055,5.9099998474121085,5.9099998474121085,33297600.0
2011-11-30,2090000000.0,-1785000000.0,305000000.0,-387000000.0,-151000000.0,-230000000.0,,-82000000.0,-33000000.0,-33000000.0,-115000000,,-115000000,2000000.0,-187000000,,-187000000,-187000000,1915000000.0,1383000000.0,2097000000.0,5491000000.0,7472000000.0,397000000.0,851000000.0,8720000000.0,14211000000,1413000000.0,146000000.0,2021000000.0,1973000000.0,2481000000.0,4502000000,8727000000.0,,-557000000.0,9709000000.0,14211000000,-187000000.0,564000000.0,111000000.0,-84000000.0,101000000.0,-17000000.0,-97000000.0,-71000000.0,404000000.0,-688000000.0,0.0,,-714000000.0,,-48000000.0,,65000000.0,-245000000,2011-11-30,5.860000133514403,6.019999980926514,5.769999980926514,5.989999771118164,5.989999771118164,19709400.0
2012-02-29,2009000000.0,-1799000000.0,210000000.0,-414000000.0,-174000000.0,-222000000.0,,-204000000.0,4000000.0,-33000000.0,-200000000,,-200000000,-9000000.0,-282000000,,-282000000,-282000000,2094000000.0,1241000000.0,2081000000.0,5659000000.0,7357000000.0,335000000.0,788000000.0,8480000000.0,14139000000,1457000000.0,150000000.0,2102000000.0,2165000000.0,2678000000.0,4780000000,8757000000.0,,-839000000.0,9359000000.0,14139000000,-282000000.0,569000000.0,138000000.0,149000000.0,124000000.0,16000000.0,57000000.0,-48000000.0,574000000.0,-353000000.0,41000000.0,,-469000000.0,,-53000000.0,,74000000.0,179000000,2012-02-29,9.06999969482422,9.100000381469727,8.510000228881836,8.550000190734862,8.550000190734862,48164700.0
2012-05-31,2172000000.0,-1938000000.0,234000000.0,-417000000.0,-156000000.0,-231000000.0,,-183000000.0,-55000000.0,-53000000.0,-238000000,-5000000.0,-243000000,38000000.0,-320000000,,-320000000,-320000000,2325000000.0,1333000000.0,1894000000.0,5630000000.0,7158000000.0,764000000.0,764000000.0,8686000000.0,14316000000,1547000000.0,262000000.0,2177000000.0,2936000000.0,3653000000.0,5830000000,8890000000.0,,-1159000000.0,8486000000.0,14316000000,-320000000.0,525000000.0,175000000.0,306000000.0,-91000000.0,183000000.0,-61000000.0,275000000.0,686000000.0,-275000000.0,-477000000.0,-180000000.0,-797000000.0,,-51000000.0,,208000000.0,97000000,2012-05-31,5.989999771118164,5.989999771118164,5.739999771118164,5.8400001525878915,5.8400001525878915,30707900.0
2012-08-31,1963000000.0,-1744000000.0,219000000.0,-352000000.0,-139000000.0,-235000000.0,,-133000000.0,-58000000.0,-52000000.0,-191000000,-5000000.0,-196000000,-14000000.0,-242000000,,-243000000,-243000000,2559000000.0,1289000000.0,1812000000.0,5758000000.0,7103000000.0,763000000.0,704000000.0,8570000000.0,14328000000,1641000000.0,224000000.0,2243000000.0,3038000000.0,3668000000.0,5911000000,9022000000.0,,-1402000000.0,8417000000.0,14328000000,-242000000.0,483000000.0,54000000.0,155000000.0,104000000.0,76000000.0,283000000.0,-308000000.0,450000000.0,-383000000.0,24000000.0,-7000000.0,-332000000.0,,-51000000.0,-1000000.0,150000000.0,268000000,2012-08-31,6.21999979019165,6.300000190734862,6.170000076293945,6.210000038146973,6.210000038146973,20650100.0
2012-11-30,1834000000.0,-1617000000.0,217000000.0,-335000000.0,-119000000.0,-224000000.0,,-118000000.0,-113000000.0,-54000000.0,-231000000,21000000.0,-210000000,-13000000.0,-275000000,,-275000000,-275000000,2271000000.0,1139000000.0,1831000000.0,5315000000.0,7199000000.0,870000000.0,683000000.0,8752000000.0,14067000000,1584000000.0,266000000.0,2138000000.0,3169000000.0,3743000000.0,5881000000,9063000000.0,,-1677000000.0,8186000000.0,14067000000,-275000000.0,457000000.0,132000000.0,-78000000.0,98000000.0,-26000000.0,-108000000.0,-42000000.0,236000000.0,-434000000.0,-208000000.0,,-639000000.0,,-52000000.0,-2000000.0,46000000.0,-357000000,2012-11-30,5.880000114440918,5.980000019073486,5.8499999046325675,5.96999979019165,5.96999979019165,20270200.0
2013-02-28,2078000000.0,-1712000000.0,366000000.0,-329000000.0,-123000000.0,-214000000.0,,37000000.0,-212000000.0,-53000000.0,-175000000,-60000000.0,-235000000,9000000.0,-284000000,,-286000000,-286000000,2228000000.0,1226000000.0,1721000000.0,5364000000.0,6973000000.0,837000000.0,738000000.0,8548000000.0,13912000000,1498000000.0,350000000.0,2117000000.0,3301000000.0,3835000000.0,5952000000,9115000000.0,,-1963000000.0,7960000000.0,13912000000,-284000000.0,455000000.0,280000000.0,-217000000.0,-101000000.0,53000000.0,-81000000.0,-88000000.0,234000000.0,-327000000.0,-24000000.0,,-360000000.0,,-535000000.0,21000000.0,85000000.0,-41000000,2013-02-28,8.229999542236326,8.5,8.220000267028809,8.380000114440918,8.380000114440918,44039800.0
2013-05-31,2318000000.0,-1762000000.0,556000000.0,-352000000.0,-127000000.0,-226000000.0,,204000000.0,-97000000.0,-52000000.0,107000000,-55000000.0,52000000,1000000.0,43000000,,43000000,43000000,2552000000.0,1503000000.0,1732000000.0,5886000000.0,6830000000.0,619000000.0,720000000.0,8169000000.0,14055000000,1590000000.0,357000000.0,2342000000.0,3267000000.0,3687000000.0,6029000000,9179000000.0,,-1920000000.0,8026000000.0,14055000000,43000000.0,442000000.0,196000000.0,-57000000.0,-277000000.0,11000000.0,233000000.0,-24000000.0,624000000.0,-203000000.0,250000000.0,,-171000000.0,,-77000000.0,44000000.0,-74000000.0,379000000,2013-05-31,11.829999923706055,11.90999984741211,11.68000030517578,11.68000030517578,11.68000030517578,23852400.0
2013-08-31,2843000000.0,-2135000000.0,708000000.0,-469000000.0,-193000000.0,-267000000.0,,239000000.0,-13000000.0,-58000000.0,226000000,1452000000.0,1678000000,-5000000.0,1710000000,,1708000000,1708000000,3101000000.0,2329000000.0,2649000000.0,8911000000.0,7626000000.0,895000000.0,1686000000.0,10207000000.0,19118000000,2115000000.0,1585000000.0,4125000000.0,4452000000.0,4987000000.0,9112000000,9291000000.0,,-212000000.0,10006000000.0,19118000000,1710000000.0,450000000.0,-1492000000.0,49000000.0,-129000000.0,45000000.0,-16000000.0,149000000.0,717000000.0,-478000000.0,-264000000.0,0.0,-740000000.0,,-79000000.0,82000000.0,463000000.0,440000000,2013-08-30,13.59000015258789,13.68000030517578,13.300000190734865,13.56999969482422,13.56999969482422,22278600.0
2013-11-30,4042000000.0,-2761000000.0,1281000000.0,-730000000.0,-176000000.0,-320000000.0,,551000000.0,-176000000.0,-96000000.0,375000000,,375000000,-80000000.0,381000000,,358000000,358000000,3870000000.0,2833000000.0,2459000000.0,9369000000.0,7733000000.0,1028000000.0,1664000000.0,10425000000.0,19794000000,2630000000.0,1543000000.0,4513000000.0,4260000000.0,5135000000.0,9648000000,9025000000.0,,126000000.0,10146000000.0,19794000000,381000000.0,491000000.0,131000000.0,504000000.0,-494000000.0,190000000.0,620000000.0,188000000.0,1507000000.0,-669000000.0,-34000000.0,,-122000000.0,,-737000000.0,102000000.0,-592000000.0,774000000,2013-11-29,21.299999237060547,21.309999465942386,20.899999618530273,21.100000381469727,21.100000381469727,20081800.0
2014-02-28,4107000000.0,-2704000000.0,1403000000.0,-534000000.0,-177000000.0,-344000000.0,,869000000.0,-199000000.0,-77000000.0,670000000,,670000000,-63000000.0,741000000,,731000000,731000000,4504000000.0,2826000000.0,2462000000.0,9991000000.0,7859000000.0,1170000000.0,1595000000.0,10624000000.0,20615000000,2679000000.0,2230000000.0,5305000000.0,4408000000.0,5266000000.0,10571000000,8389000000.0,,836000000.0,10044000000.0,20615000000,741000000.0,517000000.0,85000000.0,47000000.0,36000000.0,-2000000.0,22000000.0,-9000000.0,1390000000.0,-565000000.0,-5000000.0,,-531000000.0,,-1250000000.0,49000000.0,-212000000.0,651000000,2014-02-28,24.229999542236328,24.36000061035156,23.899999618530273,24.190000534057614,24.190000534057614,33877300.0
2014-05-31,3982000000.0,-2614000000.0,1368000000.0,-529000000.0,-174000000.0,-349000000.0,,839000000.0,-96000000.0,-75000000.0,743000000,,743000000,-72000000.0,806000000,,806000000,806000000,4264000000.0,2715000000.0,2532000000.0,9705000000.0,8021000000.0,1289000000.0,1480000000.0,10790000000.0,20495000000,2828000000.0,1508000000.0,4760000000.0,4225000000.0,5038000000.0,9798000000,8317000000.0,,1579000000.0,10697000000.0,20495000000,806000000.0,542000000.0,6000000.0,101000000.0,128000000.0,-71000000.0,4000000.0,40000000.0,1455000000.0,-566000000.0,6000000.0,,-551000000.0,,-1147000000.0,21000000.0,-1149000000.0,-243000000,2014-05-30,28.6299991607666,28.899999618530273,28.38999938964844,28.59000015258789,28.59000015258789,24068700.0
2014-08-31,4227000000.0,-2842000000.0,1385000000.0,-517000000.0,-180000000.0,-358000000.0,,868000000.0,117000000.0,-81000000.0,985000000,-40000000.0,945000000,87000000.0,1151000000,,1150000000,1150000000,4534000000.0,2906000000.0,2455000000.0,10245000000.0,8682000000.0,1790000000.0,1699000000.0,12171000000.0,22416000000,2864000000.0,1618000000.0,4791000000.0,4961000000.0,6063000000.0,10854000000,7975000000.0,0.0,2729000000.0,11562000000.0,22416000000,1151000000.0,553000000.0,-340000000.0,-17000000.0,-188000000.0,77000000.0,25000000.0,69000000.0,1347000000.0,-1307000000.0,-473000000.0,105000000.0,-1698000000.0,,-709000000.0,17000000.0,454000000.0,88000000,2014-08-29,32.950000762939446,32.990001678466804,32.5,32.59999847412109,32.59999847412109,13519100.0
2014-11-30,4573000000.0,-2935000000.0,1638000000.0,-553000000.0,-193000000.0,-376000000.0,,1085000000.0,-132000000.0,-83000000.0,953000000,,953000000,-75000000.0,1002000000,,1003000000,1003000000,4230000000.0,2663000000.0,2448000000.0,9672000000.0,9132000000.0,2157000000.0,1581000000.0,12870000000.0,22542000000,2965000000.0,1168000000.0,4419000000.0,4661000000.0,5630000000.0,10049000000,7930000000.0,,3713000000.0,12493000000.0,22542000000,1002000000.0,643000000.0,105000000.0,-158000000.0,252000000.0,7000000.0,-321000000.0,-96000000.0,1592000000.0,-669000000.0,-338000000.0,,-1076000000.0,,-786000000.0,-8000000.0,-806000000.0,-386000000,2014-11-28,35.84000015258789,36.22000122070313,35.720001220703125,35.95000076293945,35.95000076293945,11645700.0
2015-02-28,4166000000.0,-2761000000.0,1405000000.0,-550000000.0,-187000000.0,-379000000.0,,855000000.0,-81000000.0,-75000000.0,774000000,,774000000,-47000000.0,935000000,,934000000,934000000,4479000000.0,2761000000.0,2377000000.0,9918000000.0,9233000000.0,3108000000.0,1559000000.0,13900000000.0,23818000000,2662000000.0,1199000000.0,4120000000.0,5570000000.0,6457000000.0,10577000000,8009000000.0,-192000000.0,4627000000.0,13241000000.0,23818000000,935000000.0,641000000.0,-93000000.0,-232000000.0,-99000000.0,71000000.0,-167000000.0,-37000000.0,1251000000.0,-853000000.0,-1253000000.0,,-2126000000.0,,-363000000.0,-186000000.0,662000000.0,-217000000,2015-02-27,30.96999931335449,31.209999084472656,30.6200008392334,30.670000076293945,30.670000076293945,15651200.0
2015-05-31,3853000000.0,-2651000000.0,1202000000.0,-571000000.0,-169000000.0,-406000000.0,,631000000.0,-104000000.0,-88000000.0,527000000,,527000000,-104000000.0,491000000,,491000000,491000000,4860000000.0,2530000000.0,2381000000.0,10008000000.0,9857000000.0,3794000000.0,1477000000.0,15128000000.0,25136000000,3204000000.0,1148000000.0,4566000000.0,6451000000.0,7215000000.0,11781000000,7536000000.0,-192000000.0,5117000000.0,13355000000.0,25136000000,491000000.0,673000000.0,116000000.0,55000000.0,184000000.0,-3000000.0,-45000000.0,-81000000.0,1335000000.0,-734000000.0,-832000000.0,,-1520000000.0,,-902000000.0,13000000.0,359000000.0,147000000,2015-05-29,28.420000076293945,28.420000076293945,27.93000030517578,27.93000030517578,27.93000030517578,18451300.0
2015-08-31,3600000000.0,-2630000000.0,970000000.0,-540000000.0,-170000000.0,-379000000.0,,430000000.0,-72000000.0,-90000000.0,358000000,-3000000.0,355000000,69000000.0,471000000,,471000000,471000000,3521000000.0,2507000000.0,2340000000.0,8596000000.0,10554000000.0,3492000000.0,1501000000.0,15547000000.0,24143000000,2611000000.0,1089000000.0,3905000000.0,6301000000.0,6999000000.0,10904000000,7582000000.0,-881000000.0,5588000000.0,13239000000.0,24143000000,471000000.0,710000000.0,-220000000.0,69000000.0,56000000.0,41000000.0,-158000000.0,130000000.0,1030000000.0,-1765000000.0,279000000.0,,-1494000000.0,,-278000000.0,-629000000.0,-933000000.0,-1403000000,2015-08-31,15.90999984741211,16.680000305175778,15.460000038146973,16.40999984741211,16.40999984741211,32916900.0
2015-11-30,3350000000.0,-2501000000.0,849000000.0,-602000000.0,-179000000.0,-421000000.0,,247000000.0,-89000000.0,-85000000.0,158000000,-15000000.0,143000000,4000000.0,206000000,,206000000,206000000,3641000000.0,2223000000.0,2435000000.0,8510000000.0,11060000000.0,3122000000.0,1696000000.0,15878000000.0,24388000000,2784000000.0,1051000000.0,4025000000.0,6368000000.0,7088000000.0,11113000000,7609000000.0,-1006000000.0,5788000000.0,13275000000.0,24388000000,206000000.0,737000000.0,19000000.0,158000000.0,297000000.0,-95000000.0,2000000.0,-46000000.0,1120000000.0,-990000000.0,534000000.0,,-660000000.0,,-197000000.0,-120000000.0,-140000000.0,318000000,2015-11-30,15.59000015258789,16.010000228881836,15.5,15.93000030517578,15.93000030517578,13495300.0
2016-02-29,2934000000.0,-2355000000.0,579000000.0,-583000000.0,-175000000.0,-403000000.0,,-4000000.0,-91000000.0,-85000000.0,-95000000,-1000000.0,-96000000,-5000000.0,-96000000,,-97000000,-97000000,4035000000.0,1984000000.0,2608000000.0,8805000000.0,11819000000.0,2468000000.0,1727000000.0,16014000000.0,24819000000,3087000000.0,1125000000.0,4411000000.0,6533000000.0,7169000000.0,11580000000,7688000000.0,-1025000000.0,5685000000.0,13239000000.0,24819000000,-96000000.0,774000000.0,55000000.0,30000000.0,245000000.0,-173000000.0,-69000000.0,27000000.0,763000000.0,-1219000000.0,737000000.0,,-366000000.0,,-322000000.0,-3000000.0,72000000.0,473000000,2016-02-29,10.649999618530273,10.890000343322754,10.520000457763672,10.630000114440918,10.630000114440918,20720000.0
2016-05-31,2898000000.0,-2400000000.0,498000000.0,-525000000.0,-148000000.0,-382000000.0,,-27000000.0,-133000000.0,-99000000.0,-160000000,0.0,-160000000,-15000000.0,-215000000,,-215000000,-215000000,4981000000.0,2073000000.0,2920000000.0,10110000000.0,13209000000.0,2032000000.0,1650000000.0,16891000000.0,27001000000,3599000000.0,712000000.0,4500000000.0,8919000000.0,9467000000.0,13967000000,7784000000.0,-1029000000.0,5470000000.0,13034000000.0,27001000000,-215000000.0,755000000.0,159000000.0,-310000000.0,-74000000.0,-312000000.0,70000000.0,6000000.0,389000000.0,-1685000000.0,1039000000.0,,-616000000.0,,-170000000.0,6000000.0,1771000000.0,1549000000,2016-05-31,12.65999984741211,12.90999984741211,12.260000228881836,12.720000267028807,12.720000267028807,49604300.0
2016-08-31,3217000000.0,-2638000000.0,579000000.0,-627000000.0,-157000000.0,-411000000.0,,-48000000.0,-136000000.0,-126000000.0,-184000000,16000000.0,-168000000,-3000000.0,-170000000,,-170000000,-170000000,4398000000.0,2068000000.0,2889000000.0,9495000000.0,14686000000.0,1778000000.0,1581000000.0,18045000000.0,27540000000,3879000000.0,756000000.0,4835000000.0,9154000000.0,9777000000.0,14612000000,7845000000.0,-1029000000.0,5299000000.0,12928000000.0,27540000000,-170000000.0,714000000.0,73000000.0,279000000.0,-3000000.0,31000000.0,269000000.0,-18000000.0,896000000.0,-1923000000.0,354000000.0,,-1402000000.0,,-181000000.0,165000000.0,42000000.0,-452000000,2016-08-31,16.700000762939453,16.739999771118164,16.139999389648438,16.489999771118164,16.489999771118164,21963700.0
2016-11-30,3970000000.0,-2959000000.0,1011000000.0,-652000000.0,-159000000.0,-470000000.0,,359000000.0,-146000000.0,-132000000.0,213000000,,213000000,-31000000.0,180000000,,180000000,180000000,4169000000.0,2453000000.0,2750000000.0,9504000000.0,15321000000.0,1556000000.0,1455000000.0,18332000000.0,27836000000,4155000000.0,1155000000.0,5546000000.0,8521000000.0,9122000000.0,14668000000,7887000000.0,-1029000000.0,5469000000.0,13168000000.0,27836000000,180000000.0,771000000.0,79000000.0,108000000.0,-401000000.0,139000000.0,299000000.0,71000000.0,1138000000.0,-1264000000.0,483000000.0,,-936000000.0,,-188000000.0,29000000.0,-212000000.0,-52000000,2016-11-30,19.57999992370605,19.76000022888184,19.36000061035156,19.530000686645508,19.530000686645508,26031700.0
2017-02-28,4648000000.0,-2944000000.0,1704000000.0,-656000000.0,-187000000.0,-473000000.0,,1048000000.0,-119000000.0,-153000000.0,929000000,-4000000.0,925000000,-38000000.0,894000000,,894000000,894000000,3898000000.0,2891000000.0,3000000000.0,9945000000.0,19098000000.0,627000000.0,2685000000.0,22410000000.0,32355000000,3801000000.0,1117000000.0,5207000000.0,11336000000.0,12013000000.0,17220000000,8114000000.0,-67000000.0,6247000000.0,15135000000.0,32355000000,894000000.0,1003000000.0,74000000.0,-566000000.0,-372000000.0,35000000.0,100000000.0,-329000000.0,1405000000.0,-1164000000.0,-666000000.0,-2634000000.0,-4449000000.0,,-368000000.0,39000000.0,2553000000.0,-482000000,2017-02-28,23.790000915527344,23.95000076293945,23.31999969482422,23.440000534057614,23.440000534057614,21447500.0
2017-05-31,5566000000.0,-2957000000.0,2609000000.0,-646000000.0,-204000000.0,-434000000.0,,1963000000.0,-226000000.0,-143000000.0,1737000000,,1737000000,-92000000.0,1647000000,,1647000000,1647000000,4330000000.0,3497000000.0,3064000000.0,11023000000.0,19014000000.0,486000000.0,2744000000.0,22244000000.0,33267000000,3656000000.0,1161000000.0,5143000000.0,10510000000.0,11105000000.0,16248000000,8333000000.0,-67000000.0,7893000000.0,17019000000.0,33267000000,1647000000.0,1021000000.0,169000000.0,-430000000.0,-565000000.0,-66000000.0,112000000.0,89000000.0,2407000000.0,-1041000000.0,97000000.0,0.0,-874000000.0,,-1218000000.0,40000000.0,-1134000000.0,417000000,2017-05-31,31.01000022888184,31.10000038146973,30.31999969482422,30.770000457763672,30.770000457763672,26402900.0
2017-08-31,6138000000.0,-3026000000.0,3112000000.0,-614000000.0,-193000000.0,-447000000.0,,2498000000.0,-181000000.0,-132000000.0,2317000000,4000000.0,2321000000,47000000.0,2369000000,,2368000000,2368000000,5428000000.0,3759000000.0,3123000000.0,12457000000.0,19431000000.0,617000000.0,2831000000.0,22879000000.0,35336000000,3664000000.0,1262000000.0,5334000000.0,9893000000.0,10532000000.0,15866000000,8399000000.0,-67000000.0,10260000000.0,19470000000.0,35336000000,2369000000.0,1066000000.0,24000000.0,-256000000.0,-313000000.0,-58000000.0,53000000.0,62000000.0,3203000000.0,-1265000000.0,-183000000.0,0.0,-1278000000.0,,-784000000.0,34000000.0,-858000000.0,1070000000,2017-08-31,31.61000061035156,32.02000045776367,31.479999542236328,31.96999931335449,31.96999931335449,25694000.0
2017-11-30,6803000000.0,-3056000000.0,3747000000.0,-650000000.0,-191000000.0,-448000000.0,,3097000000.0,-305000000.0,-101000000.0,2792000000,,2792000000,-114000000.0,2678000000,,2678000000,2678000000,6174000000.0,3876000000.0,3160000000.0,13358000000.0,20723000000.0,314000000.0,2796000000.0,23833000000.0,37191000000,3766000000.0,1401000000.0,5583000000.0,7662000000.0,8215000000.0,13798000000,9564000000.0,0.0,12938000000.0,23393000000.0,37191000000,2678000000.0,1090000000.0,312000000.0,-444000000.0,-121000000.0,-37000000.0,-230000000.0,-56000000.0,3636000000.0,-1956000000.0,453000000.0,,-1434000000.0,,-2744000000.0,1449000000.0,-1282000000.0,914000000,2017-11-30,44.15999984741211,44.540000915527344,41.86000061035156,42.38999938964844,42.38999938964844,63895700.0
2018-02-28,7351000000.0,-3081000000.0,4270000000.0,-703000000.0,-196000000.0,-523000000.0,,3567000000.0,-114000000.0,-61000000.0,3453000000,,3453000000,-143000000.0,3311000000,,3309000000,3309000000,8042000000.0,4437000000.0,3184000000.0,15836000000.0,21864000000.0,520000000.0,3043000000.0,25427000000.0,41263000000,4194000000.0,1514000000.0,6135000000.0,7816000000.0,8562000000.0,14697000000,9720000000.0,-313000000.0,16247000000.0,26566000000.0,41263000000,3311000000.0,1151000000.0,-198000000.0,84000000.0,-509000000.0,-25000000.0,408000000.0,210000000.0,4348000000.0,-2261000000.0,-255000000.0,,-2409000000.0,,-635000000.0,38000000.0,-138000000.0,1811000000,2018-02-28,48.79999923706055,49.459999084472656,48.349998474121094,48.81000137329102,48.81000137329102,45031400.0
2018-05-31,7797000000.0,-3074000000.0,4723000000.0,-770000000.0,-211000000.0,-603000000.0,,3953000000.0,-237000000.0,-44000000.0,3716000000,,3716000000,109000000.0,3823000000,,3823000000,3823000000,7071000000.0,4912000000.0,3369000000.0,15499000000.0,22705000000.0,487000000.0,3154000000.0,26346000000.0,41845000000,3998000000.0,1454000000.0,5883000000.0,5895000000.0,6444000000.0,12327000000,8986000000.0,-429000000.0,20070000000.0,29518000000.0,41845000000,3823000000.0,1233000000.0,285000000.0,-1080000000.0,-547000000.0,-184000000.0,-27000000.0,-322000000.0,4261000000.0,-2411000000.0,-16000000.0,,-2244000000.0,,-3388000000.0,80000000.0,-3023000000.0,-1014000000,2018-05-31,59.22999954223633,60.25,57.16999816894531,57.59000015258789,57.59000015258789,101882200.0
2018-08-31,8440000000.0,-3289000000.0,5151000000.0,-774000000.0,-215000000.0,-567000000.0,,4377000000.0,-31000000.0,-16000000.0,4346000000,,4346000000,-20000000.0,4326000000,,4325000000,4325000000,6802000000.0,5478000000.0,3595000000.0,16039000000.0,23672000000.0,473000000.0,3192000000.0,27337000000.0,43376000000,4374000000.0,859000000.0,5754000000.0,3780000000.0,4361000000.0,10115000000,8318000000.0,-429000000.0,24395000000.0,33261000000.0,43376000000,4326000000.0,1285000000.0,20000000.0,-476000000.0,-557000000.0,-226000000.0,517000000.0,-210000000.0,5155000000.0,-2251000000.0,-18000000.0,,-2129000000.0,,-3427000000.0,17000000.0,-3333000000.0,-340000000,2018-08-31,52.70000076293945,53.22999954223633,52.22000122070313,52.52000045776367,52.52000045776367,29937300.0
2018-11-30,7913000000.0,-3298000000.0,4615000000.0,-856000000.0,-209000000.0,-611000000.0,,3759000000.0,14000000.0,5000000.0,3773000000,,3773000000,-477000000.0,3296000000,,3293000000,3293000000,5563000000.0,5418000000.0,3876000000.0,15039000000.0,24807000000.0,1565000000.0,3184000000.0,29556000000.0,44595000000,4200000000.0,398000000.0,5189000000.0,3736000000.0,4570000000.0,9759000000,8467000000.0,-2362000000.0,27769000000.0,34836000000.0,44595000000,3296000000.0,1335000000.0,257000000.0,-78000000.0,189000000.0,-286000000.0,-46000000.0,65000000.0,4810000000.0,-2700000000.0,-1910000000.0,,-4427000000.0,,-577000000.0,-1821000000.0,-2435000000.0,-2062000000,2018-11-30,37.75,38.63000106811523,36.93999862670898,38.560001373291016,38.560001373291016,28176000.0
2019-02-28,5835000000.0,-2971000000.0,2864000000.0,-907000000.0,-209000000.0,-601000000.0,,1957000000.0,-53000000.0,31000000.0,1904000000,,1904000000,-280000000.0,1625000000,,1619000000,1619000000,7533000000.0,4416000000.0,4390000000.0,16550000000.0,26204000000.0,1614000000.0,3119000000.0,30937000000.0,47487000000,4062000000.0,2634000000.0,7361000000.0,3606000000.0,4599000000.0,11960000000,8261000000.0,-3064000000.0,29364000000.0,35527000000.0,47487000000,1625000000.0,1313000000.0,279000000.0,218000000.0,1013000000.0,-514000000.0,-280000000.0,-1000000.0,3435000000.0,-2649000000.0,-105000000.0,,-2492000000.0,,-128000000.0,-655000000.0,952000000.0,1904000000,2019-02-28,40.20000076293945,41.150001525878906,39.79999923706055,40.88000106811523,40.88000106811523,25777900.0
2019-05-31,4788000000.0,-2960000000.0,1828000000.0,-818000000.0,-206000000.0,-606000000.0,,1010000000.0,-294000000.0,23000000.0,716000000,,716000000,135000000.0,851000000,,840000000,840000000,6689000000.0,3257000000.0,4905000000.0,15066000000.0,27138000000.0,1167000000.0,2917000000.0,31222000000.0,46288000000,3494000000.0,1346000000.0,5397000000.0,3564000000.0,4603000000.0,10000000000,8335000000.0,-3221000000.0,30201000000.0,36288000000.0,46288000000,851000000.0,1360000000.0,260000000.0,240000000.0,1171000000.0,-515000000.0,-377000000.0,-39000000.0,2711000000.0,-2403000000.0,98000000.0,,-2066000000.0,,-1671000000.0,-139000000.0,-1847000000.0,-1195000000,2019-05-31,32.59999847412109,33.5,32.52000045776367,32.610000610351555,32.610000610351555,18607300.0
2019-08-31,4870000000.0,-3475000000.0,1395000000.0,-745000000.0,-212000000.0,-623000000.0,,650000000.0,5000000.0,18000000.0,655000000,,655000000,-71000000.0,586000000,,561000000,561000000,7955000000.0,3195000000.0,5118000000.0,16503000000.0,28240000000.0,1164000000.0,2980000000.0,32384000000.0,48887000000,4626000000.0,1310000000.0,6390000000.0,4541000000.0,5629000000.0,12019000000,8332000000.0,-3221000000.0,30761000000.0,36868000000.0,48887000000,586000000.0,1416000000.0,42000000.0,189000000.0,58000000.0,-213000000.0,529000000.0,-185000000.0,2233000000.0,-2028000000.0,744000000.0,,-1100000000.0,,-964000000.0,65000000.0,892000000.0,2045000000,2019-08-30,45.11999893188477,45.93000030517578,45.04999923706055,45.27000045776367,45.27000045776367,16391500.0
2019-11-30,5144000000.0,-3778000000.0,1366000000.0,-848000000.0,-211000000.0,-640000000.0,,518000000.0,43000000.0,-3000000.0,561000000,,561000000,-55000000.0,508000000,,491000000,491000000,7588000000.0,3419000000.0,4943000000.0,16167000000.0,29352000000.0,599000000.0,3531000000.0,33482000000.0,49649000000,5408000000.0,462000000.0,6317000000.0,5188000000.0,6734000000.0,13051000000,8547000000.0,-3271000000.0,31218000000.0,36598000000.0,49649000000,508000000.0,1296000000.0,59000000.0,148000000.0,-208000000.0,175000000.0,178000000.0,3000000.0,2011000000.0,-1943000000.0,744000000.0,,-1189000000.0,,-165000000.0,,-992000000.0,-184000000,2019-11-29,47.93999862670898,47.95000076293945,47.43999862670898,47.5099983215332,47.5099983215332,7343600.0
2020-02-29,4797000000.0,-3442000000.0,1355000000.0,-915000000.0,-223000000.0,-681000000.0,,440000000.0,-13000000.0,-12000000.0,427000000,,427000000,-21000000.0,407000000,,405000000,405000000,7481000000.0,3049000000.0,5208000000.0,15976000000.0,29647000000.0,586000000.0,3439000000.0,33672000000.0,49648000000,5077000000.0,237000000.0,5822000000.0,5188000000.0,6705000000.0,12527000000,8844000000.0,-3414000000.0,31602000000.0,37121000000.0,49648000000,407000000.0,1365000000.0,110000000.0,119000000.0,312000000.0,-244000000.0,79000000.0,-28000000.0,2001000000.0,-2056000000.0,272000000.0,,-1710000000.0,,-290000000.0,,-215000000.0,76000000,2020-02-28,48.6500015258789,52.91999816894531,48.38999938964844,52.56000137329102,52.56000137329102,40121300.0
2020-05-31,5438000000.0,-3675000000.0,1763000000.0,-875000000.0,-216000000.0,-649000000.0,,888000000.0,-18000000.0,-28000000.0,870000000,,870000000,-68000000.0,805000000,,803000000,803000000,8658000000.0,3603000000.0,5405000000.0,17899000000.0,30081000000.0,577000000.0,3448000000.0,34106000000.0,52005000000,5364000000.0,330000000.0,6185000000.0,6356000000.0,7902000000.0,14087000000,8883000000.0,-3454000000.0,32402000000.0,37918000000.0,52005000000,805000000.0,1422000000.0,69000000.0,-273000000.0,-565000000.0,-179000000.0,443000000.0,28000000.0,2023000000.0,-1944000000.0,-16000000.0,,-1952000000.0,,1169000000.0,,1072000000.0,1149000000,2020-05-29,46.61999893188477,48.02000045776367,46.209999084472656,47.90999984741211,47.90999984741211,26337000.0
