Report Date,Revenue,Cost of Revenue,Gross Profit,Operating Expenses,"Selling, General & Administrative",Research & Development,Depreciation & Amortization,Operating Income (Loss),Non-Operating Income (Loss),"Interest Expense, Net","Pretax Income (Loss), Adj.",Abnormal Gains (Losses),Pretax Income (Loss),"Income Tax (Expense) Benefit, Net",Income (Loss) from Continuing Operations,Net Extraordinary Gains (Losses),Net Income,Net Income (Common),"Cash, Cash Equivalents & Short Term Investments",Accounts & Notes Receivable,Inventories,Total Current Assets,"Property, Plant & Equipment, Net",Long Term Investments & Receivables,Other Long Term Assets,Total Noncurrent Assets,Total Assets,Payables & Accruals,Short Term Debt,Total Current Liabilities,Long Term Debt,Total Noncurrent Liabilities,Total Liabilities,Share Capital & Additional Paid-In Capital,Treasury Stock,Retained Earnings,Total Equity,Total Liabilities & Equity,Net Income/Starting Line,Depreciation & Amortization,Non-Cash Items,Change in Working Capital,Change in Accounts Receivable,Change in Inventories,Change in Accounts Payable,Change in Other,Net Cash from Operating Activities,Change in Fixed Assets & Intangibles,Net Change in Long Term Investment,Net Cash from Acquisitions & Divestitures,Net Cash from Investing Activities,Dividends Paid,Cash from (Repayment of) Debt,Cash from (Repurchase of) Equity,Net Cash from Financing Activities,Net Change in Cash,Price Date,Open,High,Low,Close,Adj Close,Volume
2014-06-30,865000000.0,-342000000.0,523000000.0,-318000000.0,-187000000.0,,-35000000.0,205000000.0,-29000000.0,-29000000.0,176000000,-14000000.0,162000000,-61000000.0,101000000,,101000000,101000000,517000000.0,395000000.0,,3718000000.0,280000000.0,,9118000000.0,9398000000.0,13116000000,442000000.0,,3424000000.0,2408000000.0,3485000000.0,6909000000,4330000000.0,-1117000000.0,3134000000.0,6207000000.0,13116000000,102000000.0,34000000.0,18000000.0,46000000.0,,,,,200000000.0,-35000000.0,-12000000.0,,-48000000.0,-25000000.0,-114000000.0,-82000000.0,-220000000.0,-70000000,2014-06-30,38.11999893188477,38.75,37.849998474121094,38.61999893188477,34.13703155517578,1583800.0
2014-09-30,818000000.0,-321000000.0,497000000.0,-285000000.0,-159000000.0,,-34000000.0,212000000.0,-28000000.0,-28000000.0,184000000,-5000000.0,179000000,-56000000.0,123000000,,123000000,123000000,455000000.0,370000000.0,,3557000000.0,288000000.0,,8847000000.0,9135000000.0,12692000000,318000000.0,,3194000000.0,2345000000.0,3380000000.0,6574000000,4356000000.0,-1145000000.0,3231000000.0,6118000000.0,12692000000,122000000.0,35000000.0,18000000.0,-151000000.0,,,,,24000000.0,-27000000.0,17000000.0,,-2000000.0,-26000000.0,0.0,-16000000.0,-42000000.0,-28000000,2014-09-30,42.43000030517578,42.68000030517578,42.349998474121094,42.41999816894531,37.62733459472656,698100.0
2014-12-31,919000000.0,-401000000.0,518000000.0,-312000000.0,-174000000.0,,-33000000.0,206000000.0,-26000000.0,-26000000.0,180000000,-83000000.0,97000000,-11000000.0,86000000,,87000000,87000000,601000000.0,389000000.0,,3400000000.0,292000000.0,,8379000000.0,8671000000.0,12071000000,456000000.0,,2980000000.0,2297000000.0,3297000000.0,6277000000,3224000000.0,-41000000.0,3292000000.0,5794000000.0,12071000000,86000000.0,33000000.0,79000000.0,27000000.0,,,,,225000000.0,-47000000.0,-3000000.0,0.0,-59000000.0,-25000000.0,0.0,-47000000.0,-45000000.0,106000000,2014-12-31,48.88000106811523,48.88000106811523,47.95000076293945,47.959999084472656,42.67937469482422,440900.0
2015-03-31,858000000.0,-351000000.0,507000000.0,-330000000.0,-200000000.0,,-34000000.0,177000000.0,-13000000.0,-27000000.0,164000000,-150000000.0,14000000,-5000000.0,9000000,,9000000,9000000,522000000.0,344000000.0,,3688000000.0,281000000.0,,8273000000.0,8554000000.0,12242000000,360000000.0,,3440000000.0,2306000000.0,3257000000.0,6697000000,3245000000.0,-94000000.0,3276000000.0,5545000000.0,12242000000,9000000.0,34000000.0,74000000.0,114000000.0,,,,,231000000.0,-24000000.0,-9000000.0,-226000000.0,-326000000.0,-25000000.0,75000000.0,-24000000.0,4000000.0,-99000000,2015-03-31,50.63000106811523,51.0099983215332,50.31000137329102,50.93999862670898,45.468650817871094,1193100.0
2015-06-30,807000000.0,-289000000.0,518000000.0,-296000000.0,-169000000.0,,-34000000.0,222000000.0,-25000000.0,-26000000.0,197000000,-5000000.0,192000000,-60000000.0,132000000,,133000000,133000000,588000000.0,323000000.0,,3446000000.0,295000000.0,,8363000000.0,8658000000.0,12104000000,429000000.0,,3146000000.0,2281000000.0,3242000000.0,6388000000,3259000000.0,-104000000.0,3366000000.0,5716000000.0,12104000000,132000000.0,33000000.0,17000000.0,-7000000.0,,,,,175000000.0,-35000000.0,-15000000.0,0.0,-92000000.0,-43000000.0,-35000000.0,-14000000.0,-92000000.0,-4000000,2015-06-30,48.86999893188477,49.209999084472656,48.63000106811523,48.81000137329102,43.78574752807617,821900.0
2015-09-30,871000000.0,-342000000.0,529000000.0,-286000000.0,-167000000.0,,-34000000.0,243000000.0,-25000000.0,-27000000.0,218000000,-12000000.0,206000000,-68000000.0,138000000,,138000000,138000000,483000000.0,278000000.0,,3160000000.0,305000000.0,,8305000000.0,8610000000.0,11770000000,319000000.0,20000000.0,2852000000.0,2415000000.0,3372000000.0,6224000000,3034000000.0,-105000000.0,3464000000.0,5546000000.0,11770000000,138000000.0,35000000.0,8000000.0,-115000000.0,,,,,66000000.0,-32000000.0,27000000.0,0.0,36000000.0,-40000000.0,150000000.0,-253000000.0,-133000000.0,-34000000,2015-09-30,52.43000030517578,53.43999862670898,52.13000106811523,53.33000183105469,48.07177352905274,1311000.0
2015-12-31,867000000.0,-331000000.0,536000000.0,-276000000.0,-147000000.0,,-36000000.0,260000000.0,-27000000.0,-27000000.0,233000000,-15000000.0,218000000,-70000000.0,148000000,,148000000,148000000,502000000.0,316000000.0,,3260000000.0,323000000.0,,8278000000.0,8601000000.0,11861000000,427000000.0,,2920000000.0,2364000000.0,3332000000.0,6252000000,3013000000.0,-111000000.0,3571000000.0,5609000000.0,11861000000,148000000.0,36000000.0,81000000.0,-10000000.0,,,,,255000000.0,-42000000.0,-12000000.0,0.0,-53000000.0,-41000000.0,-53000000.0,-57000000.0,-179000000.0,18000000,2015-12-31,58.77000045776367,59.06000137329102,58.16999816894531,58.16999816894531,52.667762756347656,807900.0
2016-03-31,905000000.0,-371000000.0,534000000.0,-297000000.0,-172000000.0,,-38000000.0,237000000.0,-24000000.0,-27000000.0,213000000,-18000000.0,195000000,-63000000.0,132000000,,132000000,132000000,590000000.0,333000000.0,,4722000000.0,326000000.0,,8669000000.0,8995000000.0,13717000000,342000000.0,,4429000000.0,2565000000.0,3591000000.0,8020000000,3003000000.0,-145000000.0,3609000000.0,5697000000.0,13717000000,132000000.0,38000000.0,20000000.0,65000000.0,,,,,255000000.0,-23000000.0,2000000.0,-213000000.0,-294000000.0,-41000000.0,169000000.0,-28000000.0,28000000.0,-5000000,2016-03-31,65.38999938964844,66.55000305175781,65.16999816894531,66.37999725341797,60.33192443847656,1800300.0
2016-06-30,897000000.0,-338000000.0,559000000.0,-317000000.0,-189000000.0,,-41000000.0,242000000.0,-28000000.0,-31000000.0,214000000,-68000000.0,146000000,-76000000.0,70000000,,70000000,70000000,599000000.0,399000000.0,,4596000000.0,332000000.0,,10171000000.0,10503000000.0,15099000000,461000000.0,,4308000000.0,3731000000.0,5074000000.0,9382000000,3064000000.0,-166000000.0,3679000000.0,5717000000.0,15099000000,70000000.0,41000000.0,17000000.0,46000000.0,,,,,174000000.0,-28000000.0,-3000000.0,-1247000000.0,-1279000000.0,-53000000.0,1189000000.0,11000000.0,1124000000.0,14000000,2016-06-30,64.41999816894531,64.86000061035156,64.01000213623047,64.66999816894531,59.06902313232422,1398800.0
2016-09-30,929000000.0,-344000000.0,585000000.0,-340000000.0,-195000000.0,,-46000000.0,245000000.0,-34000000.0,-36000000.0,211000000,-12000000.0,199000000,-68000000.0,131000000,,131000000,131000000,495000000.0,349000000.0,,4346000000.0,342000000.0,,10120000000.0,10462000000.0,14808000000,361000000.0,20000000.0,4054000000.0,3689000000.0,5000000000.0,9054000000,3048000000.0,-169000000.0,3757000000.0,5754000000.0,14808000000,131000000.0,46000000.0,15000000.0,-129000000.0,,,,,63000000.0,-34000000.0,13000000.0,0.0,-18000000.0,-53000000.0,-40000000.0,-41000000.0,-135000000.0,-90000000,2016-09-30,67.80000305175781,68.08000183105469,67.36000061035156,67.54000091552734,61.9776382446289,905300.0
2016-12-31,973000000.0,-375000000.0,598000000.0,-369000000.0,-212000000.0,,-45000000.0,229000000.0,-39000000.0,-36000000.0,190000000,-597000000.0,-407000000,180000000.0,-227000000,,-227000000,-227000000,648000000.0,429000000.0,,4560000000.0,362000000.0,,9228000000.0,9590000000.0,14150000000,490000000.0,0.0,4082000000.0,3603000000.0,4638000000.0,8720000000,3106000000.0,-176000000.0,3479000000.0,5430000000.0,14150000000,-227000000.0,45000000.0,490000000.0,-24000000.0,,,,,284000000.0,-49000000.0,-12000000.0,-6000000.0,-66000000.0,-53000000.0,-18000000.0,12000000.0,-69000000.0,142000000,2016-12-30,67.30000305175781,67.44000244140625,66.97000122070311,67.12000274658203,61.878135681152344,548700.0
2017-03-31,969000000.0,-388000000.0,581000000.0,-329000000.0,-187000000.0,,-45000000.0,252000000.0,-31000000.0,-35000000.0,221000000,-6000000.0,215000000,-47000000.0,168000000,,168000000,168000000,606000000.0,467000000.0,,4947000000.0,376000000.0,,9167000000.0,9543000000.0,14490000000,378000000.0,379000000.0,4886000000.0,3242000000.0,4252000000.0,9138000000,2965000000.0,-221000000.0,3595000000.0,5352000000.0,14490000000,168000000.0,45000000.0,47000000.0,-16000000.0,,,,,244000000.0,-36000000.0,1000000.0,,-8000000.0,-53000000.0,0.0,-155000000.0,-192000000.0,46000000,2017-03-31,69.16999816894531,69.63999938964844,68.87999725341797,69.44999694824219,64.31722259521484,900500.0
2017-06-30,994000000.0,-398000000.0,596000000.0,-343000000.0,-199000000.0,,-47000000.0,253000000.0,-31000000.0,-34000000.0,222000000,-11000000.0,211000000,-65000000.0,146000000,,146000000,146000000,656000000.0,392000000.0,,4921000000.0,384000000.0,,9355000000.0,9739000000.0,14660000000,442000000.0,494000000.0,4987000000.0,3058000000.0,4097000000.0,9084000000,3013000000.0,-225000000.0,3680000000.0,5576000000.0,14660000000,146000000.0,47000000.0,10000000.0,67000000.0,,,,,270000000.0,-28000000.0,-7000000.0,0.0,-96000000.0,-63000000.0,-669000000.0,29000000.0,-272000000.0,-90000000,2017-06-30,71.58000183105469,71.95999908447266,71.4800033569336,71.48999786376953,66.56025695800781,660200.0
2017-09-30,965000000.0,-362000000.0,603000000.0,-338000000.0,-189000000.0,,-47000000.0,265000000.0,-28000000.0,-32000000.0,237000000,-3000000.0,234000000,-64000000.0,170000000,,170000000,170000000,737000000.0,320000000.0,,5446000000.0,379000000.0,,9247000000.0,9626000000.0,15072000000,329000000.0,154000000.0,4723000000.0,3589000000.0,4614000000.0,9337000000,3014000000.0,-241000000.0,3787000000.0,5735000000.0,15072000000,169000000.0,48000000.0,-1000000.0,-121000000.0,,,,,95000000.0,-38000000.0,24000000.0,0.0,31000000.0,-64000000.0,485000000.0,-17000000.0,46000000.0,177000000,2017-09-29,77.56999969482422,77.83000183105469,77.01000213623047,77.56999969482422,72.5900650024414,572700.0
2017-12-31,1020000000.0,-389000000.0,631000000.0,-366000000.0,-208000000.0,,-49000000.0,265000000.0,-29000000.0,-35000000.0,236000000,-24000000.0,212000000,33000000.0,245000000,,245000000,245000000,612000000.0,356000000.0,,5510000000.0,400000000.0,,9444000000.0,9844000000.0,15354000000,475000000.0,480000000.0,5234000000.0,3727000000.0,4240000000.0,9474000000,3026000000.0,-247000000.0,3963000000.0,5880000000.0,15354000000,246000000.0,48000000.0,31000000.0,-25000000.0,,,,,300000000.0,-42000000.0,-18000000.0,-778000000.0,-817000000.0,-63000000.0,595000000.0,-7000000.0,365000000.0,-152000000,2017-12-29,76.80000305175781,77.16999816894531,76.5999984741211,76.83000183105469,72.24861907958984,923300.0
2018-03-31,1151000000.0,-485000000.0,666000000.0,-383000000.0,-228000000.0,,-53000000.0,283000000.0,-34000000.0,-36000000.0,249000000,-10000000.0,239000000,-62000000.0,177000000,,177000000,177000000,629000000.0,486000000.0,,5638000000.0,384000000.0,,9768000000.0,10152000000.0,15790000000,476000000.0,960000000.0,6036000000.0,3155000000.0,4029000000.0,10065000000,2928000000.0,-289000000.0,4146000000.0,5725000000.0,15790000000,177000000.0,53000000.0,7000000.0,138000000.0,,,,,375000000.0,-16000000.0,,0.0,-8000000.0,-63000000.0,-115000000.0,-99000000.0,-337000000.0,30000000,2018-03-29,84.37000274658203,86.61000061035156,84.0199966430664,86.22000122070312,81.44550323486328,1436000.0
2018-06-30,1027000000.0,-412000000.0,615000000.0,-356000000.0,-208000000.0,,-53000000.0,259000000.0,-22000000.0,-35000000.0,237000000,51000000.0,288000000,-126000000.0,162000000,,162000000,162000000,635000000.0,405000000.0,,5727000000.0,370000000.0,,9044000000.0,9414000000.0,15141000000,514000000.0,768000000.0,6148000000.0,3079000000.0,3451000000.0,9599000000,2714000000.0,-290000000.0,4309000000.0,5542000000.0,15141000000,162000000.0,53000000.0,-8000000.0,72000000.0,,,,,279000000.0,-29000000.0,1000000.0,294000000.0,159000000.0,-73000000.0,0.0,-231000000.0,-498000000.0,-73000000,2018-06-29,91.83999633789062,92.56999969482422,91.23999786376952,91.2699966430664,86.61572265625,868700.0
2018-09-30,964000000.0,-364000000.0,600000000.0,-348000000.0,-199000000.0,,-53000000.0,252000000.0,-29000000.0,-35000000.0,223000000,-14000000.0,209000000,-46000000.0,163000000,,163000000,163000000,526000000.0,356000000.0,,5457000000.0,371000000.0,,9027000000.0,9398000000.0,14855000000,342000000.0,808000000.0,5799000000.0,3072000000.0,3454000000.0,9253000000,2678000000.0,-291000000.0,4399000000.0,5602000000.0,14855000000,163000000.0,53000000.0,45000000.0,-247000000.0,,,,,14000000.0,-27000000.0,13000000.0,-8000000.0,76000000.0,-72000000.0,0.0,-54000000.0,-71000000.0,20000000,2018-09-28,86.22000122070312,86.58000183105469,85.7300033569336,85.80000305175781,81.8180160522461,998800.0
2018-12-31,1135000000.0,-490000000.0,645000000.0,-390000000.0,-234000000.0,,-51000000.0,255000000.0,-30000000.0,-34000000.0,225000000,103000000.0,328000000,-372000000.0,-44000000,,-44000000,-44000000,813000000.0,384000000.0,,6370000000.0,376000000.0,,8954000000.0,9330000000.0,15700000000,506000000.0,875000000.0,6570000000.0,2956000000.0,3681000000.0,10251000000,2718000000.0,-297000000.0,4558000000.0,5449000000.0,15700000000,-44000000.0,51000000.0,213000000.0,140000000.0,,,,,360000000.0,-39000000.0,108000000.0,-75000000.0,-31000000.0,-72000000.0,-205000000.0,-10000000.0,-121000000.0,210000000,2018-12-31,80.91999816894531,82.05000305175781,80.55000305175781,81.56999969482422,78.17750549316406,458100.0
2019-03-31,1039000000.0,-405000000.0,634000000.0,-350000000.0,-201000000.0,,-48000000.0,284000000.0,11000000.0,-34000000.0,295000000,18000000.0,313000000,-66000000.0,247000000,,247000000,247000000,692000000.0,447000000.0,,4736000000.0,370000000.0,,9397000000.0,9767000000.0,14503000000,405000000.0,1239000000.0,5641000000.0,2328000000.0,3368000000.0,9009000000,2734000000.0,-327000000.0,4732000000.0,5494000000.0,14503000000,247000000.0,48000000.0,-72000000.0,114000000.0,,,,,337000000.0,-20000000.0,,-85000000.0,-74000000.0,-73000000.0,-500000000.0,0.0,-302000000.0,-47000000,2019-03-29,87.26000213623047,87.83000183105469,86.9000015258789,87.48999786376953,84.28733825683594,1221600.0
2019-06-30,1061000000.0,-438000000.0,623000000.0,-362000000.0,-219000000.0,,-48000000.0,261000000.0,-17000000.0,-28000000.0,244000000,-5000000.0,239000000,-65000000.0,174000000,,174000000,174000000,592000000.0,415000000.0,,4363000000.0,390000000.0,,9379000000.0,9769000000.0,14132000000,268000000.0,467000000.0,4531000000.0,3022000000.0,4050000000.0,8581000000,2715000000.0,-327000000.0,4829000000.0,5551000000.0,14132000000,174000000.0,48000000.0,40000000.0,-76000000.0,,,,,186000000.0,-43000000.0,309000000.0,0.0,-89000000.0,-77000000.0,146000000.0,-39000000.0,-271000000.0,-176000000,2019-06-28,96.08999633789062,96.77999877929688,96.0,96.16999816894531,93.10807037353516,904300.0
2019-09-30,1096000000.0,-464000000.0,632000000.0,-366000000.0,-223000000.0,,-47000000.0,266000000.0,-11000000.0,-26000000.0,255000000,-40000000.0,215000000,-65000000.0,150000000,,150000000,150000000,505000000.0,399000000.0,,3499000000.0,361000000.0,,9120000000.0,9481000000.0,12980000000,283000000.0,539000000.0,3692000000.0,2939000000.0,3961000000.0,7653000000,2587000000.0,-328000000.0,4901000000.0,5327000000.0,12980000000,150000000.0,47000000.0,13000000.0,-109000000.0,,,,,101000000.0,-25000000.0,120000000.0,0.0,32000000.0,-78000000.0,72000000.0,-149000000.0,-156000000.0,-30000000,2019-09-30,100.22000122070312,100.43000030517578,99.1500015258789,99.3499984741211,96.64949035644531,634500.0
2019-12-31,1066000000.0,-420000000.0,646000000.0,-371000000.0,-228000000.0,,-47000000.0,275000000.0,-8000000.0,-26000000.0,267000000,-15000000.0,252000000,-49000000.0,203000000,,203000000,203000000,623000000.0,422000000.0,,4290000000.0,384000000.0,,9250000000.0,9634000000.0,13924000000,336000000.0,391000000.0,4227000000.0,2996000000.0,4058000000.0,8285000000,2634000000.0,-336000000.0,5027000000.0,5639000000.0,13924000000,203000000.0,47000000.0,66000000.0,23000000.0,,,,,339000000.0,-39000000.0,-454000000.0,11000000.0,-109000000.0,-77000000.0,-148000000.0,-12000000.0,-208000000.0,29000000,2019-12-31,107.04000091552734,107.55999755859376,106.66000366210938,107.0999984741211,104.66234588623048,308800.0
2020-03-31,1353000000.0,-652000000.0,701000000.0,-407000000.0,-70000000.0,,-48000000.0,294000000.0,-2000000.0,-24000000.0,292000000,-19000000.0,273000000,-70000000.0,203000000,,203000000,203000000,1269000000.0,568000000.0,,5270000000.0,375000000.0,,9153000000.0,9528000000.0,14798000000,315000000.0,1146000000.0,5450000000.0,2962000000.0,3950000000.0,9400000000,2529000000.0,-364000000.0,5140000000.0,5398000000.0,14798000000,203000000.0,48000000.0,34000000.0,95000000.0,,,,,380000000.0,-26000000.0,22000000.0,-157000000.0,-154000000.0,-78000000.0,694000000.0,-122000000.0,468000000.0,682000000,2020-03-31,99.5199966430664,100.4000015258789,94.58000183105469,94.9499969482422,93.23005676269531,1515700.0
2020-06-30,1398000000.0,-699000000.0,699000000.0,-367000000.0,-29000000.0,,-50000000.0,332000000.0,1000000.0,-25000000.0,333000000,-17000000.0,316000000,-75000000.0,241000000,,241000000,241000000,917000000.0,523000000.0,,4716000000.0,396000000.0,,9447000000.0,9843000000.0,14559000000,278000000.0,0.0,4249000000.0,3482000000.0,4553000000.0,8802000000,2535000000.0,-367000000.0,5301000000.0,5757000000.0,14559000000,241000000.0,50000000.0,9000000.0,141000000.0,,,,,441000000.0,-42000000.0,63000000.0,0.0,9000000.0,-80000000.0,-663000000.0,-30000000.0,-762000000.0,-303000000,2020-06-30,116.83000183105469,119.9800033569336,116.4499969482422,119.47000122070312,117.7868194580078,629300.0
