Report Date,Revenue,Cost of Revenue,Gross Profit,Operating Expenses,"Selling, General & Administrative",Research & Development,Depreciation & Amortization,Operating Income (Loss),Non-Operating Income (Loss),"Interest Expense, Net","Pretax Income (Loss), Adj.",Abnormal Gains (Losses),Pretax Income (Loss),"Income Tax (Expense) Benefit, Net",Income (Loss) from Continuing Operations,Net Extraordinary Gains (Losses),Net Income,Net Income (Common),"Cash, Cash Equivalents & Short Term Investments",Accounts & Notes Receivable,Inventories,Total Current Assets,"Property, Plant & Equipment, Net",Long Term Investments & Receivables,Other Long Term Assets,Total Noncurrent Assets,Total Assets,Payables & Accruals,Short Term Debt,Total Current Liabilities,Long Term Debt,Total Noncurrent Liabilities,Total Liabilities,Share Capital & Additional Paid-In Capital,Treasury Stock,Retained Earnings,Total Equity,Total Liabilities & Equity,Net Income/Starting Line,Depreciation & Amortization,Non-Cash Items,Change in Working Capital,Change in Accounts Receivable,Change in Inventories,Change in Accounts Payable,Change in Other,Net Cash from Operating Activities,Change in Fixed Assets & Intangibles,Net Change in Long Term Investment,Net Cash from Acquisitions & Divestitures,Net Cash from Investing Activities,Dividends Paid,Cash from (Repayment of) Debt,Cash from (Repurchase of) Equity,Net Cash from Financing Activities,Net Change in Cash,Price Date,Open,High,Low,Close,Adj Close,Volume
2009-06-30,2227627000.0,-1795201000.0,432426000.0,-281384000.0,-184874000.0,,-71249000.0,151042000.0,-52664000.0,-73392000.0,98378000,13230000.0,111608000,-30258000.0,81350000,,41679000,41679000,47038000.0,771196000.0,564530000.0,1793915000.0,7590860000.0,735394000.0,1713554000.0,10039808000.0,11833723000,826414000.0,958115000.0,2437043000.0,4346285000.0,5983814000.0,8420857000,1309363000.0,-696805000.0,1632795000.0,3412866000.0,11833723000,81350000.0,71249000.0,-5744000.0,138139000.0,240461000.0,-119145000.0,-13112000.0,29935000.0,284994000.0,-155627000.0,,14031000.0,-141596000.0,-42122000.0,-300723000.0,222288000.0,-173113000.0,-29715000,2009-06-30,12.918052673339846,12.939940452575685,12.69480037689209,12.909297943115234,6.835697650909424,1767897.0
2009-09-30,2364736000.0,-1912882000.0,451854000.0,-276896000.0,-179678000.0,,-72318000.0,174958000.0,-44680000.0,-72689000.0,130278000,6110000.0,136388000,-34080000.0,102308000,,48042000,48042000,52180000.0,726719000.0,657403000.0,1856962000.0,7698596000.0,774347000.0,1699565000.0,10172508000.0,12029470000,766580000.0,1092210000.0,2644461000.0,4340211000.0,5985234000.0,8629695000,1318390000.0,-696807000.0,1636572000.0,3399775000.0,12029470000,102308000.0,72318000.0,13320000.0,7139000.0,40509000.0,-92873000.0,-23010000.0,82513000.0,195085000.0,-206679000.0,,-17393000.0,-241381000.0,-44265000.0,130554000.0,23580000.0,51438000.0,5142000,2009-09-30,16.039222717285153,16.131149291992188,15.87287712097168,16.030467987060547,8.596805572509767,1311246.0
2009-12-31,3423563000.0,-2861303000.0,562260000.0,-302531000.0,-203715000.0,,-73230000.0,259729000.0,-66715000.0,-76778000.0,193014000,2667000.0,195681000,-59231000.0,136450000,7547000.0,93445000,93445000,29399000.0,1437994000.0,583127000.0,2588464000.0,7793658000.0,765163000.0,1680398000.0,10239219000.0,12827683000,1240207000.0,1150085000.0,3338912000.0,4334204000.0,6043309000.0,9382221000,1323564000.0,-683467000.0,1685710000.0,3445462000.0,12827683000,143997000.0,73298000.0,115019000.0,-150557000.0,-714376000.0,74276000.0,501413000.0,-11870000.0,181757000.0,-176013000.0,,,-166235000.0,-44307000.0,54401000.0,10575000.0,-38303000.0,-22781000,2009-12-31,19.40115547180176,19.685693740844727,19.40115547180176,19.51059341430664,10.580909729003906,1966640.0
2010-03-31,3923967000.0,-3304648000.0,619319000.0,-281201000.0,-180272000.0,,-77856000.0,338118000.0,-53548000.0,-76520000.0,284570000,-539000.0,284031000,-97311000.0,186720000,,154539000,154539000,167433000.0,1202293000.0,397254000.0,2108728000.0,7794404000.0,762435000.0,1663625000.0,10220464000.0,12329192000,965015000.0,803220000.0,2671516000.0,4103333000.0,5778035000.0,8449551000,1366816000.0,-674103000.0,1793548000.0,3879641000.0,12329192000,186720000.0,77856000.0,3310000.0,290831000.0,235922000.0,177305000.0,-268987000.0,146591000.0,558717000.0,-67710000.0,,,-66376000.0,-46701000.0,-575203000.0,327379000.0,-354307000.0,138034000,2010-03-31,20.119068145751953,20.136579513549805,19.930835723876953,19.98336410522461,10.943531036376953,1522781.0
2010-06-30,2807131000.0,-2349054000.0,458077000.0,-279091000.0,-178478000.0,,-75510000.0,178986000.0,-61526000.0,-75361000.0,117460000,-38000.0,117422000,-31048000.0,86374000,,41724000,41724000,103251000.0,904325000.0,572941000.0,1878255000.0,7847340000.0,757232000.0,1637084000.0,10241656000.0,12119911000,830015000.0,1323225000.0,2875608000.0,3697585000.0,5373729000.0,8249337000,1376317000.0,-674103000.0,1788501000.0,3870574000.0,12119911000,86374000.0,75511000.0,11889000.0,-141364000.0,295615000.0,-175687000.0,-138526000.0,-122766000.0,32410000.0,-111623000.0,,,-103509000.0,-46771000.0,116790000.0,3204000.0,6917000.0,-64182000,2010-06-30,19.059709548950195,19.357379913330078,18.85834312438965,18.93276023864746,10.46302890777588,2300391.0
2010-09-30,2942703000.0,-2491333000.0,451370000.0,-280592000.0,-183893000.0,,-77234000.0,170778000.0,-36904000.0,-70907000.0,133874000,16392000.0,150266000,-29965000.0,120301000,,55295000,55295000,50483000.0,858819000.0,703677000.0,1988776000.0,7138972000.0,1194087000.0,1607918000.0,9940977000.0,11929753000,885017000.0,969616000.0,2596941000.0,3692043000.0,5437417000.0,8034358000,1383884000.0,-673979000.0,1794842000.0,3895395000.0,11929753000,120301000.0,77233000.0,12602000.0,-41232000.0,35604000.0,-160491000.0,44228000.0,39427000.0,168904000.0,247784000.0,,,249333000.0,-48954000.0,-356720000.0,1470000.0,-471005000.0,-52768000,2010-09-30,19.67256164550781,19.76886749267578,19.493083953857425,19.71633720397949,11.001696586608887,1931003.0
2010-12-31,3004990000.0,-2471586000.0,533404000.0,-297253000.0,-198238000.0,,-76624000.0,236151000.0,-37914000.0,-69444000.0,198237000,3822000.0,202059000,-55396000.0,146663000,1272000.0,83074000,83074000,30341000.0,1283891000.0,706912000.0,2379735000.0,7312948000.0,1188124000.0,1618368000.0,10119440000.0,12499175000,1212323000.0,1200091000.0,3151431000.0,3686542000.0,5426903000.0,8578334000,1393899000.0,-663274000.0,1826800000.0,3920841000.0,12499175000,147935000.0,76717000.0,21510000.0,-172151000.0,-474672000.0,-5849000.0,319402000.0,-11032000.0,74011000.0,-222291000.0,,0.0,-213804000.0,-51116000.0,227403000.0,11553000.0,120344000.0,-19449000,2010-12-31,24.343372344970703,24.55349349975586,24.26020050048828,24.282087326049805,13.680500030517578,1103822.0
2011-03-31,3760600000.0,-3130723000.0,629877000.0,-301038000.0,-192759000.0,,-79357000.0,328839000.0,-46190000.0,-79349000.0,282649000,-44000.0,282605000,-84320000.0,198285000,1061000.0,130130000,130130000,870086000.0,1280125000.0,407671000.0,2795774000.0,7438893000.0,1186588000.0,1618341000.0,10243822000.0,13039596000,1131922000.0,418242000.0,2301648000.0,4976458000.0,6780930000.0,9082578000,1385515000.0,-652573000.0,1901279000.0,3957018000.0,13039596000,199346000.0,79391000.0,27565000.0,341479000.0,53410000.0,301262000.0,-77843000.0,64650000.0,647781000.0,-194139000.0,,0.0,-189485000.0,-55651000.0,510458000.0,5024000.0,380756000.0,839052000,2011-03-31,28.808439254760746,29.329364776611328,28.808439254760746,29.27683448791504,16.640874862670902,1160704.0
2011-06-30,3444798000.0,-2925965000.0,518833000.0,-302402000.0,-197772000.0,,-78793000.0,216431000.0,-46386000.0,-75498000.0,170045000,188000.0,170233000,-35904000.0,134329000,437000.0,55142000,55142000,477573000.0,1125338000.0,574173000.0,2529261000.0,7712574000.0,1177219000.0,1617279000.0,10507072000.0,13036333000,1194103000.0,894881000.0,2840617000.0,4622616000.0,6498012000.0,9338629000,1397271000.0,,951084000.0,3697704000.0,13036333000,134766000.0,78824000.0,47761000.0,-33533000.0,155702000.0,-166502000.0,57644000.0,-80377000.0,227818000.0,-328845000.0,,0.0,-319404000.0,-55705000.0,123454000.0,-300209000.0,-300927000.0,-392513000,2011-06-30,32.472423553466804,32.63001251220703,32.266677856445305,32.39800262451172,18.55584526062012,1853334.0
2011-09-30,3529359000.0,-2996735000.0,532624000.0,-283214000.0,-185127000.0,,-75953000.0,249410000.0,-54913000.0,-73841000.0,194497000,690000.0,195187000,-34028000.0,161159000,-279000.0,60321000,60321000,148407000.0,1141132000.0,658059000.0,2312043000.0,8019313000.0,1224397000.0,1615371000.0,10859081000.0,13171124000,1241633000.0,1015253000.0,2976764000.0,4532053000.0,6512300000.0,9489064000,1405316000.0,-947839000.0,1903056000.0,3682060000.0,13171124000,160880000.0,75986000.0,69173000.0,-152019000.0,-14481000.0,-107785000.0,19798000.0,-49551000.0,154020000.0,-338375000.0,,0.0,-387998000.0,-57981000.0,30278000.0,2219000.0,-95188000.0,-329166000,2011-09-30,29.24181365966797,29.50446510314941,28.909122467041016,28.909122467041016,16.684135437011722,2414382.0
2011-12-31,4071037000.0,-3372012000.0,699025000.0,-333829000.0,-238008000.0,,-78057000.0,365196000.0,-30197000.0,-68318000.0,334999000,538000.0,335537000,-71796000.0,263741000,1011000.0,115001000,115001000,65953000.0,1339933000.0,549915000.0,2318812000.0,8444333000.0,1223398000.0,1710092000.0,11377823000.0,13696635000,1341718000.0,1206373000.0,3246175000.0,4529551000.0,6650728000.0,9896903000,1419643000.0,-935323000.0,1960374000.0,3799732000.0,13696635000,264752000.0,78087000.0,18608000.0,-34900000.0,-250492000.0,38870000.0,103022000.0,73700000.0,326547000.0,-473420000.0,,0.0,-474739000.0,-57683000.0,188825000.0,10764000.0,74597000.0,-73595000,2011-12-30,37.78672790527344,38.15881729125977,37.78672790527344,37.94869613647461,22.064416885375977,1277665.0
2012-03-31,3414600000.0,-2771013000.0,643587000.0,-307467000.0,-192881000.0,,-83409000.0,336120000.0,-33608000.0,-75815000.0,302512000,-9223000.0,293289000,-73839000.0,219450000,14012000.0,122865000,122865000,781192000.0,1154951000.0,299130000.0,2609275000.0,8701036000.0,1219635000.0,1722130000.0,11642801000.0,14252076000,1110108000.0,784154000.0,2600323000.0,5225849000.0,7272298000.0,9872621000,1318718000.0,-903585000.0,2019864000.0,4379455000.0,14252076000,233462000.0,83417000.0,59523000.0,62933000.0,180413000.0,251227000.0,-176674000.0,-192033000.0,426085000.0,-347916000.0,,32008000.0,-314399000.0,-63375000.0,274350000.0,461963000.0,594694000.0,706380000,2012-03-30,35.96567916870117,35.991943359375,35.67676544189453,35.746803283691406,20.92921638488769,1063845.0
2012-06-30,2529260000.0,-1980298000.0,548962000.0,-315849000.0,-204126000.0,,-84586000.0,233113000.0,-46578000.0,-71535000.0,186535000,2815000.0,189350000,-40412000.0,148938000,267000.0,60993000,60993000,114920000.0,793842000.0,561802000.0,1807319000.0,9098053000.0,1210268000.0,1701551000.0,12009872000.0,13817191000,911977000.0,608193000.0,2256677000.0,5224623000.0,7354526000.0,9611203000,1328662000.0,-1050942000.0,2017460000.0,4205988000.0,13817191000,149205000.0,84586000.0,39749000.0,-46748000.0,360640000.0,-262672000.0,-227332000.0,82616000.0,226525000.0,-430953000.0,,0.0,-424052000.0,-63397000.0,-176917000.0,-147692000.0,-468745000.0,-666272000,2012-06-29,36.88496017456055,37.14760971069336,36.61355209350586,37.04254913330078,21.845823287963867,1518326.0
2012-09-30,3028775000.0,-2474803000.0,553972000.0,-310639000.0,-206048000.0,,-81434000.0,243333000.0,-38643000.0,-71364000.0,204690000,2882000.0,207572000,-42584000.0,164988000,0.0,65219000,65219000,978825000.0,984724000.0,644719000.0,2956030000.0,9490382000.0,1218282000.0,1699613000.0,12408277000.0,15364307000,1153750000.0,687887000.0,2439113000.0,6517464000.0,8749635000.0,11188748000,1339503000.0,-1048329000.0,2015008000.0,4175559000.0,15364307000,164988000.0,81434000.0,46592000.0,-182765000.0,-190703000.0,-82917000.0,247523000.0,-156668000.0,110249000.0,-458121000.0,,938000.0,-460133000.0,-67671000.0,1372774000.0,2477000.0,1213789000.0,863905000,2012-09-28,41.86657333374024,42.38312149047852,41.75275802612305,42.295570373535156,25.12939262390137,875154.0
2012-12-31,1211486000.0,-1314205000.0,-102719000.0,236896000.0,165405000.0,,44095000.0,134177000.0,10208000.0,-18924000.0,144385000,23910000.0,168295000,-23923000.0,144372000,51503000.0,111542000,111542000,583618000.0,1349371000.0,517014000.0,2764660000.0,10114340000.0,1221405000.0,1754870000.0,13090615000.0,15855275000,1333489000.0,828025000.0,2812994000.0,6515372000.0,8809831000.0,11622825000,1327156000.0,-1039773000.0,2059024000.0,4232450000.0,15855275000,195875000.0,86415000.0,-42018000.0,-19136000.0,-365124000.0,127705000.0,125502000.0,92781000.0,221136000.0,-616923000.0,,0.0,-615615000.0,-67526000.0,138210000.0,8808000.0,-728000.0,-395207000,2012-12-31,36.71861267089844,37.48905563354492,36.61355209350586,37.427772521972656,22.39349174499512,1784116.0
2013-03-31,2517955000.0,-2146848000.0,371107000.0,-196418000.0,-121405000.0,,-55283000.0,174689000.0,-34510000.0,-64486000.0,140179000,9128000.0,149307000,-38804000.0,110503000,55202000.0,112521000,112521000,143947000.0,1261804000.0,302473000.0,1949663000.0,10521218000.0,1220129000.0,1755209000.0,13496556000.0,15446219000,1205248000.0,562021000.0,2337025000.0,6513327000.0,8905061000.0,11242086000,1270193000.0,-1010450000.0,2097764000.0,4204133000.0,15446219000,165705000.0,90221000.0,66034000.0,149538000.0,90953000.0,214541000.0,-103690000.0,-52266000.0,471498000.0,-498469000.0,,0.0,-494807000.0,-73781000.0,-267895000.0,15650000.0,-416362000.0,-439671000,2013-03-28,40.693397521972656,41.840309143066406,40.6058464050293,41.73524856567383,25.16192054748535,2140026.0
2013-06-30,2768984000.0,-2356226000.0,412758000.0,-184648000.0,-108906000.0,,-58883000.0,228110000.0,-37345000.0,-66120000.0,190765000,5935000.0,196700000,-42923000.0,153777000,-74282000.0,919000,919000,33681000.0,1158738000.0,434996000.0,1889589000.0,10979485000.0,1208787000.0,1764413000.0,13952685000.0,15842274000,1214322000.0,844685000.0,2648779000.0,6511359000.0,9019139000.0,11667918000,1280671000.0,-1007834000.0,2024482000.0,4174356000.0,15842274000,79495000.0,91855000.0,69422000.0,76011000.0,99680000.0,-132523000.0,39736000.0,69118000.0,316783000.0,-558531000.0,,0.0,-548793000.0,-74201000.0,280837000.0,6294000.0,121744000.0,-110266000,2013-06-28,36.50849151611328,36.77114486694336,36.14078140258789,36.16704559326172,21.958505630493164,1980803.0
2013-09-30,3135381000.0,-2711159000.0,424222000.0,-192851000.0,-116678000.0,,-61850000.0,231371000.0,-35036000.0,-66187000.0,196335000,6450000.0,202785000,-44961000.0,157824000,-10126000.0,62356000,62356000,779524000.0,1166994000.0,664213000.0,2882024000.0,11770796000.0,1201873000.0,1755650000.0,14728319000.0,17610343000,1382785000.0,572985000.0,2621710000.0,7757159000.0,10297987000.0,12919697000,1406544000.0,-1005829000.0,2008471000.0,4690646000.0,17610343000,147698000.0,94267000.0,32839000.0,-41539000.0,-8256000.0,-229217000.0,146697000.0,49237000.0,233265000.0,-539135000.0,,-304889000.0,-837091000.0,-78367000.0,974237000.0,555840000.0,1349669000.0,745843000,2013-09-30,46.13903045654297,46.89196395874024,46.13903045654297,46.68184280395508,28.547348022460934,1856760.0
2013-12-31,3449559000.0,-3007980000.0,441579000.0,-207012000.0,-132176000.0,,-63327000.0,234567000.0,-49079000.0,-73853000.0,185488000,20890000.0,206378000,-39392000.0,166986000,17077000.0,90737000,90737000,145565000.0,1109510000.0,188286000.0,2404724000.0,9231954000.0,1229838000.0,4874965000.0,15336757000.0,17741481000,1273102000.0,575112000.0,2730330000.0,7753657000.0,10165971000.0,12896301000,1436058000.0,-997035000.0,2020815000.0,4845180000.0,17741481000,184063000.0,108034000.0,65997000.0,-84873000.0,-372186000.0,247136000.0,82333000.0,-42156000.0,273221000.0,-646833000.0,,-90000000.0,-761340000.0,-78393000.0,67000.0,26747000.0,-142092000.0,-630211000,2013-12-31,53.712135314941406,54.48257827758789,53.712135314941406,54.43880081176758,33.515060424804695,912846.0
2014-03-31,3163296000.0,-2652669000.0,510627000.0,-216525000.0,-126726000.0,,-67414000.0,294102000.0,-85367000.0,-94901000.0,208735000,10986000.0,219721000,-14984000.0,204737000,1774000.0,93515000,93515000,210227000.0,883673000.0,231237000.0,1656327000.0,9510794000.0,1229054000.0,1256959000.0,11996807000.0,13653134000,1257945000.0,135650000.0,1891724000.0,7199029000.0,8633703000.0,10525427000,1379481000.0,-965310000.0,280242000.0,3127707000.0,13653134000,206511000.0,78768000.0,-13653000.0,218757000.0,112780000.0,63844000.0,27817000.0,14316000.0,490383000.0,-429432000.0,,-14000000.0,-439334000.0,-83275000.0,208599000.0,55859000.0,9865000.0,60914000,2014-03-31,58.58000183105469,59.36999893188477,58.22999954223633,59.25,36.7244758605957,1345300.0
2014-06-30,3066882000.0,-2571402000.0,495480000.0,-244149000.0,-153323000.0,,-72127000.0,251331000.0,-61495000.0,-88751000.0,189836000,1237000.0,191073000,-42313000.0,148760000,-8009000.0,61590000,61590000,358560000.0,1097008000.0,335116000.0,2059655000.0,9870664000.0,1212408000.0,1241811000.0,12324883000.0,14384538000,1376638000.0,10650000.0,1851171000.0,7196988000.0,8740036000.0,10591207000,1506040000.0,-961911000.0,225423000.0,3793331000.0,14384538000,140751000.0,72127000.0,31283000.0,-198237000.0,-95276000.0,-103966000.0,-31243000.0,32248000.0,45924000.0,-392450000.0,,0.0,-381162000.0,-116409000.0,-126922000.0,832072000.0,484054000.0,148816000,2014-06-30,67.69000244140625,68.13999938964844,67.26000213623047,68.08000183105469,42.577857971191406,767900.0
2014-09-30,3120145000.0,-2583204000.0,536941000.0,-247083000.0,-153408000.0,,-74588000.0,289858000.0,-140805000.0,-86052000.0,149053000,3257000.0,152310000,-37858000.0,114452000,-171000.0,64458000,64458000,151403000.0,971285000.0,338345000.0,1712787000.0,10242122000.0,1128509000.0,1228778000.0,12599409000.0,14312196000,1415453000.0,10650000.0,1781901000.0,7194957000.0,8770900000.0,10552801000,1517616000.0,-956977000.0,170249000.0,3759395000.0,14312196000,114281000.0,74588000.0,95567000.0,49796000.0,139051000.0,-3229000.0,-107760000.0,21734000.0,334232000.0,-380116000.0,,0.0,-371640000.0,-121367000.0,-1913000.0,72449000.0,-169647000.0,-207055000,2014-09-30,66.08000183105469,66.34999847412111,65.27999877929689,65.55000305175781,41.35538101196289,1235900.0
2014-12-31,2844768000.0,-2281273000.0,563495000.0,-261814000.0,-165686000.0,,-80555000.0,301681000.0,25444000.0,-86459000.0,327125000,-70356000.0,256769000,-56003000.0,200766000,799000.0,94544000,94544000,172812000.0,745494000.0,189967000.0,1307244000.0,11662437000.0,1132653000.0,1159439000.0,13954529000.0,15261773000,996290000.0,1065946000.0,2392345000.0,7150142000.0,8863545000.0,11255890000,1544041000.0,-953701000.0,138128000.0,4005883000.0,15261773000,201565000.0,80555000.0,25311000.0,107640000.0,224958000.0,204211000.0,-306807000.0,-14722000.0,415071000.0,-569335000.0,,-800934000.0,-1374087000.0,-122766000.0,1053385000.0,171909000.0,980227000.0,21211000,2014-12-31,49.86999893188477,50.54999923706055,48.95000076293945,49.790000915527344,31.72772789001465,1944600.0
2015-03-31,1805306000.0,-1343864000.0,461442000.0,-264973000.0,-154331000.0,,-85955000.0,196469000.0,-63997000.0,-96750000.0,132472000,793000.0,133265000,-37428000.0,95837000,-144000.0,60800000,60800000,239411000.0,628064000.0,218691000.0,1321949000.0,11891321000.0,1124204000.0,1195599000.0,14211124000.0,15533073000,721535000.0,1486125000.0,2548720000.0,7339766000.0,9091065000.0,11639785000,1539624000.0,-942550000.0,72976000.0,3893288000.0,15533073000,95693000.0,85955000.0,14951000.0,-157329000.0,134300000.0,-84557000.0,-125898000.0,-81174000.0,39270000.0,-343729000.0,,,-333775000.0,-126053000.0,567127000.0,57184000.0,360951000.0,66446000,2015-03-31,47.81000137329102,48.709999084472656,47.70000076293945,48.2400016784668,31.16188240051269,2363700.0
2015-06-30,2128052000.0,-1603093000.0,524959000.0,-252337000.0,-140869000.0,,-86987000.0,272622000.0,-74244000.0,-102384000.0,198378000,864000.0,199242000,-48222000.0,151020000,-140000.0,76505000,76505000,226193000.0,684899000.0,150137000.0,1263796000.0,12075850000.0,1146407000.0,1165127000.0,14387384000.0,15651180000,694914000.0,1531134000.0,2606562000.0,7291400000.0,9045259000.0,11651821000,1566774000.0,-937051000.0,23119000.0,3999359000.0,15651180000,150880000.0,86987000.0,21993000.0,34790000.0,-75180000.0,68554000.0,-10221000.0,51637000.0,294650000.0,-285028000.0,,,-321997000.0,-126363000.0,43082000.0,228212000.0,13900000.0,-13447000,2015-06-30,39.45000076293945,39.63000106811523,38.959999084472656,39.47999954223633,25.82480239868164,2106100.0
2015-09-30,1898946000.0,-1360809000.0,538137000.0,-252476000.0,-146979000.0,,-88299000.0,285661000.0,-82116000.0,-106923000.0,203545000,-549000.0,202996000,-38298000.0,164698000,-3860000.0,82157000,82157000,38371000.0,586157000.0,204912000.0,952790000.0,12278593000.0,1137059000.0,1139856000.0,14555508000.0,15508298000,729022000.0,947922000.0,1960821000.0,7773756000.0,9510172000.0,11470993000,1480089000.0,-929505000.0,0.0,4037305000.0,15508298000,160838000.0,88299000.0,17235000.0,94785000.0,98622000.0,7829000.0,-55423000.0,43757000.0,361157000.0,-298388000.0,,,-286409000.0,-128082000.0,-92522000.0,104103000.0,-262136000.0,-187388000,2015-09-30,31.270000457763672,32.240001678466804,30.84000015258789,32.200000762939446,21.386253356933594,3112700.0
2015-12-31,1930902000.0,-1333286000.0,597616000.0,-278165000.0,-163569000.0,,-93379000.0,319451000.0,-75522000.0,-110730000.0,243929000,-257556000.0,-13627000,-12652000.0,-26279000,-1937000.0,25515000,25515000,97619000.0,593979000.0,204780000.0,975210000.0,12373989000.0,948221000.0,1148691000.0,14470901000.0,15446111000,745025000.0,656990000.0,1638266000.0,8323582000.0,10041509000.0,11679775000,1380902000.0,-917862000.0,0.0,3766336000.0,15446111000,-28216000.0,93379000.0,245955000.0,785000.0,-691000.0,14224000.0,-13601000.0,853000.0,311903000.0,-257342000.0,,0.0,-248538000.0,-128699000.0,257110000.0,6830000.0,-4126000.0,59239000,2015-12-31,23.86000061035156,24.790000915527344,23.31999969482422,24.65999984741211,16.683420181274414,3905200.0
2016-03-31,1774459000.0,-1195738000.0,578721000.0,-271493000.0,-155145000.0,,-94478000.0,307228000.0,-85665000.0,-118247000.0,221563000,4414000.0,225977000,-50066000.0,175911000,-952000.0,83446000,83446000,137219000.0,521436000.0,239219000.0,991021000.0,12437127000.0,929209000.0,1143792000.0,14510128000.0,15501149000,626947000.0,905217000.0,1764460000.0,8320451000.0,10091182000.0,11855642000,1330009000.0,-908507000.0,0.0,3645507000.0,15501149000,174959000.0,94478000.0,27668000.0,-66438000.0,68326000.0,-27991000.0,-64088000.0,-42685000.0,230667000.0,-181553000.0,,,-169947000.0,-129235000.0,246079000.0,3964000.0,-21131000.0,39589000,2016-03-31,29.01000022888184,29.93000030517578,28.85000038146973,29.86000061035156,20.753217697143555,2565700.0
2016-06-30,2134107000.0,-1527323000.0,606784000.0,-291086000.0,-167667000.0,,-99247000.0,315698000.0,-82741000.0,-118976000.0,232957000,-413000.0,232544000,-52458000.0,180086000,-227000.0,85944000,85944000,180854000.0,672059000.0,331073000.0,1281188000.0,12484622000.0,913813000.0,1143277000.0,14541712000.0,15822900000,817607000.0,1036957000.0,2188421000.0,8320277000.0,10142302000.0,12330723000,1297041000.0,-900366000.0,0.0,3492177000.0,15822900000,179859000.0,99247000.0,37978000.0,-16145000.0,-153761000.0,-89871000.0,168064000.0,59423000.0,300939000.0,-133469000.0,,,-128532000.0,-129273000.0,129737000.0,7137000.0,-128489000.0,43918000,2016-06-30,47.27999877929688,47.4900016784668,46.31000137329102,47.45000076293945,33.534927368164055,2831000.0
2016-09-30,2357907000.0,-1751593000.0,606314000.0,-282701000.0,-165664000.0,,-98550000.0,323613000.0,-79553000.0,-118240000.0,244060000,5744000.0,249804000,-55012000.0,194792000,-576000.0,92144000,92144000,237410000.0,737224000.0,299470000.0,1369291000.0,12526749000.0,943390000.0,1142605000.0,14612744000.0,15982035000,815954000.0,1154150000.0,2341964000.0,8320144000.0,10199857000.0,12541821000,1266499000.0,-897852000.0,0.0,3440214000.0,15982035000,194216000.0,98550000.0,21369000.0,76287000.0,-59995000.0,28177000.0,34222000.0,73883000.0,390422000.0,-157407000.0,,,-186109000.0,-129595000.0,115227000.0,3847000.0,-147801000.0,56512000,2016-09-30,51.4900016784668,51.599998474121094,50.849998474121094,51.38999938964844,36.81327438354492,2050800.0
2016-12-31,2654461000.0,-2021470000.0,632991000.0,-303489000.0,-179859000.0,,-99310000.0,329502000.0,-79970000.0,-114188000.0,249532000,99000.0,249631000,-54870000.0,194761000,-296000.0,90505000,90505000,248875000.0,872430000.0,200946000.0,1429684000.0,12571403000.0,958807000.0,1178857000.0,14709067000.0,16138751000,987245000.0,1520927000.0,2836701000.0,7919996000.0,9873135000.0,12709836000,1236772000.0,-893677000.0,0.0,3428915000.0,16138751000,194465000.0,99310000.0,27295000.0,108516000.0,-140376000.0,77735000.0,149434000.0,21723000.0,429586000.0,-126785000.0,,0.0,-130857000.0,-129498000.0,-35146000.0,7023000.0,-287371000.0,11358000,2016-12-30,58.0099983215332,58.2400016784668,57.15999984741211,57.40999984741211,41.64596176147461,1271200.0
2017-03-31,2749611000.0,-2143843000.0,605768000.0,-288624000.0,-162052000.0,,-99419000.0,317144000.0,-76024000.0,-116462000.0,241120000,6000.0,241126000,-54941000.0,186185000,,87361000,87361000,310808000.0,734844000.0,193339000.0,1378447000.0,12553584000.0,956388000.0,1179139000.0,14689111000.0,16067558000,793429000.0,1701379000.0,2731974000.0,7919826000.0,9866071000.0,12598045000,1234527000.0,-887970000.0,30887000.0,3469513000.0,16067558000,186185000.0,99419000.0,14716000.0,-31230000.0,137586000.0,-53305000.0,-122843000.0,7332000.0,269090000.0,-112441000.0,,,-109463000.0,-129842000.0,178501000.0,3722000.0,-97694000.0,61933000,2017-03-31,54.52000045776367,56.0,54.52000045776367,55.43999862670898,40.66712951660156,3421200.0
2017-06-30,2725772000.0,-2091022000.0,634750000.0,-315937000.0,-190784000.0,,-100849000.0,318813000.0,-99637000.0,-118473000.0,219176000,659000.0,219835000,-43844000.0,175991000,,71693000,71476000,332371000.0,749345000.0,275305000.0,1447811000.0,12546992000.0,944562000.0,1733558000.0,15225112000.0,16672923000,808531000.0,1769110000.0,2860519000.0,7835606000.0,8247173000.0,11107692000,6467277000.0,-883445000.0,0.0,5565231000.0,16672923000,175991000.0,100849000.0,20878000.0,76083000.0,-14501000.0,-6794000.0,-11491000.0,108869000.0,373801000.0,-81573000.0,,,-74268000.0,-129916000.0,-18269000.0,7123000.0,-277970000.0,21563000,2017-06-30,52.0099983215332,52.40999984741211,51.59000015258789,52.15999984741211,38.69782257080078,42639900.0
2017-09-30,2906366000.0,-2229416000.0,676950000.0,-306632000.0,-179693000.0,,-102298000.0,370318000.0,-86733000.0,-126533000.0,283585000,-19926000.0,263659000,-97128000.0,166531000,,165742000,165466000,11676000.0,939595000.0,391632000.0,1518865000.0,12578607000.0,1013702000.0,1653667000.0,15245976000.0,16764841000,1019843000.0,1364900000.0,2741080000.0,8092000000.0,8507378000.0,11248458000,6422197000.0,-880931000.0,0.0,5516383000.0,16764841000,166531000.0,102298000.0,84372000.0,-60096000.0,-156309000.0,-114133000.0,216508000.0,-6162000.0,293105000.0,-134507000.0,,0.0,-210866000.0,-283687000.0,-141056000.0,35004000.0,-402934000.0,-320695000,2017-09-29,55.22000122070313,55.61000061035156,55.11000061035156,55.40999984741211,41.66978073120117,2496200.0
2017-12-31,3792158000.0,-3073764000.0,718394000.0,-317852000.0,-191785000.0,,-103769000.0,400542000.0,-84413000.0,-124190000.0,316129000,52000.0,316181000,-251369000.0,64812000,0.0,63045000,62771000,37193000.0,1202951000.0,432594000.0,1764458000.0,12698126000.0,1003156000.0,1380197000.0,15081479000.0,16845937000,1275880000.0,1047323000.0,2667335000.0,8091629000.0,8493250000.0,11160585000,6593110000.0,-876713000.0,0.0,5685352000.0,16845937000,64812000.0,103769000.0,220823000.0,-9988000.0,-297297000.0,-28027000.0,179131000.0,136205000.0,379416000.0,-179993000.0,,0.0,-173036000.0,-285969000.0,-319060000.0,425509000.0,-180863000.0,25517000,2017-12-29,53.61999893188477,53.88999938964844,53.33000183105469,53.45000076293945,40.76507186889648,2527700.0
2018-03-31,3102077000.0,-2368026000.0,734051000.0,-314441000.0,-181181000.0,,-104237000.0,419610000.0,-78109000.0,-115725000.0,341501000,319000.0,341820000,-75771000.0,266049000,,264508000,264233000,17474000.0,844218000.0,283993000.0,1290745000.0,12878189000.0,997380000.0,1266033000.0,15141602000.0,16432347000,870579000.0,932650000.0,2050838000.0,7091751000.0,7512257000.0,9563095000,7739623000.0,-863485000.0,0.0,6869252000.0,16432347000,266049000.0,104237000.0,33194000.0,91841000.0,358733000.0,149825000.0,-361008000.0,-55709000.0,495321000.0,-264226000.0,,,-255652000.0,-316408000.0,-1116586000.0,1182117000.0,-259388000.0,-19719000,2018-03-29,55.7400016784668,57.20000076293945,55.5,56.91999816894531,43.97044372558594,2701700.0
2018-06-30,2960529000.0,-2175818000.0,784711000.0,-336441000.0,-202037000.0,,-106288000.0,448270000.0,-79460000.0,-113496000.0,368810000,900000.0,369710000,-87531000.0,282179000,,281048000,280773000,15295000.0,934664000.0,399607000.0,1433687000.0,13303917000.0,986979000.0,1189137000.0,15480033000.0,16913720000,1162893000.0,1088650000.0,2572081000.0,7091246000.0,7503156000.0,10075237000,7704384000.0,-860935000.0,0.0,6838483000.0,16913720000,282179000.0,106288000.0,61407000.0,57775000.0,-90446000.0,-100478000.0,78436000.0,170263000.0,507649000.0,-350469000.0,,,-345749000.0,-327085000.0,154088000.0,4601000.0,-164079000.0,-2179000,2018-06-29,70.29000091552734,70.48999786376953,69.55000305175781,69.83000183105469,54.66612243652344,1877900.0
2018-09-30,3393890000.0,-2560765000.0,833125000.0,-337754000.0,-206247000.0,,-107383000.0,495371000.0,-80929000.0,-121910000.0,414442000,2457000.0,416899000,-102983000.0,313916000,,313259000,312984000,84464000.0,1085075000.0,554867000.0,1807908000.0,13960527000.0,981592000.0,1161287000.0,16103406000.0,17911314000,1451254000.0,627650000.0,2450206000.0,8325708000.0,8808350000.0,11258556000,7667123000.0,-856227000.0,0.0,6652758000.0,17911314000,313916000.0,107383000.0,71223000.0,20958000.0,-150411000.0,-140517000.0,240735000.0,71151000.0,513480000.0,-693907000.0,,-195000000.0,-883419000.0,-339575000.0,782860000.0,8410000.0,439108000.0,69169000,2018-09-28,68.08000183105469,68.47000122070311,67.75,67.79000091552734,53.71606063842773,2237400.0
2018-12-31,3136700000.0,-2318099000.0,818601000.0,-346989000.0,-213681000.0,,-110649000.0,471612000.0,-86993000.0,-118489000.0,384619000,4887000.0,389506000,-96618000.0,292888000,,292888000,292613000,11975000.0,818958000.0,437841000.0,1398632000.0,14766651000.0,969150000.0,1097238000.0,16833039000.0,18231671000,1277714000.0,507650000.0,2108436000.0,8873334000.0,9543692000.0,11652128000,7619588000.0,-851806000.0,0.0,6579543000.0,18231671000,292888000.0,110649000.0,269357000.0,-2625000.0,266117000.0,91170000.0,-278295000.0,-81617000.0,670269000.0,-832873000.0,,195000000.0,-630068000.0,-351990000.0,428088000.0,8853000.0,-112690000.0,-72489000,2018-12-31,53.22000122070313,54.0,53.06999969482422,53.95000076293945,43.32090377807617,2875000.0
2019-03-31,2779958000.0,-1956377000.0,823581000.0,-354899000.0,-207251000.0,,-114158000.0,468682000.0,-66041000.0,-115420000.0,402641000,12501000.0,415142000,-77934000.0,337208000,,337208000,336933000,27814000.0,812869000.0,406954000.0,1342779000.0,15518032000.0,950924000.0,1122590000.0,17591546000.0,18934325000,1140889000.0,307650000.0,1689669000.0,10004341000.0,10802650000.0,12492319000,7532297000.0,-820767000.0,0.0,6442006000.0,18934325000,337208000.0,114158000.0,16369000.0,-114129000.0,6089000.0,53444000.0,-62469000.0,-111193000.0,353606000.0,-877340000.0,,,-864829000.0,-354203000.0,940869000.0,4784000.0,527062000.0,15839000,2019-03-29,69.98000335693361,70.04000091552734,69.36000061035156,69.83999633789061,56.8608283996582,3037500.0
2019-06-30,2457575000.0,-1625794000.0,831781000.0,-352677000.0,-206776000.0,,-114964000.0,479104000.0,-82190000.0,-117493000.0,396914000,13984000.0,410898000,-98935000.0,311963000,,311963000,311688000,273397000.0,669289000.0,362467000.0,1401170000.0,16336239000.0,881084000.0,1133101000.0,18350424000.0,19751594000,1074237000.0,307650000.0,1737373000.0,10754087000.0,11666085000.0,13403458000,7499908000.0,-815376000.0,0.0,6348136000.0,19751594000,311963000.0,114964000.0,180027000.0,7391000.0,143580000.0,-53444000.0,-205588000.0,122843000.0,614345000.0,-830601000.0,,,-767232000.0,-357331000.0,748088000.0,9374000.0,398470000.0,245583000,2019-06-28,67.52999877929689,68.83999633789061,67.45999908447266,68.80999755859375,56.725624084472656,2657200.0
2019-09-30,2263228000.0,-1414528000.0,848700000.0,-366565000.0,-218305000.0,,-121430000.0,482135000.0,-91423000.0,-129577000.0,390712000,15808000.0,406520000,-97365000.0,309155000,,309155000,308880000,673309000.0,718708000.0,476478000.0,1967585000.0,17362856000.0,870511000.0,1134955000.0,19368322000.0,21335907000,1331270000.0,7650000.0,1567152000.0,12479452000.0,13549849000.0,15117001000,7452549000.0,-812539000.0,0.0,6218906000.0,21335907000,309155000.0,121430000.0,-140542000.0,68851000.0,-49419000.0,,105251000.0,13019000.0,358894000.0,-1031397000.0,,,-1015813000.0,-367845000.0,1441042000.0,5175000.0,1056831000.0,399912000,2019-09-30,73.0999984741211,73.73999786376953,73.0999984741211,73.69000244140625,61.51987838745117,1775300.0
2019-12-31,2663606000.0,-1791341000.0,872265000.0,-385258000.0,-231376000.0,,-125983000.0,487007000.0,-88523000.0,-129283000.0,398484000,19947000.0,418431000,-98180000.0,320251000,,320251000,319976000,20958000.0,835121000.0,506675000.0,1470334000.0,18348685000.0,,1993102000.0,20341787000.0,21812121000,1476072000.0,227650000.0,2020298000.0,12479757000.0,13565872000.0,15586170000,7408345000.0,-808394000.0,,6225951000.0,21812121000,320251000.0,125983000.0,291450000.0,-117750000.0,-119938000.0,,99860000.0,-97672000.0,619934000.0,-1109011000.0,,,-1120884000.0,-378249000.0,218088000.0,9707000.0,-151401000.0,-652351000,2019-12-31,74.93000030517578,75.70999908447266,74.7300033569336,75.66999816894531,64.01163482666016,1677400.0
2020-03-31,2136672000.0,-1276928000.0,859744000.0,-339393000.0,-175096000.0,,-132353000.0,520351000.0,-91462000.0,-140616000.0,428889000,-626141000.0,-197252000,55395000.0,-141857000,,-141857000,-142132000,531630000.0,497556000.0,386112000.0,1488282000.0,18629492000.0,810479000.0,1041187000.0,20481158000.0,21969440000,925258000.0,7650000.0,1091392000.0,14146650000.0,15317407000.0,16408799000,6993903000.0,-792019000.0,-141857000.0,5560641000.0,21969440000,-141857000.0,132353000.0,726260000.0,-294035000.0,334370000.0,,-350701000.0,-277704000.0,422721000.0,-949679000.0,,,-964792000.0,-386667000.0,1475832000.0,,1052743000.0,510672000,2020-03-31,20.559999465942386,22.84000015258789,20.309999465942386,21.809999465942386,18.678686141967773,10287800.0
2020-06-30,1660729000.0,-940458000.0,720271000.0,-364880000.0,-190138000.0,,-140416000.0,355391000.0,-182123000.0,-218968000.0,173268000,4193000.0,177461000,-43140000.0,134321000,,134321000,134046000,945732000.0,608923000.0,515255000.0,2179859000.0,18981173000.0,790035000.0,1041400000.0,20812608000.0,22992467000,1050602000.0,7650000.0,1273102000.0,14276232000.0,15478713000.0,16751815000,7554580000.0,-781489000.0,-7536000.0,6240652000.0,22992467000,134321000.0,140416000.0,-122290000.0,161250000.0,-113812000.0,103043000.0,109860000.0,62159000.0,313697000.0,-594282000.0,,,-590094000.0,-387294000.0,142826000.0,954423000.0,690499000.0,414102000,2020-06-30,31.3799991607666,33.400001525878906,31.20000076293945,33.220001220703125,29.39166641235352,4855100.0
