Report Date,Revenue,Cost of Revenue,Gross Profit,Operating Expenses,"Selling, General & Administrative",Research & Development,Depreciation & Amortization,Operating Income (Loss),Non-Operating Income (Loss),"Interest Expense, Net","Pretax Income (Loss), Adj.",Abnormal Gains (Losses),Pretax Income (Loss),"Income Tax (Expense) Benefit, Net",Income (Loss) from Continuing Operations,Net Extraordinary Gains (Losses),Net Income,Net Income (Common),"Cash, Cash Equivalents & Short Term Investments",Accounts & Notes Receivable,Inventories,Total Current Assets,"Property, Plant & Equipment, Net",Long Term Investments & Receivables,Other Long Term Assets,Total Noncurrent Assets,Total Assets,Payables & Accruals,Short Term Debt,Total Current Liabilities,Long Term Debt,Total Noncurrent Liabilities,Total Liabilities,Share Capital & Additional Paid-In Capital,Treasury Stock,Retained Earnings,Total Equity,Total Liabilities & Equity,Net Income/Starting Line,Depreciation & Amortization,Non-Cash Items,Change in Working Capital,Change in Accounts Receivable,Change in Inventories,Change in Accounts Payable,Change in Other,Net Cash from Operating Activities,Change in Fixed Assets & Intangibles,Net Change in Long Term Investment,Net Cash from Acquisitions & Divestitures,Net Cash from Investing Activities,Dividends Paid,Cash from (Repayment of) Debt,Cash from (Repurchase of) Equity,Net Cash from Financing Activities,Net Change in Cash,Price Date,Open,High,Low,Close,Adj Close,Volume
2009-06-30,2870700000.0,,2870700000.0,-2472600000.0,,,,398100000.0,-21900000.0,-21900000.0,376200000,,376200000,-129700000.0,253800000,,233400000,233400000,411900000.0,4940300000.0,614100000.0,6899800000.0,704800000.0,315200000.0,7965600000.0,8985600000.0,15885400000,6827800000.0,44100000.0,8328900000.0,2413500000.0,3275700000.0,11604600000,1508300000.0,-3779900000.0,6164000000.0,4280800000.0,15885400000,253800000.0,57900000.0,30000000.0,-3900000.0,,,,,337800000.0,-40000000.0,-5200000.0,-60700000.0,-96300000.0,-46800000.0,-308800000.0,-900000.0,-398900000.0,-12500000,2009-06-30,31.57999992370605,32.040000915527344,31.239999771118164,31.57999992370605,22.57280921936035,2871800.0
2009-09-30,2837600000.0,,2837600000.0,-2542800000.0,,,,294800000.0,-28900000.0,-28900000.0,265900000,,265900000,-90500000.0,182700000,,165600000,165600000,613300000.0,4812500000.0,669000000.0,7109700000.0,694300000.0,315800000.0,8081600000.0,9091700000.0,16201400000,6894400000.0,176800000.0,8605000000.0,2236000000.0,3124400000.0,11729400000,1499800000.0,-3756800000.0,6282800000.0,4472000000.0,16201400000,182800000.0,60100000.0,19900000.0,80900000.0,,,,,343700000.0,-30100000.0,-3200000.0,-50200000.0,-60000000.0,-46800000.0,-44200000.0,-700000.0,-99900000.0,197500000,2009-09-30,37.81999969482422,37.81999969482422,36.65999984741211,36.93999862670898,26.511192321777344,3562900.0
2009-12-31,3265800000.0,,3265800000.0,-2866200000.0,,,,399600000.0,-28500000.0,-28500000.0,371100000,,371100000,-124700000.0,256700000,,229500000,229500000,1594800000.0,5574100000.0,607600000.0,8788500000.0,677300000.0,299400000.0,8155500000.0,9132200000.0,17920700000,8203200000.0,37100000.0,10082500000.0,2220600000.0,3170700000.0,13253200000,1467800000.0,-3730400000.0,6465400000.0,4667500000.0,17920700000,256600000.0,69000000.0,-8600000.0,961500000.0,,,,,1278500000.0,-37200000.0,6300000.0,-24800000.0,-48500000.0,-138500000.0,-154700000.0,6800000.0,-257300000.0,989600000,2009-12-31,39.7599983215332,39.9900016784668,39.11999893188477,39.150001525878906,28.211021423339844,988900.0
2010-03-31,2920000000.0,,2920000000.0,-2629000000.0,,,,291000000.0,-24100000.0,-24100000.0,266900000,,266900000,-90700000.0,180900000,,163400000,163400000,908400000.0,5184300000.0,673900000.0,7851000000.0,647500000.0,275100000.0,8055900000.0,8978500000.0,16829500000,7429400000.0,29900000.0,9235100000.0,2215300000.0,3213800000.0,12448900000,1474700000.0,-3966700000.0,6567300000.0,4380600000.0,16829500000,180900000.0,62000000.0,18000000.0,-538800000.0,,,,,-277900000.0,-25200000.0,-200000.0,-19600000.0,-43700000.0,-73100000.0,-8700000.0,-239000000.0,-329200000.0,-686600000,2010-03-31,38.5,39.29999923706055,37.9900016784668,38.810001373291016,28.11534118652344,4734700.0
2010-06-30,3041200000.0,,3041200000.0,-2625800000.0,,,,415400000.0,-23700000.0,-23700000.0,391700000,,391700000,-133200000.0,268800000,,243300000,243300000,543100000.0,5140600000.0,711100000.0,7454800000.0,628500000.0,291300000.0,7954600000.0,8874400000.0,16329200000,7425500000.0,305800000.0,9219600000.0,1901600000.0,2900000000.0,12119600000,1442500000.0,-4146100000.0,6749800000.0,4209600000.0,16329200000,268800000.0,61200000.0,-5400000.0,-217300000.0,,,,,107300000.0,-37900000.0,-2400000.0,-56800000.0,-96800000.0,-81500000.0,-36900000.0,-232500000.0,-341900000.0,-366700000,2010-06-30,34.720001220703125,35.189998626708984,34.18000030517578,34.299999237060554,24.98200798034668,3380000.0
2010-09-30,2994600000.0,,2994600000.0,-2680500000.0,,,,314100000.0,-29800000.0,-29800000.0,284300000,,284300000,-96900000.0,195600000,,174600000,174600000,1698300000.0,5516900000.0,750600000.0,9132300000.0,637400000.0,280000000.0,8233000000.0,9150400000.0,18282700000,7694100000.0,316100000.0,9784200000.0,2904600000.0,3898600000.0,13682800000,1424000000.0,-4112400000.0,6863900000.0,4599900000.0,18282700000,195500000.0,62400000.0,-600000.0,-43200000.0,,,,,214100000.0,-35000000.0,100000.0,-39000000.0,-68700000.0,-79200000.0,1002600000.0,9700000.0,928400000.0,1155600000,2010-09-30,39.540000915527344,40.0,39.349998474121094,39.47999954223633,28.90218734741211,1945600.0
2010-12-31,3586700000.0,,3586700000.0,-3147000000.0,,,,439700000.0,-32200000.0,-32200000.0,407500000,,407500000,-139400000.0,278400000,,246400000,246400000,2300000000.0,5977200000.0,707600000.0,10194100000.0,653300000.0,299100000.0,8419600000.0,9372000000.0,19566100000,8914000000.0,51600000.0,11023100000.0,3124600000.0,4448800000.0,15471900000,1331500000.0,-4697100000.0,7052500000.0,4094200000.0,19566100000,278500000.0,67400000.0,-11000000.0,1109600000.0,,,,,1444500000.0,-55600000.0,2500000.0,-36700000.0,-84500000.0,-76900000.0,1600000.0,-711100000.0,-794600000.0,599400000,2010-12-31,45.81000137329102,45.95000076293945,45.65999984741211,45.79999923706055,33.67389678955078,1063000.0
2011-03-31,3151300000.0,,3151300000.0,-2829200000.0,,,,322100000.0,-32100000.0,-32100000.0,290000000,,290000000,-73900000.0,217100000,,201900000,201900000,1517800000.0,5470800000.0,803100000.0,9165900000.0,661600000.0,204100000.0,9136900000.0,10002600000.0,19168500000,8167500000.0,64100000.0,10396900000.0,3115200000.0,4572800000.0,14969700000,1312400000.0,-4985500000.0,7183000000.0,4198800000.0,19168500000,217100000.0,65200000.0,-106600000.0,-352600000.0,,,,,-176900000.0,-39100000.0,,-211400000.0,-239400000.0,-82800000.0,9700000.0,-305800000.0,-390000000.0,-776500000,2011-03-31,48.6500015258789,49.08000183105469,48.36999893188477,49.06000137329102,36.25317001342773,3542200.0
2011-06-30,3487400000.0,,3487400000.0,-2999300000.0,,,,488100000.0,-27600000.0,-27600000.0,460500000,,460500000,-158100000.0,307200000,,275100000,275100000,1003300000.0,5981000000.0,782400000.0,9034400000.0,663400000.0,209600000.0,9249300000.0,10122300000.0,19156700000,8389500000.0,65700000.0,10354800000.0,3147400000.0,4566000000.0,14920800000,1245500000.0,-5153500000.0,7388400000.0,4235900000.0,19156700000,307300000.0,68700000.0,-1100000.0,-460600000.0,,,,,-85700000.0,-42000000.0,-11400000.0,-50300000.0,-102600000.0,-96500000.0,300000.0,-272000000.0,-364100000.0,-525900000,2011-06-30,47.27000045776367,48.290000915527344,47.27000045776367,48.15999984741211,35.7811393737793,2023000.0
2011-09-30,3380900000.0,,3380900000.0,-3007500000.0,,,,373400000.0,-31900000.0,-31900000.0,341500000,,341500000,-117100000.0,228900000,,203700000,203700000,912000000.0,5971400000.0,799100000.0,8974700000.0,632100000.0,199000000.0,9130200000.0,9961300000.0,18936000000,8172500000.0,17400000.0,10200900000.0,3184200000.0,4628800000.0,14829700000,1261000000.0,-5171600000.0,7522000000.0,4106300000.0,18936000000,228800000.0,69700000.0,55300000.0,-90700000.0,,,,,263100000.0,-33100000.0,-200000.0,-53100000.0,-70700000.0,-89500000.0,-45500000.0,-35400000.0,-190600000.0,-85700000,2011-09-30,37.13000106811523,37.790000915527344,36.63000106811523,36.84000015258789,27.54670333862305,3065900.0
2011-12-31,3852900000.0,,3852900000.0,-3365400000.0,,,,487500000.0,-30500000.0,-30500000.0,457000000,,457000000,-156700000.0,307200000,,271900000,271900000,1805000000.0,6632000000.0,1017500000.0,10421500000.0,682900000.0,184200000.0,9216800000.0,10083900000.0,20505400000,9285300000.0,10200000.0,11671000000.0,3182900000.0,4652500000.0,16323500000,1103100000.0,-5131200000.0,7724100000.0,4181900000.0,20505400000,307200000.0,70100000.0,4400000.0,933100000.0,,,,,1314800000.0,-71300000.0,11600000.0,-88900000.0,-161900000.0,-101600000.0,-7700000.0,-118300000.0,-261000000.0,880600000,2011-12-30,44.36000061035156,44.68999862670898,44.06999969482422,44.58000183105469,33.53701019287109,1577000.0
2012-03-31,3307300000.0,,3307300000.0,-2944800000.0,,,,362500000.0,-29200000.0,-29200000.0,333300000,,333300000,-109300000.0,226000000,,204600000,204600000,1508500000.0,5932400000.0,708700000.0,9620500000.0,687400000.0,185900000.0,9329700000.0,10203000000.0,19823500000,8520200000.0,12100000.0,10867200000.0,3180800000.0,4675800000.0,15543000000,1063600000.0,-5233100000.0,7844700000.0,4280500000.0,19823500000,226000000.0,69300000.0,15200000.0,-311000000.0,,,,,-500000.0,-45600000.0,,-30400000.0,-57200000.0,-92800000.0,1900000.0,-164300000.0,-252300000.0,-278500000,2012-03-30,50.61999893188477,50.65999984741211,50.11000061035156,50.6500015258789,38.336029052734375,1388800.0
2012-06-30,3561000000.0,,3561000000.0,-3054600000.0,,,,506400000.0,-34900000.0,-34900000.0,471500000,,471500000,-161900000.0,314200000,,282700000,282700000,1680000000.0,6041500000.0,698700000.0,9857500000.0,698200000.0,185800000.0,9365000000.0,10249000000.0,20106500000,8740100000.0,12800000.0,10689800000.0,3926100000.0,5472900000.0,16162700000,1012400000.0,-5572100000.0,8045800000.0,3943800000.0,20106500000,314200000.0,69400000.0,-30000000.0,-195800000.0,,,,,157800000.0,-67200000.0,,-74800000.0,-151900000.0,-117500000.0,747800000.0,-464000000.0,197000000.0,162600000,2012-06-29,47.66999816894531,48.599998474121094,47.22999954223633,48.599998474121094,37.01728057861328,1627400.0
2012-09-30,3406600000.0,,3406600000.0,-3019300000.0,,,,387300000.0,-40300000.0,-40300000.0,347000000,,347000000,-118700000.0,233600000,,203900000,203900000,1972800000.0,6260200000.0,700200000.0,10397100000.0,700000000.0,192500000.0,9508400000.0,10400900000.0,20798000000,8621700000.0,11500000.0,10702200000.0,4450600000.0,6052400000.0,16754600000,978600000.0,-5667400000.0,8168100000.0,4043400000.0,20798000000,233700000.0,71900000.0,-3700000.0,-159100000.0,,,,,142800000.0,-45900000.0,,-12100000.0,-58500000.0,-104000000.0,524900000.0,-165700000.0,164700000.0,291000000,2012-09-28,52.0,52.13999938964844,51.43000030517578,51.56000137329102,39.49029541015625,1913800.0
2012-12-31,3944500000.0,,3944500000.0,-3396500000.0,,,,548000000.0,-40200000.0,-40200000.0,507800000,,507800000,-137200000.0,343700000,,307100000,307100000,2698900000.0,6958200000.0,1008400000.0,11661400000.0,723800000.0,155200000.0,9611500000.0,10490500000.0,22151900000,9528200000.0,6800000.0,11875800000.0,4448500000.0,6121400000.0,17997200000,896200000.0,-5700300000.0,8394400000.0,4154700000.0,22151900000,343600000.0,72100000.0,44400000.0,691100000.0,,,,,1151200000.0,-67600000.0,,-15400000.0,-82800000.0,-181900000.0,-4700000.0,-123300000.0,-329500000.0,722000000,2012-12-31,49.08000183105469,50.0,49.0,49.959999084472656,38.49782943725586,1840400.0
2013-03-31,3398900000.0,,3398900000.0,-3027200000.0,,,,371700000.0,-40900000.0,-40900000.0,330800000,,330800000,-109200000.0,224800000,,205100000,205100000,2090300000.0,6313200000.0,1188900000.0,10601200000.0,708000000.0,154400000.0,9444700000.0,10307100000.0,20908300000,8538500000.0,12000000.0,10943300000.0,4446300000.0,6115400000.0,17058700000,904200000.0,-5923600000.0,8492900000.0,3849600000.0,20908300000,224800000.0,71100000.0,6200000.0,-511800000.0,,,,,-209700000.0,-38200000.0,,-900000.0,-36400000.0,-23000000.0,5400000.0,-251100000.0,-284300000.0,-606500000,2013-03-28,58.72999954223633,59.1500015258789,58.36000061035156,58.9000015258789,45.70452117919922,3109700.0
2013-06-30,3637000000.0,,3637000000.0,-3114000000.0,,,,523000000.0,-40700000.0,-40700000.0,482300000,,482300000,-163600000.0,321600000,,289500000,289500000,1414600000.0,6637000000.0,1258100000.0,10288200000.0,687100000.0,147400000.0,9402300000.0,10236800000.0,20525000000,9002400000.0,13100000.0,11227100000.0,4037500000.0,5591900000.0,16819000000,864300000.0,-6087700000.0,8676500000.0,3706000000.0,20525000000,321700000.0,70800000.0,7600000.0,-123900000.0,,,,,276200000.0,-30800000.0,,-21300000.0,-40900000.0,-143600000.0,-405200000.0,-270000000.0,-829600000.0,-671900000,2013-06-28,63.06000137329102,63.61000061035156,62.77999877929688,62.86999893188477,49.10087966918945,1837400.0
2013-09-30,3490500000.0,,3490500000.0,-3111100000.0,,,,379400000.0,-42800000.0,-42800000.0,336600000,,336600000,-116200000.0,224700000,,196000000,196000000,1534400000.0,6577800000.0,1328300000.0,10465400000.0,701600000.0,152200000.0,9551600000.0,10405400000.0,20870800000,8813500000.0,18600000.0,11235400000.0,4035400000.0,5632700000.0,16868100000,870500000.0,-6076300000.0,8766700000.0,4002700000.0,20870800000,224700000.0,71000000.0,16200000.0,-18500000.0,,,,,293400000.0,-54300000.0,,-4300000.0,-55200000.0,-127100000.0,5600000.0,-5400000.0,-170400000.0,121600000,2013-09-30,63.790000915527344,63.95000076293945,63.33000183105469,63.43999862670898,49.85001754760742,1539500.0
2013-12-31,4058100000.0,,4058100000.0,-3506900000.0,,,,551200000.0,-40000000.0,-40000000.0,511200000,,511200000,-176200000.0,340500000,,300500000,300500000,2728700000.0,6632600000.0,1288000000.0,11652300000.0,737400000.0,131800000.0,9577200000.0,10446400000.0,22098700000,9601100000.0,6300000.0,12277700000.0,4033400000.0,5551100000.0,17828800000,876700000.0,-6063900000.0,8961200000.0,4269900000.0,22098700000,340400000.0,71900000.0,31300000.0,1005500000.0,,,,,1449100000.0,-88700000.0,,-6300000.0,-95700000.0,-125300000.0,-12900000.0,3500000.0,-135500000.0,1189000000,2013-12-31,74.0,74.5,73.95999908447266,74.37000274658203,58.77523803710938,890700.0
2014-03-31,3502200000.0,,3502200000.0,-3119500000.0,,,,382700000.0,-39000000.0,-39000000.0,343700000,,343700000,-116300000.0,228000000,,205500000,205500000,2089100000.0,6006600000.0,1488600000.0,10576600000.0,732000000.0,133500000.0,9645800000.0,10511300000.0,21087900000,8557000000.0,260600000.0,11448300000.0,3778600000.0,5232400000.0,16680700000,907400000.0,-6080000000.0,9060800000.0,4407200000.0,21087900000,228000000.0,70900000.0,13100000.0,-742300000.0,,,,,-430300000.0,-42500000.0,,-11900000.0,-42500000.0,-130700000.0,1700000.0,-17300000.0,-156900000.0,-628400000,2014-03-31,72.66999816894531,73.0199966430664,72.4000015258789,72.5999984741211,57.682899475097656,1204400.0
2014-06-30,3870900000.0,,3870900000.0,-3322500000.0,,,,548400000.0,-33700000.0,-33700000.0,514700000,,514700000,-160300000.0,358400000,,325200000,325200000,1544600000.0,6499200000.0,1462900000.0,10546500000.0,737200000.0,155900000.0,9779800000.0,10672900000.0,21219400000,9184900000.0,277800000.0,11811100000.0,3785200000.0,5264000000.0,17075100000,913900000.0,-6618200000.0,9257100000.0,4144300000.0,21219400000,358500000.0,72400000.0,16500000.0,-204600000.0,,,,,242800000.0,-49000000.0,,-38300000.0,-89700000.0,-147600000.0,16600000.0,-551500000.0,-735500000.0,-547400000,2014-06-30,71.62000274658203,71.8499984741211,71.05999755859375,71.22000122070312,56.98719024658203,1662000.0
2014-09-30,3749600000.0,,3749600000.0,-3316000000.0,,,,433600000.0,-31400000.0,-31400000.0,402200000,,402200000,-134400000.0,273600000,,243800000,243800000,850300000.0,6135700000.0,1528000000.0,9567200000.0,713600000.0,153600000.0,9534200000.0,10401400000.0,19968600000,8579200000.0,31600000.0,11075300000.0,3778900000.0,5191700000.0,16267000000,902200000.0,-6817400000.0,9373600000.0,3701600000.0,19968600000,273600000.0,74100000.0,17900000.0,-145000000.0,,,,,220600000.0,-46800000.0,,-15100000.0,-64900000.0,-145600000.0,-243700000.0,-281400000.0,-705100000.0,-697000000,2014-09-30,69.18000030517578,69.56999969482422,68.86000061035156,68.86000061035156,55.49148178100586,2463500.0
2014-12-31,4195100000.0,-12602100000.0,-8407000000.0,8986400000.0,,,,579400000.0,-30000000.0,-30000000.0,549400000,,549400000,-182100000.0,373100000,,329500000,329500000,2390300000.0,6524700000.0,1166600000.0,11079700000.0,708000000.0,148200000.0,9492500000.0,10348700000.0,21428400000,9978400000.0,7600000.0,12061100000.0,4542100000.0,5860300000.0,17921400000,878200000.0,-6986900000.0,9576900000.0,3507000000.0,21428400000,373000000.0,77000000.0,7700000.0,985700000.0,,,,,1443400000.0,-74700000.0,,-9600000.0,-69800000.0,-155400000.0,722400000.0,-173500000.0,339400000.0,1550400000,2014-12-31,77.95999908447266,78.37000274658203,77.43000030517578,77.47000122070312,62.83776092529297,1268600.0
2015-03-31,3469200000.0,-2915200000.0,554000000.0,-176300000.0,-102100000.0,,-74200000.0,377700000.0,-34200000.0,-34200000.0,343500000,,343500000,-112700000.0,229800000,,209100000,209100000,1532400000.0,5840100000.0,1410300000.0,9904900000.0,681500000.0,142200000.0,9342400000.0,10166100000.0,20071000000,9003500000.0,9900000.0,11021200000.0,4593800000.0,6039700000.0,17060900000,911600000.0,-7247100000.0,9661700000.0,3010100000.0,20071000000,229800000.0,74200000.0,17500000.0,-559500000.0,,,,,-238000000.0,-38200000.0,,-22800000.0,-64900000.0,-151200000.0,2700000.0,-267000000.0,-418500000.0,-861400000,2015-03-31,77.9000015258789,78.6500015258789,77.61000061035156,77.9800033569336,63.65389633178711,1030400.0
2015-06-30,3805300000.0,-3083900000.0,721400000.0,-182800000.0,-110100000.0,,-72700000.0,538600000.0,-34600000.0,-34600000.0,504000000,,504000000,-165300000.0,342700000,,313900000,313900000,1362100000.0,6501600000.0,1511300000.0,10500400000.0,706600000.0,136200000.0,9432300000.0,10275100000.0,20775500000,9841600000.0,1019200000.0,12548800000.0,3547900000.0,4962700000.0,17511500000,925500000.0,-7371700000.0,9852200000.0,3264000000.0,20775500000,342700000.0,72800000.0,19800000.0,-249300000.0,,,,,186000000.0,-68500000.0,,-2200000.0,-57500000.0,-160400000.0,-1600000.0,-133600000.0,-347400000.0,-170700000,2015-06-30,69.48999786376953,69.93000030517578,69.01999664306639,69.48999786376953,57.11585998535156,1652300.0
2015-09-30,3706600000.0,-3102800000.0,603800000.0,-175500000.0,-103700000.0,,-71800000.0,428300000.0,-35900000.0,-35900000.0,392400000,,392400000,-128900000.0,266700000,,239300000,239300000,1430000000.0,6313900000.0,1455300000.0,10252800000.0,691300000.0,136500000.0,9376700000.0,10204500000.0,20457300000,9518100000.0,1013100000.0,12386900000.0,3602200000.0,4988300000.0,17375200000,916900000.0,-7426100000.0,9968800000.0,3082100000.0,20457300000,266700000.0,71700000.0,42700000.0,111700000.0,,,,,492800000.0,-38900000.0,,-11200000.0,-46300000.0,-149000000.0,2500000.0,-95900000.0,-256100000.0,71500000,2015-09-30,65.58000183105469,66.04000091552734,65.27999877929689,65.90000152587889,54.56015396118164,2323800.0
2015-12-31,4153300000.0,-3389500000.0,763800000.0,-188300000.0,-115900000.0,,-72400000.0,575500000.0,-36800000.0,-36800000.0,538700000,,538700000,-176700000.0,364200000,,331600000,331600000,2619700000.0,7220900000.0,1122700000.0,11980500000.0,692700000.0,136600000.0,9300900000.0,10130200000.0,22110700000,11095500000.0,1006600000.0,14219600000.0,3564200000.0,4833800000.0,19053400000,919500000.0,-7629900000.0,10178200000.0,3057300000.0,22110700000,364200000.0,72400000.0,65500000.0,1256600000.0,,,,,1758700000.0,-57100000.0,,-24100000.0,-94800000.0,-165500000.0,-4700000.0,-210900000.0,-434300000.0,1177700000,2015-12-31,74.9000015258789,76.47000122070312,74.44000244140625,75.66000366210938,63.06692886352539,2015300.0
2016-03-31,3499100000.0,-2924700000.0,574400000.0,-182300000.0,-108100000.0,,-74200000.0,392100000.0,-40100000.0,-40100000.0,352000000,,352000000,-115500000.0,236300000,,218400000,218400000,1750000000.0,6321400000.0,1361500000.0,10545400000.0,690100000.0,137900000.0,9694300000.0,10522300000.0,21067700000,9658100000.0,1039000000.0,12939400000.0,3612700000.0,5017500000.0,17956900000,870700000.0,-7821800000.0,10275900000.0,3110800000.0,21067700000,236300000.0,74200000.0,42600000.0,-807100000.0,,,,,-454000000.0,-41400000.0,,-86600000.0,-116300000.0,-137100000.0,13300000.0,-200400000.0,-365400000.0,-857900000,2016-03-31,83.41000366210938,84.2300033569336,83.0,83.2300033569336,69.82019805908203,1680500.0
2016-06-30,3884900000.0,-3139200000.0,745700000.0,-183900000.0,-110900000.0,,-73000000.0,561800000.0,-44800000.0,-44800000.0,517000000,,517000000,-167900000.0,351900000,,326100000,326100000,1536700000.0,6422600000.0,1365100000.0,10314200000.0,683400000.0,137500000.0,9800100000.0,10621000000.0,20935200000,9670100000.0,11700000.0,11540800000.0,5022200000.0,6397500000.0,17938300000,854100000.0,-7981400000.0,10470700000.0,2996900000.0,20935200000,351900000.0,73000000.0,-14200000.0,-334400000.0,,,,,76300000.0,-36500000.0,,-180400000.0,-443900000.0,-157800000.0,363000000.0,-164700000.0,-45300000.0,-441600000,2016-06-30,80.4000015258789,81.48999786376953,79.73999786376953,81.48999786376953,68.80382537841797,1600600.0
2016-09-30,3791100000.0,-3160800000.0,630300000.0,-177200000.0,-104100000.0,,-73100000.0,453100000.0,-42000000.0,-42000000.0,411100000,,411100000,-134300000.0,278200000,,253800000,253800000,1969200000.0,6488900000.0,1355000000.0,10831900000.0,678900000.0,137200000.0,9753900000.0,10570000000.0,21401900000,9943500000.0,25200000.0,11960600000.0,5007300000.0,6395700000.0,18356300000,847200000.0,-8026900000.0,10593300000.0,3045600000.0,21401900000,278100000.0,73100000.0,19400000.0,342800000.0,,,,,713400000.0,-22600000.0,,-1500000.0,174800000.0,-150400000.0,12100000.0,-76500000.0,-265900000.0,630900000,2016-09-30,84.48999786376953,85.4000015258789,84.23999786376953,85.0,72.2403335571289,1353400.0
2016-12-31,4241800000.0,-3424900000.0,816900000.0,-193400000.0,-120800000.0,,-72600000.0,623500000.0,-61800000.0,-61800000.0,561700000,,561700000,-182800000.0,380300000,,350300000,350300000,3022800000.0,7510800000.0,1125400000.0,12722000000.0,674800000.0,120400000.0,9648200000.0,10443400000.0,23165400000,11663300000.0,28800000.0,14010900000.0,4920500000.0,6293300000.0,20304200000,842900000.0,-3002100000.0,5677200000.0,2861200000.0,23165400000,380400000.0,72600000.0,62200000.0,1101500000.0,,,,,1616700000.0,-65000000.0,,-40300000.0,-96200000.0,-147300000.0,0.0,-133800000.0,-321700000.0,1065600000,2016-12-30,85.63999938964844,85.79000091552734,84.4000015258789,85.11000061035156,72.78931427001953,1736900.0
2017-03-31,3587400000.0,-2990400000.0,597000000.0,-181300000.0,-108600000.0,,-72700000.0,415700000.0,-45400000.0,-45400000.0,370300000,,370300000,-108000000.0,262400000,,241800000,241800000,2485800000.0,6796800000.0,1349700000.0,11728800000.0,678200000.0,117700000.0,9712600000.0,10508500000.0,22237300000,10630100000.0,28600000.0,13070100000.0,4914500000.0,6309600000.0,19379700000,868500000.0,-3239000000.0,5758200000.0,2857600000.0,22237300000,262400000.0,72700000.0,20200000.0,-550600000.0,,,,,-195300000.0,-32100000.0,,-19200000.0,-45200000.0,-141100000.0,-1400000.0,-231600000.0,-386600000.0,-560000000,2017-03-31,85.63999938964844,86.4800033569336,85.63999938964844,86.20999908447266,74.21308898925781,1453200.0
2017-06-30,3790100000.0,-3037400000.0,752700000.0,-181200000.0,-110100000.0,,-71100000.0,571500000.0,-51300000.0,-51300000.0,520200000,,520200000,-166700000.0,355100000,,328600000,328600000,1874400000.0,7142800000.0,1401600000.0,11505100000.0,687700000.0,126300000.0,9844300000.0,10658300000.0,22163400000,10990300000.0,19300000.0,12863700000.0,4930000000.0,6350700000.0,19214400000,868800000.0,-3459500000.0,5958800000.0,2949000000.0,22163400000,355100000.0,71100000.0,16000000.0,-577900000.0,,,,,-135700000.0,-35800000.0,,-300000.0,-16800000.0,-186900000.0,-8800000.0,-236600000.0,-516100000.0,-608200000,2017-06-30,83.69000244140625,83.69000244140625,82.41000366210938,82.9000015258789,71.84856414794922,1754000.0
2017-09-30,3719500000.0,-3081200000.0,638300000.0,-168100000.0,-99500000.0,,-68600000.0,470200000.0,-52400000.0,-52400000.0,417800000,,417800000,-132000000.0,286900000,,263600000,263600000,1851000000.0,7045700000.0,1458100000.0,11417400000.0,690500000.0,129100000.0,9970500000.0,10790100000.0,22207500000,10560700000.0,38700000.0,12621200000.0,4927400000.0,6354600000.0,18975800000,853600000.0,-3468000000.0,6095100000.0,3231700000.0,22207500000,286900000.0,68600000.0,18300000.0,-198800000.0,,,,,175000000.0,-40400000.0,,50300000.0,-15500000.0,-147000000.0,17700000.0,-45500000.0,-219200000.0,9000000,2017-09-29,74.23999786376953,74.29000091552734,73.26000213623047,74.06999969482422,64.67405700683594,2541500.0
2017-12-31,4176600000.0,-3359000000.0,817600000.0,-191200000.0,-121500000.0,,-69700000.0,626400000.0,-49800000.0,-49800000.0,576600000,,576600000,-289500000.0,287800000,,254400000,254400000,3796400000.0,8083800000.0,1110600000.0,14116000000.0,690900000.0,120300000.0,10004000000.0,10815200000.0,24931200000,12841300000.0,11800000.0,15108900000.0,4912900000.0,6487700000.0,21596600000,872900000.0,-3505400000.0,6210600000.0,3334600000.0,24931200000,287800000.0,69700000.0,146600000.0,1675800000.0,,,,,2179900000.0,-47700000.0,,-57100000.0,-37900000.0,-141900000.0,-25600000.0,-44000000.0,-220700000.0,1953000000,2017-12-29,73.41000366210938,73.83000183105469,72.83000183105469,72.83000183105469,64.10826873779297,1418100.0
2018-03-31,3629600000.0,-3033100000.0,596500000.0,-174800000.0,-105400000.0,,-69400000.0,421700000.0,-46900000.0,-46900000.0,374800000,,374800000,-90900000.0,284700000,,264100000,264100000,2570000000.0,7198800000.0,1378000000.0,12338500000.0,691700000.0,122400000.0,10360500000.0,11174600000.0,23513100000,11373500000.0,8600000.0,13598800000.0,4885000000.0,6522200000.0,20121000000,877600000.0,-3736200000.0,6360100000.0,3392100000.0,23513100000,284700000.0,69400000.0,21200000.0,-996100000.0,,,,,-620800000.0,-36200000.0,,-178300000.0,-207500000.0,-155200000.0,-3600000.0,-229400000.0,-426900000.0,-1227900000,2018-03-29,72.9000015258789,73.5999984741211,72.5999984741211,72.66999816894531,64.48954772949219,1559500.0
2018-06-30,3859600000.0,-3092500000.0,767100000.0,-184800000.0,-117400000.0,,-67400000.0,582300000.0,-52500000.0,-52500000.0,529800000,,529800000,-136700000.0,394800000,,364200000,364200000,1918700000.0,6760500000.0,1353500000.0,11230100000.0,697200000.0,120300000.0,10121900000.0,10939400000.0,22169500000,10715200000.0,20800000.0,12617900000.0,4866800000.0,6514200000.0,19132100000,856100000.0,-3955100000.0,6587700000.0,3037400000.0,22169500000,394800000.0,67400000.0,21400000.0,-435700000.0,,,,,47900000.0,-53600000.0,,-29000000.0,-85600000.0,-180200000.0,13300000.0,-233300000.0,-475500000.0,-654800000,2018-06-29,76.30000305175781,76.9800033569336,76.18000030517578,76.2699966430664,68.22591400146484,1394700.0
2018-09-30,3714300000.0,-3211000000.0,503300000.0,-179400000.0,-113500000.0,,-65900000.0,323900000.0,-56700000.0,-56700000.0,267200000,178400000.0,445600000,-115300000.0,331300000,,298900000,298900000,2105800000.0,6811000000.0,1359200000.0,11575300000.0,673100000.0,118900000.0,10120300000.0,10912300000.0,22487600000,10710700000.0,510700000.0,13280100000.0,4357800000.0,6033100000.0,19313200000,787900000.0,-3971700000.0,6751700000.0,3174400000.0,22487600000,331300000.0,65900000.0,-123100000.0,60200000.0,,,,,334300000.0,-26400000.0,,191500000.0,161100000.0,-183000000.0,-6500000.0,-55200000.0,-274200000.0,185800000,2018-09-28,67.08000183105469,68.22000122070311,65.84999847412111,68.01999664306639,61.37992477416992,4590900.0
2018-12-31,4086700000.0,-3279100000.0,807600000.0,-180400000.0,-119100000.0,,-61300000.0,627200000.0,-53099999.0,-53099999.0,574100001,0.0,574100001,-149800000.0,429700001,,399200001,399200001,3657900000.0,7666100000.0,1161500000.0,13726900000.0,694400000.0,120900000.0,10074800000.0,10890100000.0,24617000000,12623300000.0,507700000.0,15270200000.0,4384100000.0,5995600000.0,21265800000,773400000.0,-4013900000.0,7016100000.0,3351200000.0,24617000000,429700000.0,61300000.0,17800000.0,1452100000.0,,,,,1960900000.0,-79500000.0,,-334600000.0,-89800000.0,-165000000.0,-3200000.0,-50400000.0,-264500000.0,1553300000,2018-12-31,72.5999984741211,73.25,72.30999755859375,73.23999786376953,66.63155364990234,1258800.0
2019-03-31,3468900000.0,-2876800000.0,592100000.0,-163200000.0,-103600000.0,,-59600000.0,428900000.0,-46000000.0,-46000000.0,382900000,,382900000,-102700000.0,279700000,,263200000,263200000,3455100000.0,7036700000.0,1314400000.0,13072200000.0,686400000.0,118400000.0,11334200000.0,12139000000.0,25211200000,11447000000.0,1095200000.0,14913100000.0,4402000000.0,7066000000.0,21979100000,762600000.0,-4288300000.0,7157000000.0,3232100000.0,25211200000,279700000.0,59600000.0,-734900000.0,,,,,,-395600000.0,-27200000.0,,64200000.0,37000000.0,-151800000.0,587100000.0,-284100000.0,132300000.0,-202700000,2019-03-29,73.54000091552734,73.58999633789062,72.63999938964844,72.98999786376953,66.98890686035156,1447400.0
2019-06-30,3719800000.0,-2980600000.0,739200000.0,-165500000.0,-107700000.0,,-57800000.0,573700000.0,-50200000.0,-50200000.0,523500000,,523500000,-130600000.0,394100000,,370700000,370700000,2903500000.0,7244900000.0,1363500000.0,12802800000.0,679800000.0,111700000.0,11447800000.0,12239300000.0,25042100000,11540000000.0,1508000000.0,15068100000.0,4025900000.0,6756900000.0,21825000000,770800000.0,-4510400000.0,7384700000.0,3217100000.0,25042100000,394200000.0,57800000.0,-549300000.0,,,,,,-97300000.0,-21600000.0,,9300000.0,-12300000.0,-174700000.0,24000000.0,-239600000.0,-429000000.0,-551600000,2019-06-28,81.19000244140625,82.13999938964844,80.98999786376953,81.94999694824219,75.82988739013672,2118900.0
2019-09-30,3623800000.0,-2995400000.0,628400000.0,-155100000.0,-97200000.0,,-57900000.0,473300000.0,-49300000.0,-49300000.0,424000000,,424000000,-112300000.0,312200000,,290200000,290200000,2445600000.0,6547900000.0,1427900000.0,11600900000.0,665400000.0,110500000.0,11276700000.0,12052600000.0,23653500000,10498800000.0,611300000.0,13259800000.0,4507000000.0,7183400000.0,20443200000,773200000.0,-4493400000.0,7533100000.0,3210300000.0,23653500000,312200000.0,57900000.0,-109100000.0,,,,,,261000000.0,-28200000.0,,-1500000.0,-29700000.0,-167600000.0,-398700000.0,-16200000.0,-636100000.0,-457700000,2019-09-30,77.88999938964844,79.11000061035156,77.88999938964844,78.30000305175781,73.05164337158203,1311900.0
2019-12-31,4141200000.0,-3341200000.0,800000000.0,-153600000.0,-97400000.0,,-56200000.0,646400000.0,-38500000.0,-38500000.0,607900000,,607900000,-158800000.0,449900000,,415000000,415000000,4309300000.0,7829000000.0,1257600000.0,14584700000.0,663400000.0,106800000.0,11428500000.0,12198700000.0,26783400000,12021200000.0,612500000.0,15980900000.0,4531900000.0,7221500000.0,23202400000,805500000.0,-4560300000.0,7806300000.0,3580999999.0,26783399999,449800000.0,56200000.0,1456800000.0,125100000.0,,,,,2087900000.0,-25200000.0,,-82000000.0,-25900000.0,-167500000.0,2000000.0,-63800000.0,-289199999.0,1865300001,2019-12-31,80.66000366210938,81.0199966430664,80.5,81.0199966430664,76.20944213867188,1148700.0
2020-03-31,3406900000.0,-2842900000.0,564000000.0,-143800000.0,-86800000.0,,-57000000.0,420200000.0,-45800000.0,-45800000.0,374400000,,374400000,-97400000.0,271700000,,258100000,258100000,2694100000.0,6690500000.0,1313200000.0,11850100000.0,632500000.0,92700000.0,11100600000.0,11825800000.0,23675900000,10462900000.0,10900000.0,12857000000.0,5093400000.0,7690100000.0,20547100000,800400000.0,-4749000000.0,7924500000.0,3128800000.0,23675900000,271700000.0,57000000.0,-1315899999.0,,,,,,-987199999.0,-26400000.0,,,-24300000.0,-152100000.0,-4300000.0,-198600000.0,-391200000.0,-1613199999,2020-03-31,55.09000015258789,56.20000076293945,54.040000915527344,54.9000015258789,52.15538024902344,2484900.0
2020-06-30,2800700000.0,-2321100000.0,479600000.0,-139200000.0,-82100000.0,,-57100000.0,340400000.0,-47200000.0,-47200000.0,293200000,-277900000.0,15300000,-21900000.0,-14400000,,-24200000,-24200000,3281000000.0,5290800000.0,1158600000.0,10893100000.0,599200000.0,82200000.0,11066600000.0,11748000000.0,22641100000,8989500000.0,6400000.0,11330900000.0,5714100000.0,8269000000.0,19599900000,845800000.0,-4735500000.0,7759300000.0,3041200000.0,22641100000,-14300001.0,57100000.0,1667999999.0,-1585800000.0,,,,,124999998.0,-7200000.0,,3700000.0,-5600000.0,-166000000.0,587800000.0,-4300000.0,385500000.0,588499998,2020-06-30,54.27000045776367,55.04999923706055,53.88999938964844,54.599998474121094,52.4570426940918,2381400.0
