Report Date,Revenue,Cost of Revenue,Gross Profit,Operating Expenses,"Selling, General & Administrative",Research & Development,Depreciation & Amortization,Operating Income (Loss),Non-Operating Income (Loss),"Interest Expense, Net","Pretax Income (Loss), Adj.",Abnormal Gains (Losses),Pretax Income (Loss),"Income Tax (Expense) Benefit, Net",Income (Loss) from Continuing Operations,Net Extraordinary Gains (Losses),Net Income,Net Income (Common),"Cash, Cash Equivalents & Short Term Investments",Accounts & Notes Receivable,Inventories,Total Current Assets,"Property, Plant & Equipment, Net",Long Term Investments & Receivables,Other Long Term Assets,Total Noncurrent Assets,Total Assets,Payables & Accruals,Short Term Debt,Total Current Liabilities,Long Term Debt,Total Noncurrent Liabilities,Total Liabilities,Share Capital & Additional Paid-In Capital,Treasury Stock,Retained Earnings,Total Equity,Total Liabilities & Equity,Net Income/Starting Line,Depreciation & Amortization,Non-Cash Items,Change in Working Capital,Change in Accounts Receivable,Change in Inventories,Change in Accounts Payable,Change in Other,Net Cash from Operating Activities,Change in Fixed Assets & Intangibles,Net Change in Long Term Investment,Net Cash from Acquisitions & Divestitures,Net Cash from Investing Activities,Dividends Paid,Cash from (Repayment of) Debt,Cash from (Repurchase of) Equity,Net Cash from Financing Activities,Net Change in Cash,Price Date,Open,High,Low,Close,Adj Close,Volume
2006-02-28,3470000000.0,-790000000.0,2680000000.0,-1517000000.0,-902000000.0,-467000000.0,-148000000.0,1163000000.0,26000000.0,-49000000.0,1189000000,-111000000.0,1078000000,-313000000.0,765000000,,765000000,765000000,7764000000.0,2201000000.0,,11199000000.0,1375000000.0,,15890000000.0,17265000000.0,28464000000,2016000000.0,341000000.0,5866000000.0,5741000000.0,7555000000.0,13421000000,9038000000.0,,5828000000.0,15043000000.0,28464000000,765000000.0,199000000.0,80000000.0,62000000.0,112000000.0,,-74000000.0,24000000.0,1106000000.0,-24000000.0,1332000000.0,-3434000000.0,-2126000000.0,,4993000000.0,88000000.0,5065000000.0,4084000000,2006-02-28,12.420000076293945,12.579999923706055,12.390000343322756,12.420000076293945,10.549015045166016,43399200.0
2006-05-31,4850000000.0,-965000000.0,3885000000.0,-1967000000.0,-1244000000.0,-537000000.0,-186000000.0,1918000000.0,21000000.0,-83000000.0,1939000000,-62000000.0,1877000000,-578000000.0,1299000000,,1299000000,1299000000,7605000000.0,3022000000.0,,11974000000.0,1391000000.0,,15664000000.0,17055000000.0,29029000000,2662000000.0,159000000.0,6930000000.0,5735000000.0,7087000000.0,14017000000,9246000000.0,,5538000000.0,15012000000.0,29029000000,1300000000.0,248000000.0,373000000.0,-242000000.0,-1025000000.0,,405000000.0,378000000.0,1679000000.0,-75000000.0,-311000000.0,-21000000.0,-407000000.0,,-189000000.0,-1444000000.0,-1633000000.0,-262000000,2006-05-31,14.010000228881836,14.25,13.970000267028807,14.220000267028807,12.077859878540039,34272800.0
2006-08-31,3591000000.0,-980000000.0,2611000000.0,-1611000000.0,-907000000.0,-506000000.0,-198000000.0,1000000000.0,19000000.0,-83000000.0,1019000000,-57000000.0,962000000,-292000000.0,670000000,,670000000,670000000,8298000000.0,2118000000.0,,11691000000.0,1437000000.0,,15720000000.0,17157000000.0,28848000000,2120000000.0,166000000.0,6698000000.0,5737000000.0,6928000000.0,13626000000,9362000000.0,,5295000000.0,15222000000.0,28848000000,670000000.0,257000000.0,103000000.0,593000000.0,1040000000.0,,-900000000.0,453000000.0,1623000000.0,-49000000.0,-1788000000.0,-225000000.0,-2062000000.0,,-7000000.0,-774000000.0,-776000000.0,-1213000000,2006-08-31,15.68000030517578,15.75,15.5,15.65999984741211,13.300931930541992,27549200.0
2006-11-30,4163000000.0,-1025000000.0,3138000000.0,-1806000000.0,-1085000000.0,-519000000.0,-202000000.0,1332000000.0,-3000000.0,-82000000.0,1329000000,25000000.0,1354000000,-387000000.0,967000000,,967000000,967000000,7825000000.0,2543000000.0,,11662000000.0,1446000000.0,,15819000000.0,17265000000.0,28927000000,2013000000.0,168000000.0,6096000000.0,5735000000.0,6902000000.0,12998000000,9874000000.0,,5367000000.0,15929000000.0,28927000000,967000000.0,268000000.0,110000000.0,-1102000000.0,-359000000.0,,45000000.0,-788000000.0,243000000.0,-57000000.0,-259000000.0,-263000000.0,-579000000.0,,-1000000.0,-596000000.0,-472000000.0,-762000000,2006-11-30,19.1299991607666,19.309999465942386,19.030000686645508,19.049999237060547,16.18025016784668,32049500.0
2007-02-28,4414000000.0,-1030000000.0,3384000000.0,-1934000000.0,-1142000000.0,-570000000.0,-222000000.0,1450000000.0,12000000.0,-82000000.0,1462000000,-56000000.0,1406000000,-373000000.0,1033000000,,1033000000,1033000000,6445000000.0,2795000000.0,,10664000000.0,1465000000.0,,17240000000.0,18705000000.0,29369000000,2191000000.0,3000000.0,6330000000.0,5736000000.0,6982000000.0,13312000000,10004000000.0,,5511000000.0,16057000000.0,29369000000,1033000000.0,282000000.0,95000000.0,29000000.0,-180000000.0,,38000000.0,171000000.0,1439000000.0,-75000000.0,2014000000.0,-1802000000.0,137000000.0,,-167000000.0,-879000000.0,-1018000000.0,566000000,2007-02-28,16.370000839233402,16.84000015258789,16.309999465942386,16.430000305175778,13.954937934875488,47578000.0
2007-05-31,5828000000.0,-1156000000.0,4672000000.0,-2321000000.0,-1465000000.0,-600000000.0,-256000000.0,2351000000.0,-16000000.0,-96000000.0,2335000000,-71000000.0,2264000000,-660000000.0,1604000000,,1604000000,1604000000,7020000000.0,4074000000.0,,12883000000.0,1603000000.0,,20086000000.0,21689000000.0,34572000000,3102000000.0,1358000000.0,9387000000.0,6235000000.0,8266000000.0,17653000000,10293000000.0,,6223000000.0,16919000000.0,34572000000,1604000000.0,320000000.0,366000000.0,-75000000.0,-1224000000.0,,472000000.0,677000000.0,2215000000.0,-136000000.0,384000000.0,-2715000000.0,-2467000000.0,,1836000000.0,-764000000.0,1127000000.0,968000000,2007-05-31,19.38999938964844,19.600000381469727,19.26000022888184,19.3799991607666,16.46053695678711,32588100.0
2007-08-31,4529000000.0,-1159000000.0,3370000000.0,-2106000000.0,-1169000000.0,-652000000.0,-285000000.0,1264000000.0,-17000000.0,-94000000.0,1247000000,-47000000.0,1200000000,-360000000.0,840000000,,840000000,840000000,7743000000.0,2735000000.0,,12173000000.0,1633000000.0,,20509000000.0,22142000000.0,34315000000,1576000000.0,2000000.0,6797000000.0,6236000000.0,9733000000.0,16530000000,,,6619000000.0,17785000000.0,34315000000,840000000.0,352000000.0,191000000.0,1318000000.0,1381000000.0,,-679000000.0,616000000.0,2701000000.0,-87000000.0,-335000000.0,-546000000.0,-968000000.0,,-1361000000.0,-213000000.0,-1520000000.0,237000000,2007-08-31,20.43000030517578,20.479999542236328,20.149999618530273,20.280000686645508,17.224967956542972,24050700.0
2007-11-30,5313000000.0,-1238000000.0,4075000000.0,-2265000000.0,-1301000000.0,-674000000.0,-290000000.0,1810000000.0,33000000.0,-89000000.0,1843000000,-28000000.0,1815000000,-512000000.0,1303000000,,1303000000,1303000000,8432000000.0,3264000000.0,,13558000000.0,1655000000.0,,20440000000.0,22095000000.0,35653000000,1706000000.0,2000000.0,6549000000.0,6236000000.0,9809000000.0,16358000000,11256000000.0,,7478000000.0,19295000000.0,35653000000,1304000000.0,360000000.0,14000000.0,-1076000000.0,-444000000.0,,128000000.0,-760000000.0,602000000.0,-69000000.0,-345000000.0,-105000000.0,-519000000.0,,-1000000.0,-128000000.0,-24000000.0,278000000,2007-11-30,20.780000686645508,20.780000686645508,19.780000686645508,20.18000030517578,17.140031814575195,47957900.0
2008-02-29,5349000000.0,-1243000000.0,4106000000.0,-2263000000.0,-1289000000.0,-682000000.0,-292000000.0,1843000000.0,2000000.0,-82000000.0,1845000000,32000000.0,1877000000,-537000000.0,1340000000,,1340000000,1340000000,10506000000.0,3235000000.0,,15731000000.0,1570000000.0,,20015000000.0,21585000000.0,37316000000,1843000000.0,1000000.0,6830000000.0,6237000000.0,9671000000.0,16501000000,11847000000.0,,8368000000.0,20815000000.0,37316000000,1340000000.0,357000000.0,-25000000.0,132000000.0,43000000.0,,69000000.0,20000000.0,1804000000.0,114000000.0,-417000000.0,-49000000.0,-352000000.0,,0.0,-132000000.0,63000000.0,1676000000,2008-02-29,19.18000030517578,19.190000534057614,18.729999542236328,18.799999237060547,15.967917442321776,43803100.0
2008-05-31,7239000000.0,-1341000000.0,5898000000.0,-2806000000.0,-1728000000.0,-733000000.0,-345000000.0,3092000000.0,-28000000.0,-129000000.0,3064000000,-122000000.0,2942000000,-904000000.0,2038000000,,2038000000,2038000000,11043000000.0,5127000000.0,,18103000000.0,1688000000.0,,27477000000.0,29165000000.0,47268000000,2153000000.0,1001000000.0,10029000000.0,10235000000.0,14214000000.0,24243000000,12446000000.0,,9961000000.0,23025000000.0,47268000000,2037000000.0,411000000.0,370000000.0,-523000000.0,-1805000000.0,,329000000.0,953000000.0,2295000000.0,-48000000.0,-246000000.0,-6943000000.0,-7237000000.0,,4973000000.0,-262000000.0,4762000000.0,-147000000,2008-05-30,22.809999465942386,22.940000534057614,22.68000030517578,22.84000015258789,19.399320602416992,25258000.0
2008-08-31,5331000000.0,-1308000000.0,4023000000.0,-2439000000.0,-1318000000.0,-708000000.0,-413000000.0,1584000000.0,-77000000.0,-159000000.0,1507000000,-63000000.0,1444000000,-367000000.0,1077000000,,1077000000,1077000000,13021000000.0,3260000000.0,,17851000000.0,1886000000.0,,27516000000.0,29402000000.0,47253000000,1540000000.0,1001000000.0,9247000000.0,10236000000.0,14190000000.0,23437000000,12828000000.0,,10593000000.0,23816000000.0,47253000000,1077000000.0,477000000.0,93000000.0,1593000000.0,1812000000.0,,-906000000.0,687000000.0,3240000000.0,-323000000.0,-1768000000.0,-395000000.0,-2486000000.0,,-4000000.0,-220000000.0,-189000000.0,291000000,2008-08-29,22.399999618530273,22.43000030517578,21.700000762939453,21.93000030517578,18.62639808654785,35278800.0
2008-11-30,5607000000.0,-1196000000.0,4411000000.0,-2398000000.0,-1320000000.0,-651000000.0,-427000000.0,2013000000.0,-149000000.0,-157000000.0,1864000000,-38000000.0,1826000000,-530000000.0,1296000000,,1296000000,1296000000,10646000000.0,3253000000.0,,15138000000.0,1907000000.0,,27757000000.0,29664000000.0,44802000000,1408000000.0,1002000000.0,7963000000.0,10236000000.0,14018000000.0,21981000000,12743000000.0,,10177000000.0,22821000000.0,44802000000,1296000000.0,496000000.0,23000000.0,-1065000000.0,-170000000.0,,-116000000.0,-779000000.0,750000000.0,-76000000.0,1025000000.0,-670000000.0,279000000.0,,0.0,-1753000000.0,-1739000000.0,-1200000000,2008-11-28,16.100000381469727,16.149999618530273,15.75,16.09000015258789,13.666159629821776,19899100.0
2009-02-28,5453000000.0,-1111000000.0,4342000000.0,-2360000000.0,-1246000000.0,-677000000.0,-437000000.0,1982000000.0,-130000000.0,-154000000.0,1852000000,-42000000.0,1810000000,-481000000.0,1329000000,,1329000000,1329000000,11294000000.0,3025000000.0,,15611000000.0,1914000000.0,,27424000000.0,29338000000.0,44949000000,1345000000.0,1002000000.0,7972000000.0,10236000000.0,13900000000.0,21872000000,12758000000.0,,10468000000.0,23077000000.0,44949000000,1329000000.0,501000000.0,-27000000.0,454000000.0,206000000.0,,-75000000.0,323000000.0,2257000000.0,-92000000.0,234000000.0,-100000000.0,42000000.0,,0.0,-1283000000.0,-1293000000.0,858000000,2009-02-27,15.5,15.829999923706055,15.40999984741211,15.539999961853027,13.19901180267334,52301300.0
2009-05-31,6861000000.0,-1179000000.0,5682000000.0,-2706000000.0,-1539000000.0,-731000000.0,-436000000.0,2976000000.0,-131000000.0,-160000000.0,2845000000,-91000000.0,2754000000,-863000000.0,1891000000,,1891000000,1891000000,12624000000.0,4430000000.0,,18581000000.0,1922000000.0,,26913000000.0,28835000000.0,47416000000,1680000000.0,1001000000.0,9149000000.0,9237000000.0,12822000000.0,21971000000,12980000000.0,,11894000000.0,25445000000.0,47416000000,1891000000.0,502000000.0,232000000.0,-617000000.0,-1512000000.0,,406000000.0,489000000.0,2008000000.0,-38000000.0,-402000000.0,6000000.0,-434000000.0,-250000000.0,-1000000000.0,44000000.0,-1201000000.0,784000000,2009-05-29,19.280000686645508,19.600000381469727,19.15999984741211,19.59000015258789,16.68214988708496,42625200.0
2009-08-31,5054000000.0,-1008000000.0,4046000000.0,-2252000000.0,-1161000000.0,-660000000.0,-431000000.0,1794000000.0,-178000000.0,-179000000.0,1616000000,-54000000.0,1562000000,-438000000.0,1124000000,,1124000000,1124000000,20565000000.0,2584000000.0,,24445000000.0,1924000000.0,,26629000000.0,28553000000.0,52998000000,1293000000.0,1001000000.0,9160000000.0,13723000000.0,17351000000.0,26511000000,13319000000.0,,12563000000.0,26487000000.0,52998000000,1124000000.0,492000000.0,70000000.0,2052000000.0,1870000000.0,,-642000000.0,824000000.0,3738000000.0,-55000000.0,-813000000.0,-79000000.0,-947000000.0,-251000000.0,4461000000.0,3000000.0,4209000000.0,7103000000,2009-08-31,22.0,22.190000534057614,21.729999542236328,21.8799991607666,18.677814483642575,26421900.0
2009-11-30,5858000000.0,-1096000000.0,4762000000.0,-2460000000.0,-1316000000.0,-708000000.0,-436000000.0,2302000000.0,-155000000.0,-188000000.0,2147000000,-124000000.0,2023000000,-565000000.0,1458000000,,1458000000,1458000000,20784000000.0,3086000000.0,,25235000000.0,1956000000.0,,26642000000.0,28598000000.0,53833000000,1384000000.0,1001000000.0,8534000000.0,13751000000.0,17384000000.0,25918000000,13529000000.0,,13541000000.0,27915000000.0,53833000000,1458000000.0,498000000.0,-13000000.0,-1292000000.0,-433000000.0,,119000000.0,-978000000.0,651000000.0,-45000000.0,-1284000000.0,-313000000.0,-1642000000.0,-250000000.0,0.0,-128000000.0,-366000000.0,-1179000000,2009-11-30,22.01000022888184,22.149999618530273,21.799999237060547,22.07999992370605,18.893953323364254,26291700.0
2010-02-28,6404000000.0,-1419000000.0,4985000000.0,-2802000000.0,-1477000000.0,-823000000.0,-502000000.0,2183000000.0,-261000000.0,-186000000.0,1922000000,-340000000.0,1582000000,-393000000.0,1189000000,,1189000000,1189000000,17489000000.0,3898000000.0,315000000.0,23979000000.0,2869000000.0,,32538000000.0,35407000000.0,59386000000,2068000000.0,4220000000.0,14251000000.0,11498000000.0,16284000000.0,30535000000,13973000000.0,,14257000000.0,28851000000.0,59386000000,1190000000.0,575000000.0,16000000.0,0.0,177000000.0,18000000.0,-319000000.0,124000000.0,1781000000.0,-61000000.0,-1944000000.0,-5175000000.0,-7180000000.0,-252000000.0,251000000.0,-11000000.0,-8000000.0,-5588000000,2010-02-26,24.959999084472656,24.959999084472656,24.540000915527344,24.649999618530273,21.135730743408203,21048700.0
2010-05-31,9504000000.0,-2241000000.0,7263000000.0,-3704000000.0,-2037000000.0,-1063000000.0,-604000000.0,3559000000.0,-225000000.0,-201000000.0,3334000000,-258000000.0,3076000000,-712000000.0,2364000000,,2364000000,2364000000,18469000000.0,5585000000.0,259000000.0,27004000000.0,2763000000.0,,31811000000.0,34574000000.0,61578000000,2670000000.0,3145000000.0,14691000000.0,11510000000.0,15688000000.0,30379000000,14648000000.0,,16146000000.0,31199000000.0,61578000000,2363000000.0,706000000.0,101000000.0,-659000000.0,-1976000000.0,55000000.0,482000000.0,780000000.0,2511000000.0,-69000000.0,-442000000.0,-39000000.0,-550000000.0,-251000000.0,-1074000000.0,18000000.0,-1171000000.0,583000000,2010-05-28,22.479999542236328,22.85000038146973,22.280000686645508,22.56999969482422,19.38936996459961,35878200.0
2010-08-31,7502000000.0,-2062000000.0,5440000000.0,-3311000000.0,-1605000000.0,-1103000000.0,-603000000.0,2129000000.0,-122000000.0,-196000000.0,2007000000,-212000000.0,1795000000,-443000000.0,1352000000,,1352000000,1352000000,23637000000.0,3721000000.0,235000000.0,30264000000.0,2835000000.0,,32156000000.0,34991000000.0,65255000000,2144000000.0,2260000000.0,13800000000.0,14778000000.0,18943000000.0,32743000000,14923000000.0,,17027000000.0,32512000000.0,65255000000,1352000000.0,702000000.0,155000000.0,1608000000.0,1942000000.0,11000000.0,-898000000.0,553000000.0,3817000000.0,-118000000.0,-2966000000.0,-832000000.0,-3916000000.0,-251000000.0,2319000000.0,-80000000.0,1960000000.0,2104000000,2010-08-31,21.920000076293945,21.93000030517578,21.65999984741211,21.84000015258789,18.80247688293457,41712400.0
2010-11-30,8582000000.0,-2157000000.0,6425000000.0,-3419000000.0,-1686000000.0,-1119000000.0,-614000000.0,3006000000.0,-124000000.0,-214000000.0,2882000000,-236000000.0,2646000000,-776000000.0,1870000000,,1870000000,1870000000,24845000000.0,4406000000.0,236000000.0,32723000000.0,2870000000.0,,31650000000.0,34520000000.0,67243000000,2404000000.0,2255000000.0,13336000000.0,14780000000.0,19057000000.0,32393000000,15663000000.0,,18422000000.0,34850000000.0,67243000000,1871000000.0,709000000.0,103000000.0,-1739000000.0,-599000000.0,14000000.0,278000000.0,-1432000000.0,944000000.0,-121000000.0,-2683000000.0,26000000.0,-2778000000.0,-253000000.0,-5000000.0,310000000.0,128000000.0,-1598000000,2010-11-30,26.920000076293945,27.1299991607666,26.809999465942386,27.04999923706055,23.33068084716797,38931000.0
2011-02-28,8764000000.0,-2012000000.0,6752000000.0,-3643000000.0,-1904000000.0,-1127000000.0,-612000000.0,3109000000.0,-188000000.0,-204000000.0,2921000000,-122000000.0,2799000000,-683000000.0,2116000000,,2116000000,2116000000,24355000000.0,4495000000.0,276000000.0,32459000000.0,2894000000.0,,32313000000.0,35207000000.0,67666000000,2545000000.0,,11282000000.0,14752000000.0,19325000000.0,30607000000,16131000000.0,,20059000000.0,37059000000.0,67666000000,2115000000.0,701000000.0,76000000.0,-216000000.0,34000000.0,-34000000.0,-201000000.0,-15000000.0,2676000000.0,-48000000.0,1947000000.0,-867000000.0,1032000000.0,-253000000.0,-2253000000.0,49000000.0,-2431000000.0,1444000000,2011-02-28,33.060001373291016,33.22999954223633,32.68000030517578,32.900001525878906,28.42190170288086,19406700.0
2011-05-31,10774000000.0,-2167000000.0,8607000000.0,-4123000000.0,-2354000000.0,-1170000000.0,-599000000.0,4484000000.0,-188000000.0,-194000000.0,4296000000,-125000000.0,4171000000,-962000000.0,3209000000,,3209000000,3209000000,28848000000.0,6628000000.0,303000000.0,39174000000.0,2857000000.0,,31504000000.0,34361000000.0,73535000000,2814000000.0,1150000000.0,14192000000.0,14772000000.0,19098000000.0,33290000000,16653000000.0,,22581000000.0,40245000000.0,73535000000,3209000000.0,684000000.0,265000000.0,-381000000.0,-2106000000.0,-19000000.0,701000000.0,1043000000.0,3777000000.0,-58000000.0,-187000000.0,-174000000.0,-419000000.0,-304000000.0,1150000000.0,-63000000.0,859000000.0,4299000000,2011-05-31,33.90999984741211,34.22999954223633,33.31999969482422,34.220001220703125,29.61520957946777,30783300.0
2011-08-31,8374000000.0,-1988000000.0,6386000000.0,-3583000000.0,-1941000000.0,-1050000000.0,-592000000.0,2803000000.0,-212000000.0,-192000000.0,2591000000,-120000000.0,2471000000,-631000000.0,1840000000,,1840000000,1840000000,31660000000.0,4194000000.0,259000000.0,39206000000.0,2930000000.0,,31723000000.0,34653000000.0,73859000000,2167000000.0,,13056000000.0,14789000000.0,19564000000.0,32620000000,16915000000.0,,23385000000.0,41239000000.0,73859000000,1840000000.0,709000000.0,74000000.0,2798000000.0,2483000000.0,57000000.0,-1374000000.0,1632000000.0,5421000000.0,-160000000.0,-5820000000.0,-343000000.0,-6323000000.0,-304000000.0,-1150000000.0,-618000000.0,-2211000000.0,-3001000000,2011-08-31,27.86000061035156,28.61000061035156,27.709999084472656,28.06999969482422,24.33580017089844,31444600.0
2011-11-30,8792000000.0,-1956000000.0,6836000000.0,-3668000000.0,-1974000000.0,-1102000000.0,-592000000.0,3168000000.0,-151000000.0,-192000000.0,3017000000,-57000000.0,2960000000,-768000000.0,2192000000,,2192000000,2192000000,31012000000.0,4434000000.0,218000000.0,38482000000.0,2900000000.0,,31528000000.0,34428000000.0,72910000000,2027000000.0,,11072000000.0,14778000000.0,19571000000.0,30643000000,17245000000.0,,24383000000.0,42267000000.0,72910000000,2192000000.0,701000000.0,181000000.0,-1819000000.0,-355000000.0,36000000.0,68000000.0,-1568000000.0,1255000000.0,-129000000.0,733000000.0,-228000000.0,376000000.0,-303000000.0,0.0,-746000000.0,-1020000000.0,124000000,2011-11-30,30.690000534057614,31.459999084472656,30.649999618530273,31.35000038146973,27.23380279541016,31879500.0
2012-02-29,9039000000.0,-1908000000.0,7131000000.0,-3712000000.0,-1961000000.0,-1145000000.0,-606000000.0,3419000000.0,-169000000.0,-190000000.0,3250000000,-102000000.0,3148000000,-650000000.0,2498000000,,2498000000,2498000000,29742000000.0,4656000000.0,172000000.0,37538000000.0,2936000000.0,,33887000000.0,36823000000.0,74361000000,2107000000.0,,11632000000.0,14777000000.0,19463000000.0,31095000000,17341000000.0,,25116000000.0,43266000000.0,74361000000,2497000000.0,730000000.0,138000000.0,-355000000.0,-100000000.0,46000000.0,-47000000.0,-254000000.0,3010000000.0,-142000000.0,1814000000.0,-2262000000.0,-590000000.0,-302000000.0,-255000000.0,-1580000000.0,-2119000000.0,495000000,2012-02-29,29.399999618530273,29.440000534057614,29.020000457763672,29.25,25.46626091003418,33160700.0
2012-05-31,10916000000.0,-2143000000.0,8773000000.0,-4106000000.0,-2240000000.0,-1226000000.0,-640000000.0,4667000000.0,-212000000.0,-192000000.0,4455000000,-72000000.0,4383000000,-932000000.0,3451000000,,3451000000,3451000000,30676000000.0,6377000000.0,158000000.0,40023000000.0,3021000000.0,,35283000000.0,38304000000.0,78327000000,2968000000.0,2950000000.0,15388000000.0,13524000000.0,18852000000.0,34240000000,17489000000.0,,26087000000.0,44087000000.0,78327000000,3452000000.0,776000000.0,536000000.0,-707000000.0,-2036000000.0,11000000.0,633000000.0,685000000.0,4057000000.0,-217000000.0,242000000.0,-1869000000.0,-1844000000.0,-296000000.0,1700000000.0,-2179000000.0,-749000000.0,1174000000,2012-05-31,26.21999931335449,26.71999931335449,26.170000076293945,26.46999931335449,23.09275245666504,32192300.0
2012-08-31,8181000000.0,-1775000000.0,6406000000.0,-3640000000.0,-1820000000.0,-1201000000.0,-619000000.0,2766000000.0,-177000000.0,-188000000.0,2589000000,113000000.0,2702000000,-668000000.0,2034000000,,2034000000,2034000000,31607000000.0,3775000000.0,148000000.0,38172000000.0,3037000000.0,,35349000000.0,38386000000.0,76558000000,1860000000.0,1250000000.0,13955000000.0,13521000000.0,18867000000.0,32822000000,17901000000.0,,25117000000.0,43736000000.0,76558000000,2034000000.0,746000000.0,352000000.0,2539000000.0,2630000000.0,10000000.0,-943000000.0,842000000.0,5671000000.0,-139000000.0,-10000000.0,-361000000.0,-510000000.0,-292000000.0,-1700000000.0,-2559000000.0,-4520000000.0,712000000,2012-08-31,31.459999084472656,31.76000022888184,31.1299991607666,31.649999618530273,27.66899681091309,21240300.0
2012-11-30,9094000000.0,-1794000000.0,7300000000.0,-3819000000.0,-2036000000.0,-1199000000.0,-584000000.0,3481000000.0,-191000000.0,-195000000.0,3290000000,-10000000.0,3280000000,-699000000.0,2581000000,,2581000000,2581000000,33695000000.0,4401000000.0,164000000.0,41129000000.0,3093000000.0,,35435000000.0,38528000000.0,79657000000,1918000000.0,1250000000.0,12347000000.0,18507000000.0,23900000000.0,36247000000,18015000000.0,,24746000000.0,43410000000.0,79657000000,2581000000.0,718000000.0,158000000.0,-2662000000.0,-592000000.0,-10000000.0,153000000.0,-2213000000.0,795000000.0,-212000000.0,-2041000000.0,-299000000.0,-2552000000.0,-291000000.0,4974000000.0,-2761000000.0,1955000000.0,245000000,2012-11-30,31.85000038146973,32.240001678466804,31.75,32.18000030517578,28.1875114440918,26610600.0
2013-02-28,8958000000.0,-1716000000.0,7242000000.0,-3834000000.0,-2062000000.0,-1186000000.0,-586000000.0,3408000000.0,-244000000.0,-205000000.0,3164000000,-74000000.0,3090000000,-586000000.0,2504000000,,2504000000,2504000000,33407000000.0,4169000000.0,211000000.0,40686000000.0,3034000000.0,,35730000000.0,38764000000.0,79450000000,1918000000.0,1250000000.0,11916000000.0,18502000000.0,23744000000.0,35660000000,18645000000.0,,24549000000.0,43790000000.0,79450000000,2504000000.0,725000000.0,436000000.0,-471000000.0,231000000.0,-48000000.0,-122000000.0,-532000000.0,3194000000.0,-116000000.0,383000000.0,-932000000.0,-665000000.0,-850000000.0,0.0,-1584000000.0,-2309000000.0,189000000,2013-02-28,34.700000762939446,34.860000610351555,34.220001220703125,34.240001678466804,30.1597957611084,23816400.0
2013-05-31,10947000000.0,-2094000000.0,8853000000.0,-4076000000.0,-2216000000.0,-1264000000.0,-596000000.0,4777000000.0,-174000000.0,-209000000.0,4603000000,223000000.0,4826000000,-1020000000.0,3806000000,,3806000000,3806000000,32216000000.0,6049000000.0,240000000.0,41692000000.0,3053000000.0,,37067000000.0,40120000000.0,81812000000,3181000000.0,,12872000000.0,18494000000.0,23795000000.0,36667000000,18893000000.0,,25854000000.0,45145000000.0,81812000000,3806000000.0,742000000.0,134000000.0,-118000000.0,-2002000000.0,-18000000.0,371000000.0,1531000000.0,4564000000.0,-183000000.0,-333000000.0,-1713000000.0,-2229000000.0,0.0,-1250000000.0,-2590000000.0,-3626000000.0,-1488000000,2013-05-31,34.11999893188477,34.459999084472656,33.75,33.779998779296875,29.75461387634277,24412100.0
2013-08-31,8372000000.0,-1721000000.0,6651000000.0,-3712000000.0,-1880000000.0,-1237000000.0,-595000000.0,2939000000.0,-210000000.0,-217000000.0,2729000000,-66000000.0,2663000000,-472000000.0,2191000000,,2191000000,2191000000,39104000000.0,3450000000.0,243000000.0,45457000000.0,3052000000.0,,37897000000.0,40949000000.0,86406000000,2363000000.0,1533000000.0,14526000000.0,22575000000.0,27894000000.0,42420000000,19055000000.0,,24830000000.0,43986000000.0,86406000000,2191000000.0,745000000.0,143000000.0,3213000000.0,2707000000.0,5000000.0,-994000000.0,1495000000.0,6292000000.0,-153000000.0,-2034000000.0,-1314000000.0,-3501000000.0,-554000000.0,5566000000.0,-2683000000.0,2341000000.0,5051000000,2013-08-30,31.739999771118164,32.09999847412109,31.709999084472656,31.86000061035156,28.170663833618164,14044300.0
2013-11-30,9275000000.0,-1807000000.0,7468000000.0,-3989000000.0,-2139000000.0,-1273000000.0,-577000000.0,3479000000.0,-207000000.0,-230000000.0,3272000000,-69000000.0,3203000000,-650000000.0,2553000000,,2553000000,2553000000,36974000000.0,4192000000.0,234000000.0,44252000000.0,3039000000.0,,37947000000.0,40986000000.0,85238000000,2517000000.0,1525000000.0,13110000000.0,22641000000.0,28062000000.0,41172000000,19403000000.0,,24386000000.0,44066000000.0,85238000000,2553000000.0,729000000.0,141000000.0,-2277000000.0,-718000000.0,8000000.0,461000000.0,-2028000000.0,1146000000.0,-126000000.0,-2569000000.0,-434000000.0,-3129000000.0,-545000000.0,0.0,-2353000000.0,-2867000000.0,-4770000000,2013-11-29,35.09999847412109,35.41999816894531,35.040000915527344,35.290000915527344,31.3165283203125,11851500.0
2014-02-28,9307000000.0,-1775000000.0,7532000000.0,-3932000000.0,-2080000000.0,-1292000000.0,-560000000.0,3600000000.0,-318000000.0,-228000000.0,3282000000,-33000000.0,3249000000,-684000000.0,2565000000,,2565000000,2565000000,37225000000.0,4071000000.0,227000000.0,44404000000.0,3052000000.0,,39106000000.0,42158000000.0,86562000000,2417000000.0,1516000000.0,13092000000.0,22677000000.0,28235000000.0,41327000000,20336000000.0,,24606000000.0,45235000000.0,86562000000,2565000000.0,710000000.0,190000000.0,-438000000.0,17000000.0,7000000.0,-197000000.0,-265000000.0,3027000000.0,-147000000.0,2163000000.0,-1318000000.0,698000000.0,-541000000.0,0.0,-1286000000.0,-1736000000.0,1938000000,2014-02-28,38.95000076293945,39.36999893188477,38.650001525878906,39.11000061035156,34.81683349609375,19257800.0
2014-05-31,11321000000.0,-1933000000.0,9388000000.0,-4423000000.0,-2506000000.0,-1349000000.0,-568000000.0,4965000000.0,-320000000.0,-239000000.0,4645000000,-56000000.0,4589000000,-943000000.0,3646000000,,3646000000,3646000000,38819000000.0,6087000000.0,189000000.0,48128000000.0,3061000000.0,,39077000000.0,42138000000.0,90266000000,2827000000.0,1508000000.0,14389000000.0,22589000000.0,28430000000.0,42819000000,21077000000.0,,25965000000.0,47447000000.0,90266000000,3646000000.0,724000000.0,746000000.0,-660000000.0,-1982000000.0,37000000.0,778000000.0,507000000.0,4456000000.0,-154000000.0,-1031000000.0,-422000000.0,-1607000000.0,-538000000.0,0.0,-1356000000.0,-1806000000.0,937000000,2014-05-30,42.08000183105469,42.20000076293945,41.849998474121094,42.02000045776367,37.5189208984375,13496500.0
2014-08-31,8596000000.0,-1681000000.0,6915000000.0,-3858000000.0,-1982000000.0,-1329000000.0,-547000000.0,3057000000.0,-245000000.0,-261000000.0,2812000000,-94000000.0,2718000000,-534000000.0,2184000000,,2184000000,2184000000,51616000000.0,3551000000.0,179000000.0,58194000000.0,3086000000.0,,38446000000.0,41532000000.0,99726000000,2339000000.0,,13377000000.0,32567000000.0,38418000000.0,51795000000,21709000000.0,,25838000000.0,47931000000.0,99726000000,2184000000.0,707000000.0,238000000.0,3599000000.0,2506000000.0,10000000.0,-1088000000.0,2171000000.0,6728000000.0,-201000000.0,-6462000000.0,-37000000.0,-6700000000.0,-537000000.0,8445000000.0,-1412000000.0,6520000000.0,6410000000,2014-08-29,41.2400016784668,41.72999954223633,41.2400016784668,41.52999877929688,37.189369201660156,8970900.0
2014-11-30,9598000000.0,-1899000000.0,7699000000.0,-4126000000.0,-2169000000.0,-1389000000.0,-568000000.0,3573000000.0,-273000000.0,-282000000.0,3300000000,-31000000.0,3269000000,-767000000.0,2502000000,,2502000000,2502000000,44733000000.0,4326000000.0,208000000.0,52040000000.0,3169000000.0,,43096000000.0,46265000000.0,98305000000,2476000000.0,,11985000000.0,32456000000.0,38358000000.0,50343000000,22039000000.0,,25972000000.0,47962000000.0,98305000000,2501000000.0,733000000.0,61000000.0,-2233000000.0,-693000000.0,4000000.0,227000000.0,-1771000000.0,1062000000.0,-225000000.0,-899000000.0,-5085000000.0,-6209000000.0,-533000000.0,0.0,-1775000000.0,-2454000000.0,-8026000000,2014-11-28,41.97999954223633,42.5099983215332,41.88999938964844,42.40999984741211,38.09492111206055,11890100.0
2015-02-28,9327000000.0,-1900000000.0,7427000000.0,-3988000000.0,-2091000000.0,-1370000000.0,-527000000.0,3439000000.0,-233000000.0,-273000000.0,3206000000,-56000000.0,3150000000,-655000000.0,2495000000,,2495000000,2495000000,43777000000.0,4178000000.0,285000000.0,51294000000.0,3335000000.0,,44187000000.0,47522000000.0,98816000000,2508000000.0,1999000000.0,13792000000.0,30258000000.0,36492000000.0,50284000000,22694000000.0,,26165000000.0,48532000000.0,98816000000,2496000000.0,704000000.0,147000000.0,-1084000000.0,54000000.0,-92000000.0,-343000000.0,-703000000.0,2263000000.0,-368000000.0,-936000000.0,-1110000000.0,-2414000000.0,-530000000.0,0.0,-1447000000.0,-1884000000.0,-2452000000,2015-02-27,43.77000045776367,44.11000061035156,43.68000030517578,43.81999969482422,39.46830749511719,9549500.0
2015-05-31,10705000000.0,-2052000000.0,8653000000.0,-4433000000.0,-2490000000.0,-1436000000.0,-507000000.0,4220000000.0,-286000000.0,-327000000.0,3934000000,-237000000.0,3697000000,-940000000.0,2757000000,,2757000000,2757000000,54368000000.0,5618000000.0,314000000.0,62520000000.0,3686000000.0,,44697000000.0,48383000000.0,110903000000,2645000000.0,1999000000.0,15206000000.0,39959000000.0,46599000000.0,61805000000,23156000000.0,,26503000000.0,49098000000.0,110903000000,2757000000.0,717000000.0,322000000.0,731000000.0,-1659000000.0,-18000000.0,1451000000.0,957000000.0,4527000000.0,-597000000.0,-3120000000.0,-7000000.0,-3724000000.0,-655000000.0,9897000000.0,-1651000000.0,7424000000.0,8015000000,2015-05-29,43.790000915527344,43.84000015258789,43.36000061035156,43.4900016784668,39.30839920043945,10358700.0
2015-08-31,8448000000.0,-1850000000.0,6598000000.0,-3830000000.0,-1988000000.0,-1390000000.0,-452000000.0,2768000000.0,-344000000.0,-374000000.0,2424000000,-114000000.0,2310000000,-563000000.0,1747000000,,1747000000,1747000000,55930000000.0,3475000000.0,251000000.0,62122000000.0,3896000000.0,,43688000000.0,47584000000.0,109706000000,1806000000.0,2000000000.0,15391000000.0,40050000000.0,46777000000.0,62168000000,23272000000.0,,24964000000.0,47538000000.0,109706000000,1747000000.0,671000000.0,370000000.0,3093000000.0,2150000000.0,50000000.0,-1353000000.0,2246000000.0,5881000000.0,-446000000.0,-7025000000.0,,-7471000000.0,-650000000.0,,-2620000000.0,-3295000000.0,-4977000000,2015-08-31,37.15999984741211,37.5099983215332,36.93000030517578,37.09000015258789,33.64881134033203,15352800.0
2015-11-30,8993000000.0,-1853000000.0,7140000000.0,-4097000000.0,-2230000000.0,-1444000000.0,-423000000.0,3043000000.0,-287000000.0,-371000000.0,2756000000,-88000000.0,2668000000,-471000000.0,2197000000,,2197000000,2197000000,52335000000.0,3956000000.0,238000000.0,58618000000.0,3855000000.0,,44010000000.0,47865000000.0,106483000000,2012000000.0,2000000000.0,13754000000.0,39940000000.0,46397000000.0,60151000000,23426000000.0,,23737000000.0,46332000000.0,106483000000,2198000000.0,633000000.0,278000000.0,-2593000000.0,-536000000.0,11000000.0,393000000.0,-2461000000.0,516000000.0,-195000000.0,4475000000.0,-147000000.0,4133000000.0,-636000000.0,,-3075000000.0,-3771000000.0,672000000,2015-11-30,39.11000061035156,39.290000915527344,38.97000122070313,38.97000122070313,35.494903564453125,18969800.0
2016-02-29,9012000000.0,-1839000000.0,7173000000.0,-4020000000.0,-2193000000.0,-1419000000.0,-408000000.0,3153000000.0,-295000000.0,-360000000.0,2858000000,-126000000.0,2732000000,-590000000.0,2142000000,,2142000000,2142000000,50767000000.0,3844000000.0,212000000.0,57069000000.0,4011000000.0,,43814000000.0,47825000000.0,104894000000,1946000000.0,,11825000000.0,40106000000.0,46733000000.0,58558000000,23526000000.0,,23390000000.0,46336000000.0,104894000000,2142000000.0,622000000.0,281000000.0,450000000.0,132000000.0,26000000.0,70000000.0,222000000.0,3495000000.0,-368000000.0,-154000000.0,-166000000.0,-688000000.0,-632000000.0,-2000000000.0,-2052000000.0,-4684000000.0,-1828000000,2016-02-29,37.0,37.33000183105469,36.63000106811523,36.77999877929688,33.63832855224609,22300200.0
2016-05-31,10594000000.0,-1937000000.0,8657000000.0,-4517000000.0,-2628000000.0,-1534000000.0,-355000000.0,4140000000.0,-236000000.0,-362000000.0,3904000000,-172000000.0,3732000000,-917000000.0,2815000000,,2815000000,2815000000,56125000000.0,5385000000.0,212000000.0,64313000000.0,4000000000.0,,43867000000.0,47867000000.0,112180000000,2470000000.0,3750000000.0,17208000000.0,40105000000.0,47182000000.0,64390000000,24217000000.0,,23888000000.0,47790000000.0,112180000000,2814000000.0,583000000.0,276000000.0,120000000.0,-1650000000.0,-87000000.0,877000000.0,980000000.0,3793000000.0,-180000000.0,-611000000.0,-337000000.0,-1128000000.0,-623000000.0,3750000000.0,-1357000000.0,1770000000.0,4569000000,2016-05-31,40.08000183105469,40.22000122070313,39.95000076293945,40.20000076293945,36.90324783325195,12567400.0
2016-08-31,8595000000.0,-1776000000.0,6819000000.0,-4065000000.0,-2234000000.0,-1520000000.0,-311000000.0,2754000000.0,-268000000.0,-416000000.0,2486000000,-113000000.0,2373000000,-541000000.0,1832000000,,1832000000,1832000000,68396000000.0,3407000000.0,286000000.0,74451000000.0,4108000000.0,,44664000000.0,48772000000.0,123223000000,1970000000.0,999000000.0,15142000000.0,53057000000.0,60249000000.0,75391000000,24588000000.0,,23380000000.0,47832000000.0,123223000000,1832000000.0,533000000.0,503000000.0,3007000000.0,1993000000.0,-75000000.0,-1013000000.0,2102000000.0,5875000000.0,-299000000.0,-3761000000.0,-1143000000.0,-5203000000.0,-618000000.0,10182000000.0,-1685000000.0,7712000000.0,8462000000,2016-08-31,41.27000045776367,41.31999969482422,41.09000015258789,41.22000122070313,37.978782653808594,9694700.0
2016-11-30,9035000000.0,-1797000000.0,7238000000.0,-4075000000.0,-2263000000.0,-1510000000.0,-302000000.0,3163000000.0,-352000000.0,-451000000.0,2811000000,-126000000.0,2685000000,-653000000.0,2032000000,,2032000000,2032000000,58206000000.0,3690000000.0,327000000.0,64734000000.0,4882000000.0,,53984000000.0,58866000000.0,123600000000,2101000000.0,3838000000.0,16347000000.0,50489000000.0,58408000000.0,74755000000,25159000000.0,,24375000000.0,48845000000.0,123600000000,2032000000.0,543000000.0,331000000.0,-1820000000.0,-313000000.0,-41000000.0,514000000.0,-1980000000.0,1086000000.0,-757000000.0,-249000000.0,-8711000000.0,-9717000000.0,-614000000.0,0.0,-326000000.0,-973000000.0,-10022000000,2016-11-30,40.65999984741211,40.70000076293945,40.18999862670898,40.18999862670898,37.17321395874024,14374600.0
2017-02-28,9205000000.0,-1892000000.0,7313000000.0,-4163000000.0,-2245000000.0,-1521000000.0,-397000000.0,3150000000.0,-261000000.0,-450000000.0,2889000000,-191000000.0,2698000000,-459000000.0,2239000000,,2239000000,2239000000,59352000000.0,3721000000.0,391000000.0,66011000000.0,5070000000.0,,54301000000.0,59371000000.0,125382000000,1997000000.0,3498000000.0,15790000000.0,50469000000.0,58569000000.0,74359000000,25970000000.0,,25576000000.0,51023000000.0,125382000000,2239000000.0,656000000.0,390000000.0,-586000000.0,-7000000.0,-62000000.0,-363000000.0,-154000000.0,2699000000.0,-440000000.0,264000000.0,-552000000.0,-728000000.0,-612000000.0,-344000000.0,16000000.0,-940000000.0,1156000000,2017-02-28,42.61999893188477,42.75,42.41999816894531,42.59000015258789,39.547359466552734,14450300.0
2017-05-31,10957000000.0,-1987000000.0,8970000000.0,-4558000000.0,-2515000000.0,-1602000000.0,-441000000.0,4412000000.0,-352000000.0,-481000000.0,4060000000,-136000000.0,3924000000,-575000000.0,3349000000,,3349000000,3349000000,66078000000.0,5300000000.0,,74515000000.0,5315000000.0,,55161000000.0,60476000000.0,134991000000,2565000000.0,9797000000.0,24178000000.0,48112000000.0,56567000000.0,80745000000,27065000000.0,,27598000000.0,54246000000.0,134991000000,3349000000.0,719000000.0,-59000000.0,457000000.0,-1740000000.0,178000000.0,1092000000.0,927000000.0,4466000000.0,-525000000.0,-4506000000.0,-815000000.0,-5846000000.0,-787000000.0,3800000000.0,332000000.0,3287000000.0,2036000000,2017-05-31,45.41999816894531,45.54999923706055,45.2599983215332,45.38999938964844,42.32890319824219,14757600.0
2017-08-31,9104000000.0,-1928000000.0,7176000000.0,-4291000000.0,-2308000000.0,-1572000000.0,-411000000.0,2885000000.0,-249000000.0,-469000000.0,2636000000,-136000000.0,2500000000,-356000000.0,2144000000,,2144000000,2144000000,66897000000.0,3591000000.0,312000000.0,73335000000.0,5586000000.0,,54676000000.0,60262000000.0,133597000000,2110000000.0,4998000000.0,20226000000.0,48293000000.0,57005000000.0,77231000000,28089000000.0,,28586000000.0,56366000000.0,133597000000,2144000000.0,696000000.0,592000000.0,3134000000.0,1804000000.0,,-770000000.0,2100000000.0,6566000000.0,-473000000.0,-1345000000.0,,-1818000000.0,-788000000.0,-4800000000.0,181000000.0,-5441000000.0,-463000000,2017-08-31,49.88000106811523,50.52000045776367,49.84000015258789,50.33000183105469,47.11281204223633,12958100.0
2017-11-30,9589000000.0,-1960000000.0,7629000000.0,-4281000000.0,-2408000000.0,-1473000000.0,-400000000.0,3348000000.0,-213000000.0,-475000000.0,3135000000,-309000000.0,2826000000,-612000000.0,2214000000,,2214000000,2214000000,71580000000.0,3798000000.0,436000000.0,78545000000.0,5868000000.0,,54349000000.0,60217000000.0,138762000000,2054000000.0,2499000000.0,15494000000.0,58170000000.0,66968000000.0,82462000000,28474000000.0,,28296000000.0,56300000000.0,138762000000,2214000000.0,688000000.0,365000000.0,-2417000000.0,-219000000.0,,149000000.0,-2347000000.0,850000000.0,-599000000.0,-5111000000.0,,-5710000000.0,-791000000.0,7445000000.0,-1716000000.0,4938000000.0,-11000000,2017-11-30,48.88999938964844,49.33000183105469,48.88999938964844,49.06000137329102,46.10513305664063,24701100.0
2018-02-28,9676000000.0,-1996000000.0,7680000000.0,-4271000000.0,-2381000000.0,-1496000000.0,-394000000.0,3409000000.0,-124000000.0,-533000000.0,3285000000,-94000000.0,3191000000,-7238000000.0,-4047000000,,-4047000000,-4047000000,70455000000.0,3902000000.0,496000000.0,77732000000.0,5904000000.0,,54565000000.0,60469000000.0,138201000000,2101000000.0,4491000000.0,17968000000.0,56224000000.0,71961000000.0,89929000000,29048000000.0,,20037000000.0,48272000000.0,138201000000,-4047000000.0,699000000.0,-548000000.0,7206000000.0,48000000.0,,14000000.0,7144000000.0,3310000000.0,-286000000.0,-971000000.0,,-1257000000.0,-783000000.0,0.0,-3237000000.0,-4020000000.0,-1823000000,2018-02-28,51.06000137329102,51.5,50.66999816894531,50.66999816894531,47.80358505249024,14947900.0
2018-05-31,11014000000.0,-2176000000.0,8838000000.0,-4576000000.0,-2618000000.0,-1543000000.0,-415000000.0,4262000000.0,-254000000.0,-548000000.0,4008000000,-101000000.0,3907000000,-631000000.0,3276000000,,3276000000,3276000000,67261000000.0,5136000000.0,,76159000000.0,5897000000.0,,55795000000.0,61692000000.0,137851000000,2335000000.0,4491000000.0,19124000000.0,56128000000.0,71854000000.0,90978000000,28950000000.0,,19111000000.0,46873000000.0,137851000000,3276000000.0,702000000.0,470000000.0,212000000.0,-1366000000.0,,347000000.0,1231000000.0,4660000000.0,-378000000.0,5262000000.0,-1724000000.0,3160000000.0,-778000000.0,-2000000.0,-4679000000.0,-5459000000.0,2133000000,2018-05-31,46.93000030517578,47.16999816894531,46.709999084472656,46.72000122070313,44.25953674316406,13062400.0
2018-08-31,9193000000.0,-1953000000.0,7240000000.0,-4358000000.0,-2360000000.0,-1564000000.0,-434000000.0,2882000000.0,-238000000.0,-529000000.0,2644000000,-104000000.0,2540000000,-275000000.0,2265000000,,2265000000,2265000000,60094000000.0,3729000000.0,,67009000000.0,5918000000.0,,55431000000.0,61349000000.0,128358000000,1948000000.0,3743000000.0,19562000000.0,54386000000.0,70232000000.0,89794000000,27811000000.0,,12022000000.0,38564000000.0,128358000000,2265000000.0,720000000.0,376000000.0,3361000000.0,1390000000.0,,-561000000.0,2532000000.0,6722000000.0,-383000000.0,3965000000.0,-50000000.0,3532000000.0,-742000000.0,-2500000000.0,-10055000000.0,-13333000000.0,-3165000000,2018-08-31,48.38000106811523,48.63000106811523,48.349998474121094,48.58000183105469,46.20209884643555,17844100.0
2018-11-30,9562000000.0,-2001000000.0,7561000000.0,-4299000000.0,-2400000000.0,-1475000000.0,-424000000.0,3262000000.0,-327000000.0,-519000000.0,2935000000,-161000000.0,2774000000,-441000000.0,2333000000,,2333000000,2333000000,49391000000.0,3975000000.0,,56938000000.0,6003000000.0,,55377000000.0,61380000000.0,118318000000,2032000000.0,6477000000.0,20315000000.0,51561000000.0,66948000000.0,87263000000,27430000000.0,,5107000000.0,31055000000.0,118318000000,2333000000.0,704000000.0,346000000.0,-2837000000.0,-274000000.0,,197000000.0,-2760000000.0,546000000.0,-421000000.0,2604000000.0,-263000000.0,1920000000.0,-714000000.0,0.0,-9268000000.0,-10023000000.0,-7631000000,2018-11-30,48.09000015258789,48.84000015258789,47.709999084472656,48.7599983215332,46.55999374389648,22884500.0
2019-02-28,9614000000.0,-1976000000.0,7638000000.0,-4200000000.0,-2367000000.0,-1426000000.0,-407000000.0,3438000000.0,-311000000.0,-509000000.0,3127000000,-39000000.0,3088000000,-343000000.0,2745000000,,2745000000,2745000000,40030000000.0,3993000000.0,,47617000000.0,6197000000.0,,55624000000.0,61821000000.0,109438000000,1861000000.0,4487000000.0,17986000000.0,51672000000.0,67214000000.0,85200000000,26732000000.0,,-1284000000.0,24238000000.0,109438000000,2745000000.0,741000000.0,-60000000.0,-565000000.0,-10000000.0,,-283000000.0,-272000000.0,2861000000.0,-443000000.0,13659000000.0,-17000000.0,13199000000.0,-670000000.0,-2000000000.0,-9551000000.0,-12239000000.0,3896000000,2019-02-28,52.20000076293945,52.5099983215332,52.04999923706055,52.13000106811523,49.97502136230469,31856900.0
2019-05-31,11137000000.0,-2065000000.0,9072000000.0,-4632000000.0,-2647000000.0,-1561000000.0,-424000000.0,4440000000.0,-391000000.0,-525000000.0,4049000000,-183000000.0,3866000000,-126000000.0,3740000000,,3740000000,3740000000,37827000000.0,5134000000.0,,46386000000.0,6252000000.0,,56071000000.0,62323000000.0,108709000000,2208000000.0,4494000000.0,18630000000.0,51673000000.0,67716000000.0,86346000000,26909000000.0,,-3496000000.0,22363000000.0,108709000000,3740000000.0,754000000.0,147000000.0,-219000000.0,-1378000000.0,,545000000.0,614000000.0,4422000000.0,-413000000.0,8352000000.0,-33000000.0,7906000000.0,-806000000.0,0.0,-5111000000.0,-6461000000.0,5794000000,2019-05-31,51.2400016784668,51.36000061035156,50.5099983215332,50.599998474121094,48.72551345825195,11847100.0
2019-08-31,9218000000.0,-1957000000.0,7261000000.0,-4281000000.0,-2310000000.0,-1557000000.0,-414000000.0,2980000000.0,-395000000.0,-494000000.0,2585000000,-103000000.0,2482000000,-345000000.0,2137000000,,2137000000,2137000000,35704000000.0,3820000000.0,,42384000000.0,6264000000.0,,57581000000.0,63845000000.0,106229000000,1747000000.0,3748000000.0,18875000000.0,50692000000.0,68335000000.0,87210000000,26450000000.0,,-6446000000.0,19019000000.0,106229000000,2137000000.0,750000000.0,492000000.0,2621000000.0,1313000000.0,,-813000000.0,2121000000.0,6000000000.0,-386000000.0,12774000000.0,-2000000.0,12386000000.0,-795000000.0,-1750000000.0,-5203000000.0,-7802000000.0,10569000000,2019-08-30,52.5,52.54999923706055,51.75,52.06000137329102,50.33435440063477,7920000.0
2019-11-30,9614000000.0,-2048000000.0,7566000000.0,-4329000000.0,-2391000000.0,-1531000000.0,-407000000.0,3237000000.0,-373000000.0,-465000000.0,2864000000,-54000000.0,2810000000,-499000000.0,2311000000,,2311000000,2311000000,27444000000.0,4050000000.0,,34540000000.0,6270000000.0,,57633000000.0,63903000000.0,98443000000,1846000000.0,999000000.0,14592000000.0,50670000000.0,67666000000.0,82258000000,26374000000.0,,-9174000000.0,16185000000.0,98443000000,2311000000.0,748000000.0,205000000.0,-2751000000.0,-234000000.0,,-103000000.0,-2414000000.0,513000000.0,-349000000.0,1691000000.0,-109000000.0,1233000000.0,-767000000.0,-2750000000.0,-4176000000.0,-8294000000.0,-6543000000,2019-11-29,56.33000183105469,56.4900016784668,56.09000015258789,56.13999938964844,54.521202087402344,6479400.0
2020-02-29,9796000000.0,-1964000000.0,7832000000.0,-4237000000.0,-2337000000.0,-1500000000.0,-400000000.0,3595000000.0,-452000000.0,-456000000.0,3143000000,-67000000.0,3076000000,-505000000.0,2571000000,,2571000000,2571000000,25858000000.0,4162000000.0,,33442000000.0,6248000000.0,,57014000000.0,63262000000.0,96704000000,1850000000.0,2355000000.0,15740000000.0,49320000000.0,66083000000.0,81823000000,26685000000.0,,-10771000000.0,14881000000.0,96704000000,2571000000.0,748000000.0,276000000.0,-583000000.0,-133000000.0,,-119000000.0,-331000000.0,3012000000.0,-396000000.0,876000000.0,0.0,480000000.0,-768000000.0,0.0,-3324000000.0,-4169000000.0,-711000000,2020-02-28,49.2400016784668,49.88999938964844,47.9000015258789,49.459999084472656,48.24762344360352,24426000.0
2020-05-31,10440000000.0,-1969000000.0,8471000000.0,-4081000000.0,-2237000000.0,-1479000000.0,-365000000.0,4390000000.0,-613000000.0,-580000000.0,3777000000,-82000000.0,3695000000,-579000000.0,3116000000,,3116000000,3116000000,43057000000.0,5551000000.0,,52140000000.0,6244000000.0,,57054000000.0,63298000000.0,115438000000,2090000000.0,2371000000.0,17200000000.0,69226000000.0,85521000000.0,102721000000,,,-12696000000.0,12717000000.0,115438000000,3116000000.0,722000000.0,250000000.0,-474000000.0,-1636000000.0,,539000000.0,623000000.0,3614000000.0,-433000000.0,-3810000000.0,-13000000.0,-4256000000.0,-740000000.0,19888000000.0,-4949000000.0,14133000000.0,13410000000,2020-05-29,53.61999893188477,53.93999862670898,52.9900016784668,53.77000045776367,52.70115661621094,14734800.0
