Report Date,Revenue,Cost of Revenue,Gross Profit,Operating Expenses,"Selling, General & Administrative",Research & Development,Depreciation & Amortization,Operating Income (Loss),Non-Operating Income (Loss),"Interest Expense, Net","Pretax Income (Loss), Adj.",Abnormal Gains (Losses),Pretax Income (Loss),"Income Tax (Expense) Benefit, Net",Income (Loss) from Continuing Operations,Net Extraordinary Gains (Losses),Net Income,Net Income (Common),"Cash, Cash Equivalents & Short Term Investments",Accounts & Notes Receivable,Inventories,Total Current Assets,"Property, Plant & Equipment, Net",Long Term Investments & Receivables,Other Long Term Assets,Total Noncurrent Assets,Total Assets,Payables & Accruals,Short Term Debt,Total Current Liabilities,Long Term Debt,Total Noncurrent Liabilities,Total Liabilities,Share Capital & Additional Paid-In Capital,Treasury Stock,Retained Earnings,Total Equity,Total Liabilities & Equity,Net Income/Starting Line,Depreciation & Amortization,Non-Cash Items,Change in Working Capital,Change in Accounts Receivable,Change in Inventories,Change in Accounts Payable,Change in Other,Net Cash from Operating Activities,Change in Fixed Assets & Intangibles,Net Change in Long Term Investment,Net Cash from Acquisitions & Divestitures,Net Cash from Investing Activities,Dividends Paid,Cash from (Repayment of) Debt,Cash from (Repurchase of) Equity,Net Cash from Financing Activities,Net Change in Cash,Price Date,Open,High,Low,Close,Adj Close,Volume
2009-06-30,3722000000.0,-2059000000.0,1663000000.0,-526000000.0,-362000000.0,-54000000.0,,1137000000.0,-32000000.0,-32000000.0,1105000000,,1105000000,-455000000.0,696000000,-2000000.0,682000000,682000000,1755000000.0,3525000000.0,1069000000.0,6658000000.0,32909000000.0,1350000000.0,918000000.0,35177000000.0,41835000000,4384000000.0,918000000.0,5411000000.0,2567000000.0,8537000000.0,13948000000,7340000000.0,-4130000000.0,25206000000.0,27887000000.0,41835000000,696000000.0,742000000.0,177000000.0,-178000000.0,,,,-178000000.0,1421000000.0,-786000000.0,,,-1275000000.0,-260000000.0,739000000.0,3000000.0,483000000.0,629000000,2009-06-30,63.40450668334961,63.88353729248047,61.27760696411133,63.05002212524414,42.17893981933594,9117161.0
2009-09-30,4126000000.0,-2130000000.0,1996000000.0,-520000000.0,-359000000.0,-56000000.0,,1476000000.0,-40000000.0,-40000000.0,1436000000,-10000000.0,1426000000,-549000000.0,943000000,-2000000.0,927000000,927000000,1608000000.0,3952000000.0,1132000000.0,7000000000.0,32905000000.0,1450000000.0,859000000.0,35214000000.0,42214000000,4760000000.0,239000000.0,5106000000.0,2556000000.0,8588000000.0,13694000000,7309000000.0,-4150000000.0,25864000000.0,28520000000.0,42214000000,943000000.0,769000000.0,221000000.0,-282000000.0,,,,-282000000.0,1642000000.0,-745000000.0,,,-806000000.0,-274000000.0,-691000000.0,-17000000.0,-983000000.0,-147000000,2009-09-30,75.3802719116211,75.72517395019531,73.43540954589844,75.11201477050781,50.47716903686523,7206845.0
2009-12-31,3991000000.0,1148000000.0,5139000000.0,-3187000000.0,-309000000.0,-86000000.0,-2687000000.0,1952000000.0,-34000000.0,-34000000.0,1918000000,10000000.0,1928000000,-818000000.0,1183000000,-229000000.0,938000000,938000000,1224000000.0,5167000000.0,998000000.0,10607000000.0,31137000000.0,1732000000.0,753000000.0,33622000000.0,44229000000,5597000000.0,239000000.0,6491000000.0,2557000000.0,8579000000.0,15070000000,7304000000.0,-4161000000.0,26534000000.0,29159000000.0,44229000000,1183000000.0,390000000.0,548000000.0,-139000000.0,-573000000.0,-119000000.0,-316000000.0,869000000.0,2103000000.0,-592000000.0,,,-2218000000.0,-269000000.0,7000000.0,-9000000.0,-269000000.0,-384000000,2009-12-31,78.9729995727539,79.10713195800781,77.81375122070312,77.93829345703125,52.59834289550781,1912821.0
2010-03-31,4638000000.0,-2273000000.0,2365000000.0,-526000000.0,-349000000.0,-56000000.0,,1839000000.0,-37000000.0,-37000000.0,1802000000,,1802000000,-746000000.0,1121000000,-33000000.0,1064000000,1064000000,1895000000.0,5693000000.0,1066000000.0,9088000000.0,33864000000.0,1776000000.0,803000000.0,36443000000.0,45531000000,6252000000.0,83000000.0,6440000000.0,2511000000.0,9054000000.0,15494000000,7315000000.0,-4161000000.0,27329000000.0,30037000000.0,45531000000,1121000000.0,763000000.0,243000000.0,92000000.0,,,,92000000.0,2227000000.0,-761000000.0,,,-1068000000.0,-269000000.0,-227000000.0,2000000.0,-491000000.0,668000000,2010-03-31,80.82205963134766,81.48312377929688,80.37177276611328,80.99451446533203,54.88192367553711,5715291.0
2010-06-30,4637000000.0,-2292000000.0,2345000000.0,-476000000.0,-282000000.0,-69000000.0,,1869000000.0,-30000000.0,-30000000.0,1839000000,,1839000000,-809000000.0,1089000000,-14000000.0,1063000000,1063000000,2322000000.0,5207000000.0,1220000000.0,9189000000.0,34514000000.0,1786000000.0,770000000.0,37070000000.0,46259000000,5947000000.0,12000000.0,6062000000.0,2511000000.0,9285000000.0,15347000000,7370000000.0,-4172000000.0,28083000000.0,30912000000.0,46259000000,1089000000.0,798000000.0,191000000.0,-6000000.0,,,,-6000000.0,2094000000.0,-782000000.0,,,-1340000000.0,-269000000.0,-72000000.0,-8000000.0,-345000000.0,409000000,2010-06-30,75.42817687988281,76.15630340576172,73.8377914428711,73.91443634033203,50.32734680175781,6066834.0
2010-09-30,4796000000.0,-2323000000.0,2473000000.0,-470000000.0,-277000000.0,-83000000.0,,2003000000.0,-25000000.0,-25000000.0,1978000000,,1978000000,-822000000.0,1225000000,-12000000.0,1191000000,1191000000,2109000000.0,5266000000.0,1127000000.0,8922000000.0,35974000000.0,1777000000.0,830000000.0,38581000000.0,47503000000,6197000000.0,,6298000000.0,2512000000.0,9361000000.0,15659000000,7359000000.0,-4172000000.0,28964000000.0,31844000000.0,47503000000,1225000000.0,792000000.0,249000000.0,59000000.0,,,,59000000.0,2423000000.0,-1019000000.0,,,-2299000000.0,-310000000.0,-12000000.0,2000000.0,-318000000.0,-194000000,2010-09-30,74.01982879638672,75.40901184082031,73.89527893066406,75.0162124633789,51.332679748535156,7745746.0
2010-12-31,5086000000.0,776000000.0,5862000000.0,-3823000000.0,-488000000.0,-54000000.0,-3153000000.0,2039000000.0,-24000000.0,-24000000.0,2015000000,-275000000.0,1740000000,-618000000.0,1206000000,20000000.0,1212000000,1212000000,2578000000.0,5932000000.0,1041000000.0,13059000000.0,36536000000.0,2039000000.0,798000000.0,39373000000.0,52432000000,7213000000.0,,7825000000.0,5111000000.0,12123000000.0,19948000000,7368000000.0,-4228000000.0,29868000000.0,32484000000.0,52432000000,1206000000.0,800000000.0,308000000.0,426000000.0,-929000000.0,-42000000.0,1146000000.0,251000000.0,2822000000.0,-1358000000.0,,,-4588000000.0,-311000000.0,2584000000.0,-53000000.0,2237000000.0,471000000,2010-12-31,93.51637268066406,94.54150390625,93.26728057861328,93.98582458496094,64.5780029296875,2634904.0
2011-03-31,5779000000.0,-2526000000.0,3253000000.0,-676000000.0,-441000000.0,-84000000.0,,2577000000.0,-215000000.0,-215000000.0,2362000000,,2362000000,-1054000000.0,1405000000,144000000.0,1549000000,1549000000,2100000000.0,7007000000.0,1091000000.0,10591000000.0,40598000000.0,2093000000.0,783000000.0,43474000000.0,54065000000,8293000000.0,1000000000.0,9391000000.0,3748000000.0,11016000000.0,20407000000,7378000000.0,-4241000000.0,31043000000.0,33658000000.0,54065000000,1405000000.0,890000000.0,370000000.0,-446000000.0,,,,-446000000.0,2222000000.0,-1281000000.0,,,-1741000000.0,-310000000.0,-523000000.0,-10000000.0,-959000000.0,-478000000,2011-03-31,99.71503448486328,101.33415222167969,99.59048461914062,100.10784149169922,69.09146881103516,3765834.0
2011-06-30,6208000000.0,-2720000000.0,3488000000.0,-612000000.0,-388000000.0,-62000000.0,,2876000000.0,-27000000.0,-27000000.0,2849000000,,2849000000,-1111000000.0,1819000000,-2000000.0,1817000000,1817000000,1994000000.0,6355000000.0,1202000000.0,9943000000.0,41795000000.0,2084000000.0,773000000.0,44652000000.0,54595000000,7497000000.0,500000000.0,8093000000.0,3749000000.0,11342000000.0,19435000000,7398000000.0,-4271000000.0,32485000000.0,35160000000.0,54595000000,1819000000.0,839000000.0,399000000.0,296000000.0,,,,296000000.0,3342000000.0,-1632000000.0,,,-2550000000.0,-375000000.0,-500000000.0,-28000000.0,-898000000.0,-106000000,2011-06-30,99.06355285644531,100.25154876708984,98.9006805419922,99.6767120361328,69.10722351074219,4666402.0
2011-09-30,6076000000.0,-2879000000.0,3197000000.0,-433000000.0,-242000000.0,-39000000.0,,2764000000.0,-25000000.0,-25000000.0,2739000000,,2739000000,-1087000000.0,1775000000,-4000000.0,1771000000,1771000000,4039000000.0,5678000000.0,1249000000.0,11376000000.0,43025000000.0,2105000000.0,738000000.0,45868000000.0,57244000000,6909000000.0,,7004000000.0,5870000000.0,13761000000.0,20765000000,7450000000.0,-4434000000.0,33882000000.0,36479000000.0,57244000000,1775000000.0,924000000.0,362000000.0,21000000.0,,,,21000000.0,3074000000.0,-2056000000.0,,,-2197000000.0,-375000000.0,1611000000.0,-74000000.0,1168000000.0,2045000000,2011-09-30,70.09177398681639,70.67619323730469,68.32894134521484,68.50138854980469,47.75853729248047,8275357.0
2011-12-31,6056000000.0,740000000.0,6796000000.0,-4256000000.0,-452000000.0,-73000000.0,-3591000000.0,2540000000.0,-31000000.0,-31000000.0,2509000000,,2509000000,-949000000.0,1641000000,-7000000.0,1634000000,1634000000,3781000000.0,5395000000.0,1069000000.0,11542000000.0,45684000000.0,2072000000.0,746000000.0,48502000000.0,60044000000,7947000000.0,,7947000000.0,5871000000.0,14477000000.0,22424000000,7463000000.0,-4502000000.0,35142000000.0,37620000000.0,60044000000,1641000000.0,938000000.0,622000000.0,451000000.0,-360000000.0,-50000000.0,657000000.0,204000000.0,3643000000.0,-2499000000.0,,,-3415000000.0,-376000000.0,0.0,-112000000.0,-486000000.0,-258000000,2011-12-30,89.37754821777344,90.4122543334961,89.37754821777344,89.77035522460938,62.88479995727539,2370725.0
2012-03-31,6283000000.0,-2950000000.0,3333000000.0,-706000000.0,-434000000.0,-98000000.0,,2627000000.0,-30000000.0,-30000000.0,2597000000,,2597000000,-1139000000.0,1560000000,-1000000.0,1559000000,1559000000,3760000000.0,6586000000.0,1250000000.0,11987000000.0,46903000000.0,1965000000.0,767000000.0,49635000000.0,61622000000,8098000000.0,,8098000000.0,5873000000.0,14777000000.0,22875000000,7490000000.0,-4517000000.0,36262000000.0,38747000000.0,61622000000,1560000000.0,1085000000.0,487000000.0,-359000000.0,,,,-359000000.0,2765000000.0,-2412000000.0,,,-2415000000.0,-374000000.0,,0.0,-371000000.0,-21000000,2012-03-30,90.93919372558594,91.72480010986328,90.230224609375,91.23619079589844,64.25503540039061,3622628.0
2012-06-30,5792000000.0,-3060000000.0,2732000000.0,-598000000.0,-335000000.0,-96000000.0,,2134000000.0,-28000000.0,-28000000.0,2106000000,,2106000000,-875000000.0,1332000000,-4000000.0,1328000000,1328000000,4410000000.0,5870000000.0,1499000000.0,12133000000.0,49397000000.0,1972000000.0,781000000.0,52150000000.0,64283000000,7887000000.0,,7887000000.0,7620000000.0,16846000000.0,24733000000,7548000000.0,-4660000000.0,37152000000.0,39550000000.0,64283000000,1332000000.0,1087000000.0,574000000.0,209000000.0,,,,209000000.0,3193000000.0,-2713000000.0,,,-3747000000.0,-439000000.0,1736000000.0,-94000000.0,1204000000.0,650000000,2012-06-29,80.09393310546875,82.23041534423828,79.77777099609375,82.17292785644531,58.25959014892578,8313350.0
2012-09-30,5991000000.0,-3176000000.0,2815000000.0,-635000000.0,-394000000.0,-69000000.0,,2180000000.0,-36000000.0,-36000000.0,2144000000,,2144000000,-855000000.0,1379000000,-4000000.0,1375000000,1375000000,3760000000.0,6504000000.0,1297000000.0,11909000000.0,50963000000.0,1982000000.0,771000000.0,53716000000.0,65625000000,7834000000.0,,7834000000.0,7622000000.0,17317000000.0,25151000000,7576000000.0,-4710000000.0,38089000000.0,40474000000.0,65625000000,1379000000.0,1148000000.0,540000000.0,-513000000.0,,,,-513000000.0,2541000000.0,-2591000000.0,,,-2709000000.0,-439000000.0,0.0,-49000000.0,-482000000.0,-650000000,2012-09-28,82.15377044677734,82.9681167602539,81.71305847167969,82.45076751708984,58.84100341796875,3959454.0
2012-12-31,2114000000.0,2656000000.0,4770000000.0,-3722000000.0,-203000000.0,66000000.0,-3585000000.0,1048000000.0,-60000000.0,-60000000.0,988000000,-1710000000.0,-722000000,210000000.0,-442000000,778000000.0,336000000,336000000,1592000000.0,4916000000.0,1344000000.0,9492000000.0,52064000000.0,1894000000.0,760000000.0,54718000000.0,64210000000,6690000000.0,600000000.0,7290000000.0,7023000000.0,16872000000.0,24162000000,7619000000.0,-5091000000.0,37990000000.0,40048000000.0,64210000000,-442000000.0,265000000.0,977000000.0,-279000000.0,452000000.0,-242000000.0,-959000000.0,470000000.0,2800000000.0,-141000000.0,,,-3771000000.0,-876000000.0,0.0,-355000000.0,-1197000000.0,-2168000000,2012-12-31,72.0174789428711,73.46414947509766,71.6821517944336,73.39708709716797,52.76234817504883,4639264.0
2013-03-31,5907000000.0,-3137000000.0,2770000000.0,-629000000.0,-393000000.0,-50000000.0,,2141000000.0,-34000000.0,-34000000.0,2107000000,,2107000000,-844000000.0,1359000000,-4000000.0,1355000000,1355000000,2140000000.0,4995000000.0,1306000000.0,10154000000.0,52981000000.0,1917000000.0,772000000.0,55670000000.0,65824000000,7186000000.0,600000000.0,7786000000.0,7024000000.0,17098000000.0,24884000000,7646000000.0,-5091000000.0,38829000000.0,40940000000.0,65824000000,1359000000.0,1259000000.0,331000000.0,-228000000.0,,,,-228000000.0,2712000000.0,-2070000000.0,,,-2195000000.0,,,4000000.0,31000000.0,548000000,2013-03-28,74.82460021972656,75.43775939941406,74.55634307861328,75.0832748413086,54.39672470092773,5596405.0
2013-06-30,6121000000.0,-3180000000.0,2941000000.0,-769000000.0,-495000000.0,-78000000.0,,2172000000.0,-30000000.0,-30000000.0,2142000000,,2142000000,-901000000.0,1327000000,-5000000.0,1322000000,1322000000,3069000000.0,5221000000.0,1340000000.0,10859000000.0,53949000000.0,1808000000.0,806000000.0,56563000000.0,67422000000,7634000000.0,600000000.0,8234000000.0,7026000000.0,17338000000.0,25572000000,7688000000.0,-5113000000.0,39634000000.0,41850000000.0,67422000000,1327000000.0,1303000000.0,437000000.0,455000000.0,,,,455000000.0,3513000000.0,-1940000000.0,,,-2104000000.0,-517000000.0,,-8000000.0,-480000000.0,929000000,2013-06-28,86.21595001220703,86.48420715332031,85.46865844726562,85.48782348632812,62.3620719909668,3592254.0
2013-09-30,6475000000.0,-3214000000.0,3261000000.0,-713000000.0,-459000000.0,-68000000.0,,2548000000.0,-29000000.0,-29000000.0,2519000000,,2519000000,-1037000000.0,1588000000,-5000000.0,1583000000,1583000000,3771000000.0,5653000000.0,1328000000.0,11938000000.0,55027000000.0,1713000000.0,759000000.0,57499000000.0,69437000000,8242000000.0,600000000.0,8842000000.0,6961000000.0,17627000000.0,26469000000,7686000000.0,-5148000000.0,40700000000.0,42968000000.0,69437000000,1588000000.0,1334000000.0,450000000.0,218000000.0,,,,218000000.0,3561000000.0,-2271000000.0,,,-2321000000.0,-517000000.0,-66000000.0,-33000000.0,-538000000.0,702000000,2013-09-30,89.46377563476562,89.72245025634766,88.89852142333984,89.6170654296875,65.84387969970703,4175620.0
2013-12-31,2949000000.0,3034000000.0,5983000000.0,-4340000000.0,-197000000.0,56000000.0,-4203000000.0,1643000000.0,-39000000.0,-39000000.0,1604000000,-621000000.0,983000000,-432000000.0,658000000,985000000.0,1643000000,1643000000,3393000000.0,5674000000.0,1200000000.0,11323000000.0,55821000000.0,1459000000.0,840000000.0,58120000000.0,69443000000,8434000000.0,,8434000000.0,6939000000.0,17637000000.0,26071000000,7693000000.0,-6095000000.0,41831000000.0,43372000000.0,69443000000,658000000.0,307000000.0,-530000000.0,-39000000.0,-747000000.0,79000000.0,265000000.0,364000000.0,2992000000.0,692000000.0,,,-1424000000.0,-519000000.0,-624000000.0,-876000000.0,-1946000000.0,-378000000,2013-12-31,90.96793365478516,91.32241821289062,90.27812957763672,91.11164093017578,67.40367889404297,2807336.0
2014-03-31,4998000000.0,-2620000000.0,2378000000.0,-492000000.0,-317000000.0,-24000000.0,,1886000000.0,-22000000.0,-22000000.0,1864000000,,1864000000,-794000000.0,1137000000,255000000.0,1390000000,1390000000,2332000000.0,5233000000.0,1308000000.0,10899000000.0,56044000000.0,1511000000.0,821000000.0,58376000000.0,69275000000,8095000000.0,,8190000000.0,6877000000.0,17716000000.0,25906000000,7721000000.0,-7079000000.0,42652000000.0,43369000000.0,69275000000,1137000000.0,977000000.0,180000000.0,-252000000.0,,,,-252000000.0,2697000000.0,-1794000000.0,,,-2373000000.0,-514000000.0,-61000000.0,-933000000.0,-1385000000.0,-1061000000,2014-03-31,91.99305725097656,92.02179718017578,91.0445785522461,91.29367065429688,68.04420471191406,4050784.0
2014-06-30,5705000000.0,-1691000000.0,4014000000.0,-1636000000.0,-429000000.0,-39000000.0,-1024000000.0,2378000000.0,-20000000.0,-20000000.0,2358000000,-471000000.0,1887000000,-809000000.0,1161000000,273000000.0,1431000000,1431000000,2391000000.0,5826000000.0,1323000000.0,10786000000.0,57134000000.0,1547000000.0,826000000.0,59507000000.0,70293000000,8869000000.0,,8869000000.0,6835000000.0,17612000000.0,26481000000,7742000000.0,-7681000000.0,43519000000.0,43812000000.0,70293000000,1161000000.0,1024000000.0,-163000000.0,252000000.0,,,,252000000.0,2867000000.0,-759000000.0,,,-1715000000.0,-570000000.0,-46000000.0,-627000000.0,-1093000000.0,59000000,2014-06-30,97.61687469482422,98.82403564453124,97.61687469482422,98.32584381103516,73.81222534179688,4274778.0
2014-09-30,4930000000.0,-1736000000.0,3194000000.0,-1574000000.0,-355000000.0,-28000000.0,-1056000000.0,1620000000.0,-16000000.0,-16000000.0,1604000000,,1604000000,-699000000.0,998000000,213000000.0,1208000000,1208000000,2897000000.0,4960000000.0,1359000000.0,10507000000.0,58465000000.0,1544000000.0,994000000.0,61003000000.0,71510000000,7922000000.0,1599000000.0,9521000000.0,6837000000.0,17904000000.0,27425000000,7748000000.0,-8146000000.0,44166000000.0,44085000000.0,71510000000,998000000.0,1056000000.0,335000000.0,-315000000.0,,,,-315000000.0,2638000000.0,-2019000000.0,,,-2742000000.0,-565000000.0,1599000000.0,-503000000.0,610000000.0,506000000,2014-09-30,93.34392547607422,93.39183044433594,91.6864776611328,92.11760711669922,69.64674377441406,5304670.0
2014-12-31,6314000000.0,-756000000.0,5558000000.0,-2762000000.0,-402000000.0,-59000000.0,-2181000000.0,2796000000.0,-19000000.0,-19000000.0,2777000000,-6908000000.0,-4131000000,617000000.0,-3426000000,19000000.0,-3413000000,-3413000000,3789000000.0,4206000000.0,1052000000.0,13873000000.0,39730000000.0,1565000000.0,1091000000.0,42386000000.0,56259000000,8244000000.0,,8244000000.0,6838000000.0,13056000000.0,21300000000,7777000000.0,-8528000000.0,36067000000.0,34959000000.0,56259000000,-3426000000.0,1204000000.0,3582000000.0,1121000000.0,1413000000.0,-112000000.0,-530000000.0,350000000.0,2866000000.0,361000000.0,,,-1640000000.0,-561000000.0,-1599000000.0,-404000000.0,-334000000.0,892000000,2014-12-31,80.49292755126953,81.18175506591797,79.67432403564453,80.47296142578125,61.38507843017578,3561855.0
2015-03-31,3096000000.0,-1557000000.0,1539000000.0,-1455000000.0,-311000000.0,-8000000.0,-1029000000.0,84000000.0,-30000000.0,-30000000.0,54000000,-324000000.0,-270000000,19000000.0,-215000000,-3000000.0,-218000000,-218000000,2153000000.0,3068000000.0,1133000000.0,10434000000.0,40109000000.0,1765000000.0,1081000000.0,42955000000.0,53389000000,6215000000.0,700000000.0,6915000000.0,6139000000.0,12310000000.0,19225000000,7810000000.0,-8734000000.0,35294000000.0,34164000000.0,53389000000,-215000000.0,1029000000.0,307000000.0,-555000000.0,,,,-555000000.0,561000000.0,-2113000000.0,,,-2206000000.0,-557000000.0,,-188000000.0,9000000.0,-1636000000,2015-03-31,72.87590026855469,73.59467315673828,72.5664291381836,72.87590026855469,56.11137390136719,4901232.0
2015-06-30,3514000000.0,-1480000000.0,2034000000.0,-1580000000.0,-347000000.0,-10000000.0,-1116000000.0,454000000.0,-8000000.0,-8000000.0,446000000,,446000000,-324000000.0,180000000,-4000000.0,176000000,176000000,2756000000.0,3973000000.0,1120000000.0,11008000000.0,40478000000.0,1762000000.0,1121000000.0,43361000000.0,54369000000,6375000000.0,1450000000.0,7825000000.0,6880000000.0,13242000000.0,21067000000,7829000000.0,-9107000000.0,34896000000.0,33302000000.0,54369000000,180000000.0,1116000000.0,221000000.0,-706000000.0,,,,-706000000.0,805000000.0,-1479000000.0,,,-1683000000.0,-556000000.0,1478000000.0,-325000000.0,1481000000.0,603000000,2015-06-30,78.0470962524414,78.14692687988281,77.25843811035156,77.6377944946289,60.35013198852539,4082140.0
2015-09-30,3246000000.0,-1413000000.0,1833000000.0,-1499000000.0,-292000000.0,-5000000.0,-1123000000.0,334000000.0,-48000000.0,-48000000.0,286000000,-3397000000.0,-3111000000,445000000.0,-2606000000,-3000000.0,-2609000000,-2609000000,2547000000.0,3507000000.0,1122000000.0,10540000000.0,36835000000.0,1614000000.0,1100000000.0,39549000000.0,50089000000,5954000000.0,1450000000.0,7433000000.0,6882000000.0,12774000000.0,20207000000,7842000000.0,-9113000000.0,31712000000.0,29882000000.0,50089000000,-2606000000.0,1123000000.0,2685000000.0,-176000000.0,,,,-176000000.0,1020000000.0,-1101000000.0,,,-1229000000.0,-577000000.0,0.0,-39000000.0,0.0,-209000000,2015-09-30,65.08915710449219,66.14736175537111,64.82960510253906,66.03754425048828,51.891685485839844,5177402.0
2015-12-31,2843000000.0,-1354000000.0,1489000000.0,-1659000000.0,-320000000.0,-13000000.0,-1276000000.0,-170000000.0,-61000000.0,-61000000.0,-231000000,-6518000000.0,-6749000000,1190000000.0,-5505000000,327000000.0,-5178000000,-5178000000,3201000000.0,2970000000.0,986000000.0,9402000000.0,31639000000.0,1434000000.0,934000000.0,34007000000.0,43409000000,5282000000.0,1450000000.0,6842000000.0,6855000000.0,12217000000.0,19059000000,7818000000.0,-9121000000.0,25960000000.0,24350000000.0,43409000000,-5505000000.0,1276000000.0,5173000000.0,-93000000.0,1431000000.0,-24000000.0,-1989000000.0,489000000.0,965000000.0,-352000000.0,,,-305000000.0,-574000000.0,0.0,-4000000.0,-6000000.0,654000000,2015-12-31,66.30708312988281,67.8843994140625,66.30708312988281,67.49506378173828,53.61709213256836,4625864.0
2016-03-31,2281000000.0,-1281000000.0,1000000000.0,-1458000000.0,-272000000.0,-9000000.0,-1102000000.0,-458000000.0,-60000000.0,-60000000.0,-518000000,-78000000.0,-596000000,203000000.0,-360000000,438000000.0,78000000,78000000,3176000000.0,2780000000.0,997000000.0,8237000000.0,31505000000.0,1301000000.0,975000000.0,33781000000.0,42018000000,4826000000.0,2000000000.0,6826000000.0,5608000000.0,11403000000.0,18229000000,7846000000.0,-9128000000.0,25375000000.0,23789000000.0,42018000000,-360000000.0,1102000000.0,80000000.0,-683000000.0,,,,-683000000.0,689000000.0,-569000000.0,,,-637000000.0,-574000000.0,-700000000.0,4000000.0,-77000000.0,-25000000,2016-03-31,68.23999786376953,69.41999816894531,68.15000152587889,68.43000030517578,54.9455680847168,3304700.0
2016-06-30,2558000000.0,-1244000000.0,1314000000.0,-1509000000.0,-338000000.0,-27000000.0,-1070000000.0,-195000000.0,-88000000.0,-88000000.0,-283000000,,-283000000,96000000.0,-136000000,-3000000.0,-139000000,-139000000,3751000000.0,3113000000.0,906000000.0,8972000000.0,31038000000.0,1360000000.0,1025000000.0,33423000000.0,42395000000,5267000000.0,,5267000000.0,8331000000.0,14027000000.0,19294000000,7875000000.0,-9136000000.0,24661000000.0,23101000000.0,42395000000,-136000000.0,1070000000.0,1000000.0,-132000000.0,,,,-132000000.0,1129000000.0,-627000000.0,,,-697000000.0,-575000000.0,708000000.0,10000000.0,143000000.0,575000000,2016-06-30,75.22000122070312,75.66000366210938,74.83999633789062,75.55999755859375,61.26834487915039,3779300.0
2016-09-30,2733000000.0,-1338000000.0,1395000000.0,-1432000000.0,-316000000.0,-9000000.0,-1046000000.0,-37000000.0,-68000000.0,-68000000.0,-105000000,-221000000.0,-326000000,30000000.0,-238000000,-3000000.0,-241000000,-241000000,3180000000.0,3521000000.0,927000000.0,8711000000.0,30419000000.0,1420000000.0,1080000000.0,32919000000.0,41630000000,5688000000.0,,5688000000.0,8333000000.0,13646000000.0,19334000000,7897000000.0,-9143000000.0,23836000000.0,22296000000.0,41630000000,-238000000.0,1046000000.0,-194000000.0,42000000.0,,,,42000000.0,650000000.0,-533000000.0,,,-642000000.0,-575000000.0,0.0,-4000000.0,-579000000.0,-571000000,2016-09-30,72.55999755859375,73.37000274658203,71.9800033569336,72.91999816894531,59.70948028564453,5110500.0
2016-12-31,2826000000.0,-1326000000.0,1500000000.0,-1538000000.0,-404000000.0,-17000000.0,-1050000000.0,-38000000.0,-76000000.0,-76000000.0,-114000000,-526000000.0,-640000000,333000000.0,-268000000,-4000000.0,-272000000,-272000000,2233000000.0,3989000000.0,866000000.0,8428000000.0,32337000000.0,1401000000.0,943000000.0,34681000000.0,43109000000,6362000000.0,,6362000000.0,9819000000.0,15250000000.0,21612000000,7925000000.0,-9143000000.0,22981000000.0,21497000000.0,43109000000,-268000000.0,1050000000.0,216000000.0,-77000000.0,-1091000000.0,17000000.0,603000000.0,394000000.0,915000000.0,-800000000.0,,,-2766000000.0,-585000000.0,1485000000.0,4000000.0,904000000.0,-947000000,2016-12-30,71.51000213623047,71.8499984741211,71.0199966430664,71.2300033569336,58.96207046508789,2641600.0
2017-03-31,2978000000.0,-1426000000.0,1552000000.0,-1293000000.0,-272000000.0,-11000000.0,-942000000.0,259000000.0,-81000000.0,-81000000.0,178000000,-13000000.0,165000000,-78000000.0,117000000,,117000000,117000000,1494000000.0,4316000000.0,1005000000.0,8238000000.0,32005000000.0,1436000000.0,786000000.0,34227000000.0,42465000000,6226000000.0,500000000.0,6852000000.0,9322000000.0,14534000000.0,21386000000,7962000000.0,-9143000000.0,22513000000.0,21079000000.0,42465000000,117000000.0,942000000.0,-11000000.0,-543000000.0,,,,-543000000.0,505000000.0,-763000000.0,,,-672000000.0,-584000000.0,,12000000.0,-572000000.0,-739000000,2017-03-31,64.01000213623047,64.31999969482422,63.099998474121094,63.36000061035156,53.07091903686523,6520800.0
2017-06-30,3603000000.0,-1486000000.0,2117000000.0,-1426000000.0,-352000000.0,-8000000.0,-989000000.0,691000000.0,-86000000.0,-86000000.0,605000000,,605000000,-285000000.0,507000000,,507000000,507000000,2218000000.0,3913000000.0,920000000.0,8075000000.0,31466000000.0,1572000000.0,869000000.0,33907000000.0,41982000000,5875000000.0,500000000.0,6391000000.0,9324000000.0,14554000000.0,20945000000,8003000000.0,-9149000000.0,22435000000.0,21037000000.0,41982000000,507000000.0,989000000.0,-465000000.0,818000000.0,,,,818000000.0,1849000000.0,-155000000.0,,,-539000000.0,-584000000.0,,-2000000.0,-586000000.0,724000000,2017-06-30,60.16999816894531,60.36999893188477,59.290000915527344,59.86999893188477,50.7735824584961,4707800.0
2017-09-30,3105000000.0,-1357000000.0,1748000000.0,-1431000000.0,-352000000.0,-8000000.0,-995000000.0,317000000.0,-91000000.0,-91000000.0,226000000,-11000000.0,215000000,-85000000.0,190000000,,190000000,190000000,1806000000.0,3749000000.0,1007000000.0,7045000000.0,32065000000.0,1526000000.0,807000000.0,34398000000.0,41443000000,5862000000.0,500000000.0,6362000000.0,9326000000.0,14412000000.0,20774000000,8029000000.0,-9154000000.0,22032000000.0,20669000000.0,41443000000,190000000.0,995000000.0,-101000000.0,2000000.0,,,,2000000.0,1086000000.0,-208000000.0,,,-915000000.0,-586000000.0,0.0,3000000.0,-583000000.0,-412000000,2017-09-29,64.66000366210939,64.76999664306639,64.13999938964844,64.20999908447266,55.14054870605469,3559700.0
2017-12-31,3588000000.0,-1325000000.0,2263000000.0,-1669000000.0,-448000000.0,-55000000.0,-1076000000.0,594000000.0,-87000000.0,-87000000.0,507000000,-521000000.0,-14000000,431000000.0,497000000,,497000000,497000000,1672000000.0,4145000000.0,1246000000.0,8270000000.0,31174000000.0,1515000000.0,1067000000.0,33756000000.0,42026000000,6900000000.0,500000000.0,7400000000.0,9328000000.0,14054000000.0,21454000000,8063000000.0,-9168000000.0,21935000000.0,20572000000.0,42026000000,497000000.0,1076000000.0,-62000000.0,-90000000.0,-158000000.0,-349000000.0,-89000000.0,506000000.0,1421000000.0,-948000000.0,,,-953000000.0,-592000000.0,0.0,-10000000.0,-602000000.0,-134000000,2017-12-29,73.9800033569336,74.05999755859375,73.62999725341797,73.66000366210938,63.965370178222656,3181600.0
2018-03-31,3825000000.0,-1363000000.0,2462000000.0,-1351000000.0,-307000000.0,-15000000.0,-921000000.0,1111000000.0,-97000000.0,-97000000.0,1014000000,-30000000.0,984000000,-339000000.0,708000000,,708000000,708000000,1606000000.0,5184000000.0,1057000000.0,8894000000.0,31344000000.0,1509000000.0,1061000000.0,33914000000.0,42808000000,7070000000.0,,7070000000.0,10309000000.0,15016000000.0,22086000000,8095000000.0,-9168000000.0,22107000000.0,20722000000.0,42808000000,708000000.0,921000000.0,68000000.0,-688000000.0,,,,-688000000.0,1009000000.0,-802000000.0,,,-971000000.0,-592000000.0,478000000.0,10000000.0,-104000000.0,-66000000,2018-03-29,63.58000183105469,65.45999908447266,63.45000076293945,64.95999908447266,57.08466720581055,7823500.0
2018-06-30,4131000000.0,-1465000000.0,2666000000.0,-1485000000.0,-402000000.0,-21000000.0,-947000000.0,1181000000.0,-97000000.0,-97000000.0,1084000000,-12000000.0,1072000000,-302000000.0,848000000,,848000000,848000000,1362000000.0,5521000000.0,1347000000.0,10990000000.0,30432000000.0,1551000000.0,1094000000.0,33077000000.0,44067000000,7933000000.0,,8078000000.0,10312000000.0,15058000000.0,23136000000,8146000000.0,-9268000000.0,22361000000.0,20931000000.0,44067000000,848000000.0,947000000.0,193000000.0,-232000000.0,,,,-232000000.0,1756000000.0,-1193000000.0,,,-1315000000.0,-593000000.0,0.0,-94000000.0,-685000000.0,-244000000,2018-06-29,84.02999877929688,84.83999633789062,83.5999984741211,83.68000030517578,74.1957778930664,3849700.0
2018-09-30,6176000000.0,-1786000000.0,4390000000.0,-1588000000.0,-431000000.0,-24000000.0,-1023000000.0,2802000000.0,-96000000.0,-96000000.0,2706000000,-214000000.0,2492000000,-710000000.0,1869000000,,1869000000,1869000000,2954000000.0,6000000000.0,1009000000.0,11112000000.0,31155000000.0,1568000000.0,1122000000.0,33845000000.0,44957000000,8256000000.0,116000000.0,8372000000.0,10198000000.0,15092000000.0,23464000000,8170000000.0,-10162000000.0,23635000000.0,21493000000.0,44957000000,1869000000.0,1023000000.0,-339000000.0,-149000000.0,,,,-149000000.0,2404000000.0,1109000000.0,,,586000000.0,-595000000.0,0.0,-807000000.0,-1398000000.0,1592000000,2018-09-28,80.75,83.08000183105469,80.62000274658203,82.16999816894531,73.59698486328125,6414600.0
2018-12-31,4802000000.0,1781000000.0,6583000000.0,-4628000000.0,403000000.0,-50000000.0,-1086000000.0,1955000000.0,232000000.0,-99000000.0,2187000000,-1127000000.0,1060000000,-126000000.0,706000000,,706000000,706000000,3033000000.0,4893000000.0,1260000000.0,9932000000.0,31437000000.0,1680000000.0,805000000.0,33922000000.0,43854000000,7296000000.0,116000000.0,7412000000.0,10201000000.0,15112000000.0,22524000000,8225000000.0,-10473000000.0,23750000000.0,21330000000.0,43854000000,706000000.0,1086000000.0,83000000.0,625000000.0,955000000.0,-108000000.0,-1500000000.0,1278000000.0,2500000000.0,-2138000000.0,,,-1506000000.0,-594000000.0,0.0,-324000000.0,-915000000.0,79000000,2018-12-31,60.77999877929688,61.5,60.5099983215332,61.38000106811523,55.61857604980469,5126200.0
2019-03-31,4089000000.0,-1345000000.0,2744000000.0,-1498000000.0,-140000000.0,-36000000.0,-973000000.0,1246000000.0,-98000000.0,-98000000.0,1148000000,-365000000.0,783000000,-225000000.0,631000000,,631000000,631000000,1752000000.0,5310000000.0,1484000000.0,9270000000.0,31900000000.0,1725000000.0,1485000000.0,35110000000.0,44380000000,7181000000.0,116000000.0,7537000000.0,10203000000.0,15607000000.0,23144000000,8262000000.0,-10653000000.0,23795000000.0,21236000000.0,44380000000,631000000.0,973000000.0,228000000.0,-884000000.0,,,,-884000000.0,948000000.0,-1294000000.0,,,-1415000000.0,-591000000.0,0.0,-221000000.0,-814000000.0,-1281000000,2019-03-29,67.27999877929689,67.48000335693361,66.05000305175781,66.19999694824219,60.7064094543457,3190400.0
2019-06-30,4476000000.0,-1386000000.0,3090000000.0,-1612000000.0,-163000000.0,-35000000.0,-1031000000.0,1478000000.0,-153000000.0,-153000000.0,1325000000,-481000000.0,844000000,-306000000.0,635000000,,635000000,635000000,1751000000.0,5273000000.0,1582000000.0,9425000000.0,32115000000.0,1777000000.0,1453000000.0,35345000000.0,44770000000,7512000000.0,116000000.0,7880000000.0,10155000000.0,15543000000.0,23423000000,8336000000.0,-10653000000.0,23848000000.0,21347000000.0,44770000000,635000000.0,1031000000.0,84000000.0,263000000.0,,,,263000000.0,2013000000.0,-1252000000.0,,,-1288000000.0,-587000000.0,-108000000.0,-29000000.0,-726000000.0,-1000000,2019-06-28,49.849998474121094,50.27999877929688,49.540000915527344,50.27999877929688,46.85274124145508,6752100.0
2019-09-30,6043000000.0,-741000000.0,5302000000.0,-3876000000.0,-466000000.0,-63000000.0,-1767000000.0,1426000000.0,-381000000.0,-381000000.0,1045000000,-1723000000.0,-678000000,-163000000.0,-737000000,-15000000.0,-794000000,-912000000,4840000000.0,5854000000.0,1601000000.0,20944000000.0,90121000000.0,3684000000.0,10694000000.0,104499000000.0,125443000000,13000000000.0,31000000.0,15697000000.0,47583000000.0,68741000000.0,84438000000,15076000000.0,-10653000000.0,22227000000.0,41005000000.0,125443000000,-737000000.0,1767000000.0,861000000.0,621000000.0,,,,621000000.0,2405000000.0,3040000000.0,,,-25023000000.0,-588000000.0,16956000000.0,10023000000.0,26232000000.0,3614000000,2019-09-30,45.0,45.13999938964844,44.13000106811523,44.47000122070313,42.171630859375,6520300.0
2019-12-31,7142000000.0,681000000.0,7823000000.0,-6472000000.0,-759000000.0,-113000000.0,-2369000000.0,1351000000.0,-61000000.0,-434000000.0,1290000000,-1885000000.0,-595000000,-167000000.0,-1036000000,0.0,-1139000000,-1339000000,3032000000.0,4233000000.0,1581000000.0,14633000000.0,82230000000.0,6389000000.0,3938000000.0,92557000000.0,107190000000,10357000000.0,51000000.0,12705000000.0,38537000000.0,60253000000.0,72958000000,15164000000.0,-10653000000.0,20180000000.0,34232000000.0,107190000000,-1036000000.0,2369000000.0,-497000000.0,1027000000.0,401000000.0,78000000.0,358000000.0,190000000.0,2009000000.0,-29055000000.0,,,-1301000000.0,-858000000.0,-1791000000.0,18000000.0,-2499000000.0,-1791000000,2019-12-31,40.4900016784668,41.22000122070313,40.31999969482422,41.209999084472656,39.88789749145508,10372400.0
2020-03-31,6654000000.0,-612000000.0,6042000000.0,-4666000000.0,-829000000.0,-37000000.0,-2309000000.0,1376000000.0,-485000000.0,-352000000.0,891000000,-2929000000.0,-2038000000,25000000.0,-2013000000,,-2013000000,-2232000000,2021000000.0,2458000000.0,1436000000.0,14109000000.0,79073000000.0,6050000000.0,2411000000.0,87534000000.0,101643000000,7155000000.0,2464000000.0,11963000000.0,36058000000.0,58385000000.0,70348000000,15291000000.0,-10653000000.0,17229000000.0,31295000000.0,101643000000,-2013000000.0,2309000000.0,1188000000.0,-189000000.0,3909000000.0,-68000000.0,-4332000000.0,302000000.0,1339000000.0,-470000000.0,,,-1530000000.0,-913000000.0,,90000000.0,-1019000000.0,-1210000000,2020-03-31,11.520000457763672,12.079999923706055,11.109999656677246,11.579999923706055,11.548140525817873,35568400.0
2020-06-30,2976000000.0,-577000000.0,2399000000.0,-3557000000.0,-592000000.0,-33000000.0,-2119000000.0,-1158000000.0,-310000000.0,-310000000.0,-1468000000,-6909000000.0,-8377000000,1468000000.0,-6716000000,-1415000000.0,-8131000000,-8353000000,1011000000.0,2359000000.0,1477000000.0,8437000000.0,72604000000.0,6128000000.0,2283000000.0,81015000000.0,89452000000,6249000000.0,2460000000.0,9919000000.0,36034000000.0,56187000000.0,66106000000,8318000000.0,5578000000.0,,23346000000.0,89452000000,-6716000000.0,2119000000.0,5184000000.0,-222000000.0,90000000.0,109000000.0,-376000000.0,-45000000.0,360000000.0,-320000000.0,,,-576000000.0,-714000000.0,,18000000.0,-935000000.0,-1151000000,2020-06-30,17.770000457763672,18.350000381469727,17.270000457763672,18.299999237060547,18.26013946533203,26525200.0
