Report Date,Revenue,Cost of Revenue,Gross Profit,Operating Expenses,"Selling, General & Administrative",Research & Development,Depreciation & Amortization,Operating Income (Loss),Non-Operating Income (Loss),"Interest Expense, Net","Pretax Income (Loss), Adj.",Abnormal Gains (Losses),Pretax Income (Loss),"Income Tax (Expense) Benefit, Net",Income (Loss) from Continuing Operations,Net Extraordinary Gains (Losses),Net Income,Net Income (Common),"Cash, Cash Equivalents & Short Term Investments",Accounts & Notes Receivable,Inventories,Total Current Assets,"Property, Plant & Equipment, Net",Long Term Investments & Receivables,Other Long Term Assets,Total Noncurrent Assets,Total Assets,Payables & Accruals,Short Term Debt,Total Current Liabilities,Long Term Debt,Total Noncurrent Liabilities,Total Liabilities,Share Capital & Additional Paid-In Capital,Treasury Stock,Retained Earnings,Total Equity,Total Liabilities & Equity,Net Income/Starting Line,Depreciation & Amortization,Non-Cash Items,Change in Working Capital,Change in Accounts Receivable,Change in Inventories,Change in Accounts Payable,Change in Other,Net Cash from Operating Activities,Change in Fixed Assets & Intangibles,Net Change in Long Term Investment,Net Cash from Acquisitions & Divestitures,Net Cash from Investing Activities,Dividends Paid,Cash from (Repayment of) Debt,Cash from (Repurchase of) Equity,Net Cash from Financing Activities,Net Change in Cash,Price Date,Open,High,Low,Close,Adj Close,Volume
2013-12-31,30280000.0,-5938000.0,24342000.0,-25441000.0,-23646000.0,-829000.0,-966000.0,-1099000.0,-1284000.0,-2343000.0,-2383000,,-2383000,419000.0,-1964000,,-1951000,-1951000,13362000.0,1705000.0,578000.0,477748000.0,38671000.0,,59059000.0,97730000.0,575478000,12479000.0,9545000.0,482983000.0,11545000.0,87412000.0,570395000,34435000.0,,-29349000.0,5083000.0,575478000,-1964000.0,1450000.0,358000.0,5044000.0,,,,,4888000.0,-10933000.0,,,-224740000.0,-5409000.0,5487000.0,,212076000.0,-7776000,,,,,,,
2014-03-31,36985000.0,-6922000.0,30063000.0,-26922000.0,-24949000.0,-882000.0,-1091000.0,3141000.0,-1298000.0,-2067000.0,1843000,,1843000,-783000.0,1060000,,1060000,1060000,13125000.0,737000.0,452000.0,430951000.0,42514000.0,,58766000.0,101280000.0,532231000,12534000.0,13941000.0,438269000.0,11435000.0,87908000.0,526177000,4994000.0,,1060000.0,6054000.0,532231000,1060000.0,1721000.0,740000.0,-1790000.0,,,,,1731000.0,-5160000.0,,,41401000.0,,4286000.0,,-43369000.0,-237000,,,,,,,
2014-06-30,33306000.0,-6365000.0,26941000.0,-23847000.0,-21838000.0,-937000.0,-1072000.0,3094000.0,-87000.0,-674000.0,3007000,-4044000.0,-1037000,444000.0,-593000,,-593000,-593000,13968000.0,906000.0,519000.0,336492000.0,45358000.0,,58345000.0,103703000.0,440195000,9356000.0,893000.0,329398000.0,26528000.0,42959000.0,372357000,67371000.0,,467000.0,67838000.0,440195000,-593000.0,1680000.0,4047000.0,-972000.0,,,,,4162000.0,-4118000.0,,,89472000.0,,-62954000.0,,-92791000.0,843000,2014-06-30,14.270000457763672,14.65999984741211,13.90999984741211,14.59000015258789,14.59000015258789,169500.0
2014-09-30,36598000.0,-6436000.0,30162000.0,-25484000.0,-23266000.0,-1059000.0,-1159000.0,4678000.0,-299000.0,-338000.0,4379000,,4379000,-1689000.0,2690000,,2690000,2690000,18473000.0,1468000.0,384000.0,418331000.0,46642000.0,,57983000.0,104625000.0,522956000,8660000.0,845000.0,407892000.0,26341000.0,44448000.0,452340000,67459000.0,,3157000.0,70616000.0,522956000,2690000.0,1797000.0,1107000.0,1814000.0,,,,,7408000.0,-2670000.0,,,-80674000.0,,-235000.0,,77771000.0,4505000,2014-09-30,16.950000762939453,17.030000686645508,16.309999465942386,16.559999465942386,16.559999465942386,188700.0
2014-12-31,44040000.0,-7595000.0,36445000.0,-31658000.0,-28995000.0,-1447000.0,-1216000.0,4787000.0,-316000.0,-342000.0,4471000,0.0,4471000,-1965000.0,2506000,,2506000,2506000,25144000.0,2794000.0,195000.0,691948000.0,47919000.0,,57630000.0,105549000.0,797497000,9745000.0,855000.0,678772000.0,26123000.0,44587000.0,723359000,68475000.0,,5663000.0,74138000.0,797497000,2506000.0,1964000.0,1261000.0,3305000.0,,,,,9036000.0,-2322000.0,,,-269249000.0,,-209000.0,,266884000.0,6671000,2014-12-31,26.18000030517578,26.979999542236328,26.0,26.32999992370605,26.32999992370605,61900.0
2015-03-31,55222000.0,-8281000.0,46941000.0,-36403000.0,-33213000.0,-1867000.0,-1323000.0,10538000.0,-299000.0,-332000.0,10239000,,10239000,-4244000.0,5995000,,5995000,5995000,35673000.0,1684000.0,718000.0,633551000.0,48692000.0,,57346000.0,106038000.0,739589000,16349000.0,862000.0,613004000.0,25652000.0,46196000.0,659200000,68731000.0,,11658000.0,80389000.0,739589000,5995000.0,2133000.0,166000.0,4842000.0,,,,,13136000.0,-2502000.0,,,66863000.0,,-464000.0,,-69470000.0,10529000,2015-03-31,31.809999465942386,32.389999389648445,31.76000022888184,32.060001373291016,32.060001373291016,255900.0
2015-06-30,48973000.0,-8021000.0,40952000.0,-30144000.0,-26837000.0,-1907000.0,-1400000.0,10808000.0,-373000.0,-392000.0,10435000,,10435000,-4489000.0,5946000,,5946000,5946000,42667000.0,2562000.0,326000.0,591947000.0,50115000.0,,57120000.0,107235000.0,699182000,16330000.0,861000.0,565495000.0,25435000.0,47317000.0,612812000,68766000.0,,17604000.0,86370000.0,699182000,5946000.0,2287000.0,-7000.0,1417000.0,,,,,9643000.0,-2420000.0,,,46336000.0,,-218000.0,,-48985000.0,6994000,2015-06-30,34.790000915527344,35.029998779296875,33.299999237060554,34.150001525878906,34.150001525878906,547300.0
2015-09-30,55340000.0,-8909000.0,46431000.0,-39576000.0,-35770000.0,-2349000.0,-1457000.0,6855000.0,-245000.0,-343000.0,6610000,,6610000,-2763000.0,3847000,,3847000,3847000,48547000.0,3397000.0,639000.0,671220000.0,53674000.0,,56688000.0,110362000.0,781582000,16968000.0,875000.0,641576000.0,25206000.0,48327000.0,689903000,70228000.0,,21451000.0,91679000.0,781582000,3847000.0,2402000.0,257000.0,4844000.0,,,,,11350000.0,-5228000.0,,,-78316000.0,,-215000.0,,72846000.0,5880000,2015-09-30,34.939998626708984,36.0099983215332,34.700000762939446,35.90999984741211,35.90999984741211,820900.0
2015-12-31,65118000.0,-10262000.0,54856000.0,-48622000.0,-44560000.0,-2504000.0,-1558000.0,6234000.0,7000.0,-360000.0,6241000,,6241000,-1084000.0,5157000,,5157000,5157000,50714000.0,2354000.0,1093000.0,761138000.0,58858000.0,,56659000.0,115517000.0,876655000,17532000.0,886000.0,727534000.0,24856000.0,50807000.0,778341000,71706000.0,,26608000.0,98314000.0,876655000,5157000.0,2599000.0,1954000.0,-867000.0,,,,,8843000.0,-6399000.0,,,-87207000.0,,-221000.0,,80531000.0,2167000,2015-12-31,38.16999816894531,38.20000076293945,37.61999893188477,37.63000106811523,37.63000106811523,399000.0
2016-03-31,90126000.0,-11971000.0,78155000.0,-49451000.0,-43868000.0,-3860000.0,-1723000.0,28704000.0,-277000.0,-311000.0,28427000,,28427000,-9839000.0,18588000,,18588000,18588000,72075000.0,2580000.0,736000.0,1205803000.0,66990000.0,,58839000.0,125829000.0,1331632000,29496000.0,900000.0,1161793000.0,24650000.0,51475000.0,1213268000,73168000.0,,45196000.0,118364000.0,1331632000,18588000.0,2909000.0,-2389000.0,10840000.0,,,,,29948000.0,-8363000.0,,,-437279000.0,,-224000.0,,428692000.0,21361000,2016-03-31,35.18000030517578,35.88999938964844,34.950000762939446,35.599998474121094,35.599998474121094,352500.0
2016-06-30,73880000.0,-11865000.0,62015000.0,-46011000.0,-39986000.0,-4202000.0,-1823000.0,16004000.0,-54000.0,-170000.0,15950000,,15950000,-5529000.0,10421000,,10421000,10421000,80893000.0,2775000.0,441000.0,1122559000.0,76627000.0,,59797000.0,136424000.0,1258983000,29831000.0,911000.0,1072497000.0,28349000.0,57671000.0,1130168000,76688000.0,-3490000.0,55617000.0,128815000.0,1258983000,10421000.0,3209000.0,2336000.0,8640000.0,,,,,24606000.0,-15977000.0,,,75328000.0,,3679000.0,-3490000.0,-91116000.0,8818000,2016-06-30,42.040000915527344,43.25,41.66999816894531,43.209999084472656,43.209999084472656,872000.0
2016-09-30,77325000.0,-14748000.0,62577000.0,-61995000.0,-53731000.0,-6232000.0,-2032000.0,582000.0,-465000.0,-252000.0,117000,,117000,6081000.0,6198000,,6198000,6198000,74496000.0,1479000.0,355000.0,677678000.0,87285000.0,,56032000.0,143317000.0,820995000,24561000.0,1090000.0,628894000.0,29000000.0,61064000.0,689958000,91997000.0,-22775000.0,61815000.0,131037000.0,820995000,6198000.0,3553000.0,17621000.0,-7491000.0,,,,,19881000.0,-7790000.0,,,433483000.0,,843000.0,-4889000.0,-459761000.0,-6397000,2016-09-30,49.709999084472656,50.45000076293945,49.6500015258789,50.13000106811523,50.13000106811523,532400.0
2016-12-31,87810000.0,-15482000.0,72328000.0,-15878000.0,-6950000.0,-6672000.0,-2256000.0,56450000.0,68000.0,-303000.0,56518000,,56518000,-21304000.0,35214000,,35214000,35214000,60158000.0,1339000.0,675000.0,925583000.0,96848000.0,,56182000.0,153030000.0,1078613000,26304000.0,1113000.0,898894000.0,28711000.0,63192000.0,962086000,96037000.0,-49958000.0,70448000.0,116527000.0,1078613000,35214000.0,3961000.0,18418000.0,-33210000.0,,,,,24383000.0,-11675000.0,-97657000.0,,-276743000.0,,33000.0,-27182000.0,238022000.0,-14338000,2016-12-30,46.43999862670898,46.43999862670898,45.290000915527344,45.4900016784668,45.4900016784668,516600.0
2017-03-31,119508000.0,-17146000.0,102362000.0,-49852000.0,-40829000.0,-6797000.0,-2226000.0,52510000.0,-162000.0,-257000.0,52348000,,52348000,-18654000.0,33694000,,33694000,33694000,92915000.0,1847000.0,499000.0,1051654000.0,106485000.0,,60413000.0,166898000.0,1218552000,44986000.0,1126000.0,1005429000.0,30389000.0,66944000.0,1072373000,100075000.0,-49958000.0,96062000.0,146179000.0,1218552000,33694000.0,4286000.0,4651000.0,-2406000.0,,,,,40225000.0,-9136000.0,,,-101872000.0,,1811000.0,,94404000.0,32757000,2017-03-31,57.06999969482422,57.72000122070313,56.84000015258789,57.5099983215332,57.5099983215332,517800.0
2017-06-30,98227000.0,-17876000.0,80351000.0,-61559000.0,-51024000.0,-8095000.0,-2440000.0,18792000.0,-132000.0,-281000.0,18660000,,18660000,1356000.0,20016000,,20016000,20016000,68117000.0,1803000.0,520000.0,866739000.0,116957000.0,,62247000.0,179204000.0,1045943000,29022000.0,1139000.0,828452000.0,33479000.0,72443000.0,900895000,114882000.0,-80117000.0,110283000.0,145048000.0,1045943000,20016000.0,4707000.0,14627000.0,-24282000.0,,,,,15068000.0,-12773000.0,,,151192000.0,,3067000.0,-15187000.0,-191058000.0,-24798000,2017-06-30,67.76000213623047,69.16000366210939,67.52999877929689,68.41000366210939,68.41000366210939,522200.0
2017-09-30,101287000.0,-17826000.0,83461000.0,-61454000.0,-50939000.0,-8112000.0,-2403000.0,22007000.0,-102000.0,-220000.0,21905000,,21905000,-995000.0,20910000,,20910000,20910000,66610000.0,1444000.0,750000.0,876490000.0,133765000.0,,59681000.0,193446000.0,1069936000,30418000.0,1152000.0,837612000.0,33218000.0,75059000.0,912671000,130369000.0,-97454000.0,124350000.0,157265000.0,1069936000,20910000.0,4905000.0,19294000.0,-8353000.0,,,,,36756000.0,-21017000.0,62380000.0,,-26365000.0,,-281000.0,-4204000.0,-11898000.0,-1507000,2017-09-29,74.70999908447266,75.19000244140625,74.37999725341797,74.95999908447266,74.95999908447266,563900.0
2017-12-31,114025000.0,-19180000.0,94845000.0,-58444000.0,-48282000.0,-7426000.0,-2736000.0,36401000.0,-1582000.0,-153000.0,34819000,,34819000,14047000.0,48866000,,48866000,48866000,46077000.0,1576000.0,979000.0,1176265000.0,147705000.0,,226168000.0,373873000.0,1550138000,33496000.0,888000.0,1140152000.0,34414000.0,128739000.0,1268891000,162410000.0,-139688000.0,258525000.0,281247000.0,1550138000,48866000.0,5497000.0,-8918000.0,-7345000.0,,,,,38100000.0,-16463000.0,12590000.0,,-312850000.0,,1008000.0,-37489000.0,254217000.0,-20533000,2017-12-29,80.75,81.0199966430664,80.0199966430664,80.33000183105469,80.33000183105469,338800.0
2018-03-31,153916000.0,-23605000.0,130311000.0,-79291000.0,-65009000.0,-11250000.0,-3032000.0,51020000.0,1030000.0,,52050000,,52050000,-10890000.0,41160000,,41160000,41160000,68121000.0,2350000.0,420000.0,1205019000.0,159561000.0,,243550000.0,403111000.0,1608130000,34888000.0,1331000.0,1141342000.0,33935000.0,133755000.0,1275097000,189906000.0,-156558000.0,299685000.0,333033000.0,1608130000,41160000.0,6069000.0,26683000.0,-16248000.0,,,,,57664000.0,-18708000.0,,,-24667000.0,,,-4999000.0,-10953000.0,22044000,2018-03-29,105.45999908447266,109.0,104.9250030517578,107.38999938964844,107.38999938964844,894200.0
2018-06-30,128800000.0,-20931000.0,107869000.0,-64832000.0,-50642000.0,-10731000.0,-3459000.0,43037000.0,481000.0,-34000.0,43518000,,43518000,-7796000.0,35722000,,35722000,35722000,54630000.0,2414000.0,477000.0,1002032000.0,165370000.0,,251563000.0,416933000.0,1418965000,32686000.0,1775000.0,947056000.0,33486000.0,142171000.0,1089227000,193894000.0,-199563000.0,335407000.0,329738000.0,1418965000,35722000.0,6713000.0,9346000.0,-9088000.0,,,,,42693000.0,-13165000.0,,,181708000.0,,,-36690000.0,-237892000.0,-13491000,2018-06-29,100.4000015258789,101.58999633789062,98.6999969482422,98.83000183105469,98.83000183105469,781700.0
2018-09-30,133288000.0,-22125000.0,111163000.0,-74918000.0,-59231000.0,-11526000.0,-4161000.0,36245000.0,199000.0,-384000.0,36444000,,36444000,-7675000.0,28769000,,28769000,28769000,85048000.0,2213000.0,574000.0,1037534000.0,168397000.0,,262255000.0,430652000.0,1468186000,38764000.0,1775000.0,958149000.0,33049000.0,149660000.0,1107809000,198861000.0,-202660000.0,364176000.0,360377000.0,1468186000,28769000.0,8128000.0,8293000.0,302000.0,,,,,45492000.0,-12391000.0,-42061000.0,,-13991000.0,,-444000.0,-1168000.0,-1083000.0,30418000,2018-09-28,154.47999572753906,157.19000244140625,154.27999877929688,155.41000366210938,155.41000366210938,383500.0
2018-12-31,150332000.0,-24102000.0,126230000.0,-82817000.0,-65604000.0,-12740000.0,-4473000.0,43413000.0,-714000.0,-348000.0,42699000,,42699000,-11285000.0,31414000,,31414000,31414000,45718000.0,3414000.0,797000.0,1064622000.0,176962000.0,,280342000.0,457304000.0,1521926000,39469000.0,1775000.0,1028682000.0,32614000.0,158491000.0,1187173000,204287000.0,-265124000.0,395590000.0,334753000.0,1521926000,31414000.0,8747000.0,11584000.0,-12777000.0,,,,,38968000.0,-160653000.0,42061000.0,,-192467000.0,,-444000.0,-62331000.0,2132000.0,-151367000,2018-12-31,122.56999969482422,123.33200073242188,120.80999755859376,122.4499969482422,122.4499969482422,597900.0
2019-03-31,199943000.0,-29318000.0,170625000.0,-108137000.0,-84843000.0,-18489000.0,-4805000.0,62488000.0,-376000.0,-276000.0,62112000,,62112000,-14830000.0,47282000,,47282000,47282000,91307000.0,3835000.0,910000.0,1549484000.0,187511000.0,,325833000.0,513344000.0,2062828000,62245000.0,1775000.0,1483710000.0,32179000.0,180565000.0,1664275000,240474000.0,-284793000.0,442872000.0,398553000.0,2062828000,47282000.0,9347000.0,35176000.0,-11379000.0,,,,,80426000.0,-14889000.0,-2300000.0,,-452402000.0,,-444000.0,,417565000.0,45589000,2019-03-29,188.5,190.0,186.0399932861328,189.1300048828125,189.1300048828125,819200.0
2019-06-30,169313000.0,-25239000.0,144074000.0,-91188000.0,-69035000.0,-16775000.0,-5378000.0,52886000.0,-521000.0,-258000.0,52365000,,52365000,-3603000.0,48762000,,48762000,48762000,94814000.0,2850000.0,767000.0,1287986000.0,196371000.0,,341835000.0,538206000.0,1826192000,54712000.0,1775000.0,1201278000.0,31727000.0,190152000.0,1391430000,246681000.0,-303553000.0,491634000.0,434762000.0,1826192000,48762000.0,10328000.0,11951000.0,-28699000.0,,,,,42342000.0,-19816000.0,-9925000.0,,405472000.0,,-444000.0,,-297877000.0,149937000,2019-06-28,225.3300018310547,226.8300018310547,221.7100067138672,226.72000122070312,226.72000122070312,709300.0
2019-09-30,175006000.0,-26392000.0,148614000.0,-98058000.0,-72788000.0,-19605000.0,-5665000.0,50556000.0,-65000.0,-260000.0,50491000,,50491000,-11339000.0,39152000,,39152000,39152000,108127000.0,2609000.0,700000.0,1012975000.0,224035000.0,,355017000.0,579052000.0,1592027000,61719000.0,1775000.0,918478000.0,31293000.0,198651000.0,1117129000,251465000.0,-307353000.0,530786000.0,474898000.0,1592027000,39152000.0,10969000.0,10853000.0,-7323000.0,,,,,53651000.0,-36375000.0,5157000.0,,-31218000.0,,-443000.0,,-295133000.0,-272700000,2019-09-30,206.0,210.7700042724609,203.25,209.4900054931641,209.4900054931641,729900.0
2019-12-31,193409000.0,-28798000.0,164611000.0,-104317000.0,-80154000.0,-18211000.0,-5952000.0,60294000.0,825000.0,-146000.0,61119000,,61119000,-15739000.0,45380000,,45380000,45380000,133667000.0,9298000.0,1158000.0,1871100000.0,238458000.0,,377359000.0,615817000.0,2486917000,77864000.0,1775000.0,1753522000.0,30858000.0,206767000.0,1960289000,258114000.0,-307652000.0,576166000.0,526628000.0,2486917000,45380000.0,11567000.0,10769000.0,-19872000.0,,,,,47844000.0,-217665000.0,7068000.0,,-141397000.0,,-444000.0,,826117000.0,732564000,2019-12-31,260.27999877929693,265.44000244140625,259.0,264.760009765625,264.760009765625,663400.0
2020-03-31,242368000.0,-30046000.0,212322000.0,-123058000.0,-95152000.0,-21621000.0,-6285000.0,89264000.0,-946000.0,-16000.0,88318000,,88318000,-25303000.0,63015000,,63015000,63015000,181827000.0,8059000.0,930000.0,1651561000.0,254423000.0,,403741000.0,658164000.0,2309725000,86439000.0,1775000.0,1497915000.0,30423000.0,212022000.0,1709937000,276427000.0,-315820000.0,639181000.0,599788000.0,2309725000,63015000.0,12215000.0,18320000.0,-11520000.0,,,,,82030000.0,-25726000.0,-177903000.0,,-183629000.0,,-444000.0,-7998000.0,-279011000.0,-380610000,2020-03-31,210.00999450683597,212.33399963378903,198.6300048828125,202.00999450683597,202.00999450683597,1008200.0
2020-06-30,181587000.0,-29558000.0,152029000.0,-125453000.0,-96901000.0,-21778000.0,-6774000.0,26576000.0,159000.0,-3000.0,26735000,,26735000,1854000.0,28589000,,28589000,28589000,113518000.0,9295000.0,1376000.0,1240058000.0,266831000.0,,414611000.0,681442000.0,1921500000,63129000.0,1775000.0,1117251000.0,29989000.0,218396000.0,1335647000,301024000.0,-382941000.0,667770000.0,585853000.0,1921500000,28589000.0,13075000.0,26779000.0,-42961000.0,,,,,25482000.0,-26732000.0,-29975000.0,,-6364000.0,,-444000.0,-44042000.0,-426409000.0,-407291000,2020-06-30,301.92999267578125,310.4700012207031,299.010009765625,309.7300109863281,309.7300109863281,862900.0
