Report Date,Revenue,Cost of Revenue,Gross Profit,Operating Expenses,"Selling, General & Administrative",Research & Development,Depreciation & Amortization,Operating Income (Loss),Non-Operating Income (Loss),"Interest Expense, Net","Pretax Income (Loss), Adj.",Abnormal Gains (Losses),Pretax Income (Loss),"Income Tax (Expense) Benefit, Net",Income (Loss) from Continuing Operations,Net Extraordinary Gains (Losses),Net Income,Net Income (Common),"Cash, Cash Equivalents & Short Term Investments",Accounts & Notes Receivable,Inventories,Total Current Assets,"Property, Plant & Equipment, Net",Long Term Investments & Receivables,Other Long Term Assets,Total Noncurrent Assets,Total Assets,Payables & Accruals,Short Term Debt,Total Current Liabilities,Long Term Debt,Total Noncurrent Liabilities,Total Liabilities,Share Capital & Additional Paid-In Capital,Treasury Stock,Retained Earnings,Total Equity,Total Liabilities & Equity,Net Income/Starting Line,Depreciation & Amortization,Non-Cash Items,Change in Working Capital,Change in Accounts Receivable,Change in Inventories,Change in Accounts Payable,Change in Other,Net Cash from Operating Activities,Change in Fixed Assets & Intangibles,Net Change in Long Term Investment,Net Cash from Acquisitions & Divestitures,Net Cash from Investing Activities,Dividends Paid,Cash from (Repayment of) Debt,Cash from (Repurchase of) Equity,Net Cash from Financing Activities,Net Change in Cash,Price Date,Open,High,Low,Close,Adj Close,Volume
2010-03-31,707013000.0,-493311000.0,213702000.0,-150101000.0,-132890000.0,-17211000.0,,63601000.0,-9443000.0,-9527000.0,54158000,,54158000,-18129000.0,36029000,524000.0,35321000,35321000,46783000.0,550830000.0,363667000.0,1054525000.0,330201000.0,,2596458000.0,2926659000.0,3981184000,300529000.0,3782000.0,477518000.0,862351000.0,1391610000.0,1869128000,491576000.0,,1518726000.0,2112056000.0,3981184000,36553000.0,21310000.0,6258000.0,-74434000.0,-99054000.0,-5525000.0,22479000.0,7666000.0,-10313000.0,-11932000.0,,0.0,-11640000.0,-18837000.0,60501000.0,-1938000.0,40706000.0,13387000,2010-03-31,23.88851547241211,24.39221000671387,23.861652374267575,23.92209434509277,19.135486602783203,1260141.0
2010-06-30,796167000.0,-547999000.0,248168000.0,-148042000.0,-131043000.0,-16999000.0,,100126000.0,-7194000.0,-8569000.0,92932000,,92932000,-31320000.0,61612000,593000.0,61081000,61081000,38580000.0,475679000.0,389428000.0,995623000.0,318124000.0,,2538953000.0,2857077000.0,3852700000,349330000.0,2483000.0,525728000.0,734472000.0,1235157000.0,1760885000,496574000.0,,1560944000.0,2091815000.0,3852700000,62205000.0,20923000.0,-8395000.0,91994000.0,65616000.0,-33126000.0,24459000.0,35045000.0,166727000.0,-16762000.0,,0.0,-18340000.0,-18863000.0,-129107000.0,1121000.0,-146557000.0,-8203000,2010-06-30,21.65211677551269,22.061786651611328,21.53794479370117,21.62525177001953,17.38824462890625,1200432.0
2010-09-30,773735000.0,-537193000.0,236542000.0,-145719000.0,-128854000.0,-16865000.0,,90823000.0,-8606000.0,-8953000.0,82217000,,82217000,-26488000.0,55729000,549000.0,55050000,55050000,56995000.0,490221000.0,410072000.0,1056834000.0,327602000.0,,2588322000.0,2915924000.0,3972758000,368467000.0,4217000.0,572544000.0,673265000.0,1186544000.0,1759088000,505521000.0,,1597110000.0,2213670000.0,3972758000,56278000.0,20650000.0,2905000.0,12996000.0,-2778000.0,-11171000.0,13224000.0,13721000.0,92829000.0,-13947000.0,,,-13893000.0,-18884000.0,-59605000.0,5892000.0,-71726000.0,18415000,2010-09-30,22.69979858398437,22.92814064025879,22.397581100463867,22.585628509521484,18.261701583862305,1104987.0
2010-12-31,753858000.0,-521630000.0,232228000.0,-173795000.0,-157714000.0,-16081000.0,,58433000.0,-8765000.0,-9067000.0,49668000,,49668000,-13006000.0,36662000,-2292000.0,33461000,33461000,46056000.0,516905000.0,405356000.0,1069297000.0,329435000.0,,2574801000.0,2904236000.0,3973533000,344175000.0,4951000.0,546796000.0,702521000.0,1221705000.0,1768501000,490890000.0,,1624605000.0,2205032000.0,3973533000,34370000.0,21296000.0,27557000.0,-62090000.0,-26128000.0,5327000.0,-4841000.0,-36448000.0,21133000.0,-16524000.0,,,-16440000.0,-18881000.0,29867000.0,-19846000.0,-13014000.0,-10939000,2010-12-31,24.63398361206055,24.721288681030273,24.499664306640625,24.519811630249023,19.939668655395508,290951.0
2011-03-31,790273000.0,-541214000.0,249059000.0,-162882000.0,-144760000.0,-18122000.0,,86177000.0,-9090000.0,-9325000.0,77087000,,77087000,-25053000.0,52034000,,50541000,50541000,57134000.0,625856000.0,411767000.0,1209077000.0,338610000.0,,2615000000.0,2953610000.0,4162687000,349948000.0,6106000.0,546361000.0,802321000.0,1333882000.0,1880243000,493333000.0,,1655302000.0,2282444000.0,4162687000,52034000.0,21625000.0,10404000.0,-132243000.0,-101505000.0,-708000.0,-11992000.0,-18038000.0,-48180000.0,-13226000.0,,-14856000.0,-28024000.0,-19844000.0,100526000.0,-324000.0,80915000.0,11078000,2011-03-31,25.359302520751953,25.661518096923828,25.31229019165039,25.37944984436035,20.752010345458984,711444.0
2011-06-30,910175000.0,-622439000.0,287736000.0,-178314000.0,-158432000.0,-19882000.0,,109422000.0,-13941000.0,-14613000.0,95481000,,95481000,-27344000.0,68137000,,66712000,66712000,68972000.0,595407000.0,484795000.0,1334639000.0,410547000.0,,3307126000.0,3717673000.0,5052312000,426727000.0,22740000.0,711402000.0,1384167000.0,1974056000.0,2685458000,505333000.0,,1702119000.0,2366854000.0,5052312000,68137000.0,28240000.0,139000.0,104275000.0,100394000.0,3133000.0,-10886000.0,11634000.0,200791000.0,-21906000.0,,-718249000.0,-740094000.0,-19895000.0,575527000.0,9588000.0,557407000.0,11838000,2011-06-30,26.66890525817871,27.300201416015625,26.588314056396484,27.10544013977051,22.275609970092773,950875.0
2011-09-30,890546000.0,-618484000.0,272062000.0,-179159000.0,-159068000.0,-20091000.0,,92903000.0,-16799000.0,-17373000.0,76104000,,76104000,-24050000.0,52054000,,51092000,51092000,52665000.0,556688000.0,459916000.0,1278248000.0,394922000.0,,3209273000.0,3604195000.0,4882443000,396882000.0,30899000.0,717602000.0,1317454000.0,1866725000.0,2584327000,497455000.0,,1733281000.0,2298116000.0,4882443000,52054000.0,29021000.0,-18955000.0,25828000.0,23768000.0,13208000.0,-22881000.0,11733000.0,87948000.0,-17792000.0,,0.0,-18352000.0,-19930000.0,-52651000.0,-10261000.0,-81422000.0,-16307000,2011-09-30,21.45063781738281,22.014774322509766,21.30960464477539,21.497648239135746,17.75834846496582,1602760.0
2011-12-31,865706000.0,-600863000.0,264843000.0,-252645000.0,-232540000.0,-20105000.0,,12198000.0,-17170000.0,-17589000.0,-4972000,-200500000.0,-205472000,30047000.0,-175425000,,-175845000,-175845000,50077000.0,569204000.0,449863000.0,1237835000.0,387525000.0,,2960953000.0,3348478000.0,4586313000,294858000.0,4862000.0,641841000.0,1304225000.0,1897080000.0,2538921000,505280000.0,,1465780000.0,2047392000.0,4586313000,-175425000.0,29214000.0,262512000.0,-36660000.0,-21357000.0,2667000.0,21459000.0,-39429000.0,79641000.0,-19076000.0,,5000.0,-21630000.0,-19831000.0,-35102000.0,1497000.0,-53300000.0,-2609000,2011-12-30,22.572195053100586,22.65278625488281,22.35728645324707,22.35728645324707,18.56982421875,723207.0
2012-03-31,858000000.0,-577000000.0,281000000.0,-195000000.0,-174000000.0,-21000000.0,,86000000.0,-13000000.0,-15000000.0,73000000,,73000000,-10000000.0,63000000,,62000000,62000000,55438000.0,680260000.0,475403000.0,1389207000.0,393335000.0,,2995664000.0,3388999000.0,4778206000,392965000.0,20397000.0,659323000.0,1395093000.0,1975276000.0,2634599000,519362000.0,,1617999000.0,2143607000.0,4778206000,63000000.0,26000000.0,1000000.0,-158000000.0,-100000000.0,-20000000.0,-4000000.0,-34000000.0,-68000000.0,-14000000.0,,,-17000000.0,-22000000.0,104000000.0,7000000.0,90000000.0,5000000,2012-03-30,31.69241142272949,32.11551284790039,31.39691162109375,31.97447967529297,26.71730995178223,3362609.0
2012-06-30,941500000.0,-629400000.0,312100000.0,-192800000.0,-172000000.0,-20800000.0,,119300000.0,-15500000.0,-16100000.0,103800000,0.0,103800000,-29400000.0,74400000,,72700000,72700000,60598000.0,572144000.0,460039000.0,1276025000.0,381063000.0,,2929181000.0,3310244000.0,4586269000,411298000.0,1415000.0,661716000.0,1233794000.0,1806681000.0,2468397000,526092000.0,,1667794000.0,2117872000.0,4586269000,74500000.0,26400000.0,6300000.0,127600000.0,94500000.0,7700000.0,-300000.0,25700000.0,234800000.0,-12400000.0,,-19900000.0,-32400000.0,-22300000.0,-175800000.0,9300000.0,-188100000.0,5500000,2012-06-29,25.460039138793945,25.98388290405273,25.25856208801269,25.70852851867676,21.58942031860352,2152796.0
2012-09-30,865500000.0,-587400000.0,278100000.0,-222900000.0,-203100000.0,-19800000.0,,55200000.0,-18000000.0,-18600000.0,37200000,0.0,37200000,-4600000.0,32600000,,31400000,31400000,642570000.0,1319561000.0,1379971000.0,3740446000.0,1156327000.0,,7075562000.0,8231889000.0,11972335000,963849000.0,501392000.0,2131949000.0,1495369000.0,2774145000.0,4906094000,5451395000.0,-119405000.0,1676199000.0,7066241000.0,11972335000,32600000.0,25600000.0,17500000.0,4900000.0,32800000.0,11700000.0,-26400000.0,-13200000.0,80600000.0,-18400000.0,,691700000.0,673300000.0,-21800000.0,-157600000.0,5700000.0,-173300000.0,582000000,2012-09-28,29.10678291320801,30.22162437438965,28.92545318603516,29.89254570007324,25.23697853088379,41656860.0
2012-12-31,1641800000.0,-1247100000.0,394700000.0,-599300000.0,-568600000.0,-30700000.0,,-204600000.0,-19400000.0,-18500000.0,-224000000,-136100000.0,-360100000,111200000.0,-248900000,-25700000.0,-273300000,-273300000,261300000.0,1274600000.0,1333900000.0,3204300000.0,1188200000.0,,7490200000.0,8678400000.0,11882700000,567000000.0,3100000.0,1645100000.0,2454300000.0,3750100000.0,5395200000,5405900000.0,-315500000.0,1292300000.0,6487500000.0,11882700000,-249000000.0,82100000.0,-72000000.0,57400000.0,3900000.0,108900000.0,-23100000.0,-32300000.0,-203700000.0,-44200000.0,,-201300000.0,-248300000.0,-46300000.0,456600000.0,-288000000.0,39100000.0,-405200000,2012-12-31,31.77300262451172,33.11618423461914,31.77300262451172,33.008731842041016,28.01836204528809,2970853.0
2013-03-31,1774500000.0,-1250700000.0,523800000.0,-449500000.0,-416000000.0,-33500000.0,,74300000.0,-16800000.0,-17000000.0,57500000,16700000.0,74200000,-20900000.0,53300000,,51700000,51700000,215000000.0,1404000000.0,1327000000.0,3290000000.0,1222000000.0,,7209000000.0,8431000000.0,11721000000,580000000.0,6000000.0,1483000000.0,2592000000.0,3895000000.0,5378000000,5377000000.0,-406000000.0,1344000000.0,6343000000.0,11721000000,53300000.0,79900000.0,-4500000.0,-108800000.0,-129400000.0,29100000.0,20900000.0,-29400000.0,19900000.0,-48800000.0,,30000000.0,-18500000.0,-47200000.0,140800000.0,-128500000.0,-38200000.0,-46800000,2013-03-28,34.62055206298828,35.46675491333008,34.48623275756836,35.42646026611328,30.20171356201172,2292464.0
2013-06-30,1963700000.0,-1296300000.0,667400000.0,-441500000.0,-409400000.0,-32100000.0,,225900000.0,-17500000.0,-18400000.0,208400000,0.0,208400000,-53000000.0,155400000,,154100000,154100000,253100000.0,1305500000.0,1318300000.0,3216500000.0,1186100000.0,,7264000000.0,8450100000.0,11666600000,593900000.0,2900000.0,1686800000.0,2737400000.0,4036900000.0,5723700000,5177800000.0,-721100000.0,1498300000.0,5942900000.0,11666600000,155400000.0,74500000.0,17100000.0,119200000.0,74400000.0,-6700000.0,14200000.0,37300000.0,366200000.0,-35600000.0,,-84400000.0,-120900000.0,-46800000.0,143000000.0,-315000000.0,-212700000.0,38600000,2013-06-28,39.18065643310547,39.28139877319336,38.71054458618164,38.74412536621094,33.174209594726555,3109330.0
2013-09-30,1713300000.0,-1098600000.0,614700000.0,-384700000.0,-353400000.0,-31300000.0,,230000000.0,-17000000.0,-17500000.0,213000000,100000.0,213100000,-46700000.0,166400000,7800000.0,172800000,172800000,237700000.0,1299200000.0,1296100000.0,3211300000.0,1171900000.0,,7421000000.0,8592900000.0,11804200000,579400000.0,3000000.0,1678400000.0,2570700000.0,3924100000.0,5602500000,5180000000.0,-727200000.0,1671100000.0,6201700000.0,11804200000,144400000.0,61200000.0,13500000.0,6200000.0,14900000.0,-12400000.0,-18400000.0,22100000.0,247900000.0,-38200000.0,,900000.0,-37500000.0,-49900000.0,-167500000.0,-26000000.0,-242200000.0,-10000000,2013-09-30,43.673606872558594,43.91537857055664,43.50571060180664,43.61316299438477,37.49971771240234,1491829.0
2013-12-31,1548200000.0,-984000000.0,564200000.0,-340800000.0,-314900000.0,-25900000.0,,223400000.0,-17600000.0,-18000000.0,205800000,-7000000.0,198800000,-56400000.0,142400000,17300000.0,158200000,158200000,256000000.0,1285000000.0,1195100000.0,3232100000.0,1044300000.0,,7466900000.0,8511200000.0,11743300000,576900000.0,2500000.0,1610200000.0,2547900000.0,3915400000.0,5525600000,5184900000.0,-875100000.0,1829100000.0,6217700000.0,11743300000,163600000.0,59800000.0,-34100000.0,130600000.0,-66200000.0,48100000.0,24400000.0,124300000.0,293900000.0,-41400000.0,,4600000.0,-34300000.0,-50300000.0,-18800000.0,-166300000.0,-226000000.0,36800000,2013-12-31,52.17595672607422,52.31698989868164,51.77971649169922,52.16252517700195,45.024715423583984,1049001.0
2014-03-31,1644000000.0,-1079900000.0,564100000.0,-382000000.0,-352500000.0,-29500000.0,,182100000.0,-15800000.0,-16100000.0,166300000,,166300000,-40800000.0,125500000,-6900000.0,118600000,118600000,211100000.0,1410700000.0,1271600000.0,3305300000.0,1162000000.0,,7299200000.0,8461200000.0,11766500000,575400000.0,2800000.0,1528100000.0,2933800000.0,4302100000.0,5830200000,5165000000.0,-1105100000.0,1947700000.0,5936300000.0,11766500000,119900000.0,63300000.0,5500000.0,-201400000.0,-76900000.0,-34500000.0,-35700000.0,-54300000.0,2500000.0,-26800000.0,,0.0,-27300000.0,-49200000.0,381300000.0,-228200000.0,-24700000.0,-52100000,2014-03-31,52.57219696044922,53.31766128540039,52.44459533691406,53.28408432006836,46.14115905761719,1536648.0
2014-06-30,1834100000.0,-1187800000.0,646300000.0,-419900000.0,-389700000.0,-30200000.0,,226400000.0,-17600000.0,-17900000.0,208800000,-200000.0,208600000,-49400000.0,159200000,2300000.0,161500000,161500000,174400000.0,1302200000.0,1264300000.0,3165900000.0,1151600000.0,,7299300000.0,8450900000.0,11616800000,587000000.0,6100000.0,1777100000.0,2739000000.0,4120900000.0,5898000000,4939500000.0,-1275200000.0,2109200000.0,5718800000.0,11616800000,159200000.0,63500000.0,18300000.0,188900000.0,117200000.0,8000000.0,26400000.0,37300000.0,412000000.0,-30100000.0,,0.0,-29300000.0,-49900000.0,-191500000.0,-191000000.0,-430700000.0,-39400000,2014-06-30,48.78442001342773,49.26796340942383,48.30759048461914,48.4351921081543,42.0826416015625,3155191.0
2014-09-30,1758400000.0,-1133700000.0,624700000.0,-357300000.0,-328800000.0,-28500000.0,,267400000.0,-16800000.0,-17100000.0,250600000,0.0,250600000,-58100000.0,192500000,-378500000.0,-186000000,-186000000,156600000.0,1180900000.0,1199400000.0,3052400000.0,990800000.0,,6883700000.0,7874500000.0,10926900000,527200000.0,2500000.0,1668700000.0,2960700000.0,4290800000.0,5959500000,4544400000.0,-1267500000.0,1923200000.0,4967400000.0,10926900000,-187600000.0,63000000.0,383500000.0,11900000.0,31200000.0,-12000000.0,-25100000.0,17800000.0,268700000.0,-31500000.0,,0.0,-30900000.0,-57100000.0,223500000.0,-400500000.0,-231900000.0,-8100000,2014-09-30,44.51309585571289,44.64741516113281,43.88851547241211,43.98254013061523,38.37295150756836,3866486.0
2014-12-31,-569700000.0,355100000.0,-214600000.0,77200000.0,85400000.0,-8200000.0,,-137400000.0,-17200000.0,-17500000.0,-154600000,0.0,-154600000,34000000.0,-120600000,241400000.0,120800000,120800000,110400000.0,1205900000.0,1130400000.0,2894100000.0,950000000.0,,6811100000.0,7761100000.0,10655200000,583100000.0,6700000.0,1639500000.0,2997400000.0,4351900000.0,5991400000,4252000000.0,-1251900000.0,2044000000.0,4663800000.0,10655200000,-120600000.0,-49500000.0,20300000.0,137800000.0,-56200000.0,69300000.0,39700000.0,85000000.0,325200000.0,6600000.0,,-12300000.0,-40800000.0,-55200000.0,41200000.0,-293300000.0,-307800000.0,-46000000,2014-12-31,45.01007461547852,45.319007873535156,44.53324508666992,44.607120513916016,39.09832382202149,1531437.0
2015-03-31,1475000000.0,-964800000.0,510200000.0,-339000000.0,-309200000.0,-29800000.0,,171200000.0,-17700000.0,-18200000.0,153500000,,153500000,-35300000.0,118200000,-4300000.0,113900000,113900000,131100000.0,1247500000.0,1177000000.0,2976900000.0,915400000.0,,6677100000.0,7592500000.0,10569400000,504900000.0,5600000.0,1431100000.0,3403400000.0,4715000000.0,6146100000,4050800000.0,-1230800000.0,2157900000.0,4423300000.0,10569400000,118200000.0,60000000.0,10900000.0,-315300000.0,-85800000.0,-88200000.0,-60200000.0,-81100000.0,-133200000.0,-32500000.0,,-3000000.0,19400000.0,-57500000.0,405600000.0,-191300000.0,159600000.0,20700000,2015-03-31,42.44459533691406,42.44459533691406,41.84016036987305,42.23640060424805,37.21028137207031,1763423.0
2015-06-30,1661200000.0,-1095000000.0,566200000.0,-348300000.0,-319300000.0,-29000000.0,,217900000.0,-18000000.0,-18600000.0,199900000,,199900000,-46000000.0,153900000,-6100000.0,147800000,147800000,147300000.0,1170600000.0,1200400000.0,2902900000.0,908500000.0,,6753300000.0,7661800000.0,10564700000,525900000.0,5300000.0,1460000000.0,3260900000.0,4552600000.0,6012600000,4056700000.0,-1218400000.0,2247600000.0,4552100000.0,10564700000,149100000.0,62400000.0,4200000.0,105600000.0,88500000.0,-9400000.0,16800000.0,9700000.0,318700000.0,-11200000.0,,-96000000.0,-103600000.0,-58100000.0,-146800000.0,8600000.0,-194500000.0,16200000,2015-06-30,45.43317794799805,46.58159637451172,45.00335693359375,46.17192840576172,40.88931274414063,10094080.0
2015-09-30,1112800000.0,-718100000.0,394700000.0,-241800000.0,-217000000.0,-24800000.0,,152900000.0,-30700000.0,-30900000.0,122200000,,122200000,-27500000.0,94700000,20500000.0,115200000,115200000,144900000.0,1136500000.0,1296200000.0,2964200000.0,921400000.0,,8785300000.0,9706700000.0,12670900000,531000000.0,3200000.0,1496200000.0,4983200000.0,6638800000.0,8135000000,2851000000.0,0.0,2305200000.0,4535900000.0,12670900000,21000000.0,-18800000.0,12100000.0,145100000.0,44400000.0,64900000.0,-2200000.0,38000000.0,210400000.0,-19000000.0,,-1814000000.0,-1846400000.0,-57700000.0,1725900000.0,4600000.0,1647400000.0,-2400000,2015-09-30,34.33176422119141,34.519813537597656,33.566150665283196,34.278038024902344,30.51474189758301,2898785.0
2015-12-31,367400000.0,-239700000.0,127700000.0,-53600000.0,-38500000.0,-15100000.0,,74100000.0,-34000000.0,-34200000.0,40100000,-3200000.0,36900000,-6600000.0,30300000,-483600000.0,-453300000,-453300000,126300000.0,773200000.0,564700000.0,2777600000.0,539800000.0,,8516100000.0,9055900000.0,11833500000,403800000.0,0.0,1486500000.0,4685800000.0,6338200000.0,7824700000,2862100000.0,,1791700000.0,4008800000.0,11833500000,102100000.0,45700000.0,13400000.0,82000000.0,-53300000.0,87400000.0,56200000.0,-8300000.0,343400000.0,-24000000.0,,-3900000.0,-34900000.0,-58400000.0,-265300000.0,-2500000.0,-326200000.0,-18600000,2015-12-31,33.391536712646484,33.6064453125,33.23035430908203,33.26393508911133,29.78726005554199,1077440.0
2016-03-31,1190000000.0,-758700000.0,431300000.0,-278600000.0,-250100000.0,-28500000.0,,152700000.0,-35800000.0,-36200000.0,116900000,,116900000,-25100000.0,91800000,15600000.0,107400000,107400000,158100000.0,1268700000.0,1197700000.0,3005900000.0,951800000.0,,8072500000.0,9024300000.0,12030200000,579000000.0,700000.0,1467600000.0,4837100000.0,6478400000.0,7946000000,2876600000.0,,1839300000.0,4084200000.0,12030200000,91800000.0,45100000.0,-700000.0,-153900000.0,-97500000.0,-9400000.0,-1300000.0,-45700000.0,-15000000.0,-27400000.0,,-100000.0,-32000000.0,-60100000.0,138400000.0,-1600000.0,77200000.0,31800000,2016-03-31,36.326393127441406,36.62860870361328,36.27266693115234,36.4405632019043,32.871280670166016,1829088.0
2016-06-30,1301200000.0,-819400000.0,481800000.0,-278400000.0,-249700000.0,-28700000.0,,203400000.0,-34300000.0,-35400000.0,169100000,0.0,169100000,-36400000.0,132700000,10100000.0,142800000,142800000,173300000.0,1086200000.0,1133200000.0,2792800000.0,937600000.0,,8013400000.0,8951000000.0,11743800000,531700000.0,0.0,1415900000.0,4551700000.0,6161600000.0,7577500000,2892700000.0,,1920200000.0,4166300000.0,11743800000,132700000.0,46900000.0,-8700000.0,167700000.0,175600000.0,18300000.0,-30200000.0,4000000.0,384500000.0,-29000000.0,,100000.0,-36100000.0,-59600000.0,-278900000.0,9900000.0,-325900000.0,15200000,2016-06-30,38.89859008789063,39.15379333496094,38.48891830444336,39.14707946777344,35.521053314208984,1976648.0
2016-09-30,1210700000.0,-769800000.0,440900000.0,-258100000.0,-228400000.0,-29700000.0,,182800000.0,-33100000.0,-34300000.0,149700000,0.0,149700000,-32200000.0,117500000,23500000.0,141000000,141000000,170900000.0,689500000.0,556200000.0,2747000000.0,547300000.0,,8384700000.0,8932000000.0,11679000000,348200000.0,,1288100000.0,4411300000.0,6035600000.0,7323700000,2910900000.0,,2060900000.0,4355300000.0,11679000000,118100000.0,44900000.0,22200000.0,-46400000.0,13700000.0,5100000.0,-25400000.0,-39800000.0,187300000.0,-14000000.0,,0.0,-10400000.0,-61900000.0,-151300000.0,11800000.0,-195800000.0,-2400000,2016-09-30,42.37071990966797,43.48556137084961,42.34385681152344,43.14304733276367,39.3609733581543,2120932.0
2016-12-31,-921300000.0,526400000.0,-394900000.0,210400000.0,196800000.0,13600000.0,,-184500000.0,-26400000.0,-34200000.0,-210900000,-3900000.0,-214800000,51000000.0,-163800000,294800000.0,131000000,131000000,238500000.0,764000000.0,524200000.0,2672000000.0,538600000.0,,8324200000.0,8862800000.0,11534800000,436600000.0,800000.0,1471200000.0,4278400000.0,5809200000.0,7280400000,2922600000.0,,2068100000.0,4254400000.0,11534800000,-163800000.0,-48500000.0,13600000.0,118900000.0,-75200000.0,19900000.0,79700000.0,94500000.0,304600000.0,45900000.0,,-25000000.0,-43300000.0,-62000000.0,-94200000.0,600000.0,-155600000.0,68700000,2016-12-30,38.13969039916992,38.13969039916992,37.44795227050781,37.65614318847656,34.552719116210945,1320743.0
2017-03-31,1183500000.0,-761200000.0,422300000.0,-281700000.0,-251700000.0,-30000000.0,,140600000.0,-37000000.0,-35000000.0,103600000,0.0,103600000,-22900000.0,80700000,7100000.0,87800000,87800000,238100000.0,914400000.0,546000000.0,2841100000.0,551900000.0,,8425000000.0,8976900000.0,11818000000,387300000.0,700000.0,1397600000.0,4528900000.0,6045600000.0,7443200000,2941900000.0,,2091900000.0,4374800000.0,11818000000,80700000.0,45400000.0,11500000.0,-226300000.0,-130600000.0,-8600000.0,-55900000.0,-31200000.0,-106000000.0,-23600000.0,,-56700000.0,-84000000.0,-62800000.0,229000000.0,2800000.0,169000000.0,-400000,2017-03-31,42.0416374206543,42.46474075317383,41.77971649169922,42.16252517700195,38.91059112548828,1877778.0
2017-06-30,754000000.0,-480400000.0,273600000.0,-144400000.0,-126700000.0,-17700000.0,,129200000.0,-26200000.0,-25300000.0,103000000,-101400000.0,1600000,-5000000.0,-3400000,267100000.0,263700000,263700000,177800000.0,764500000.0,565400000.0,1754800000.0,550900000.0,,6363400000.0,6914300000.0,8669100000,407800000.0,300000.0,1048400000.0,1698900000.0,2717200000.0,3765600000,2878100000.0,,2292700000.0,4903500000.0,8669100000,129200000.0,-2100000.0,-93400000.0,139900000.0,180400000.0,5100000.0,15700000.0,-61300000.0,261300000.0,4900000.0,,10800000.0,2749800000.0,-63300000.0,-2864300000.0,-73300000.0,-3095800000.0,-74800000,2017-06-30,44.24445724487305,44.96306228637695,44.076560974121094,44.68770980834961,41.46832656860352,875830.0
2017-09-30,687600000.0,-451100000.0,236500000.0,-134700000.0,-116800000.0,-17900000.0,,101800000.0,-15000000.0,-13900000.0,86800000,-3800000.0,83000000,-34100000.0,48900000,76500000.0,125400000,125400000,108500000.0,768200000.0,579200000.0,1705800000.0,547100000.0,,6375900000.0,6923000000.0,8628800000,383400000.0,0.0,1072600000.0,1503400000.0,2547600000.0,3620200000,2889100000.0,,2355300000.0,5008600000.0,8628800000,47200000.0,22300000.0,16500000.0,-23300000.0,17100000.0,-12500000.0,-20800000.0,-7100000.0,206500000.0,-3500000.0,,0.0,-11200000.0,-62800000.0,-217100000.0,4800000.0,-275100000.0,-60400000,2017-09-29,45.19140243530274,46.0040283203125,45.00335693359375,45.6413688659668,42.57487869262695,2334008.0
2017-12-31,220600000.0,-165500000.0,55100000.0,-48400000.0,-40800000.0,-7600000.0,,6700000.0,-21700000.0,-13100000.0,-15000000,-400000.0,-15400000,3300000.0,-12100000,201700000.0,189600000,189600000,86300000.0,483100000.0,356900000.0,1748800000.0,279800000.0,,6605100000.0,6884900000.0,8633700000,321500000.0,,1199400000.0,1440700000.0,2396500000.0,3595900000,2799500000.0,,2481700000.0,5037800000.0,8633700000,38100000.0,21600000.0,25800000.0,45500000.0,-80300000.0,-4500000.0,76600000.0,53700000.0,258400000.0,-13200000.0,,0.0,-24200000.0,-62800000.0,-70000000.0,-97100000.0,-230700000.0,5000000,2017-12-29,47.2397575378418,47.64942932128906,47.05171203613281,47.42780303955078,44.4588623046875,984676.0
2018-03-31,1269700000.0,-807700000.0,462000000.0,-309700000.0,-279600000.0,-30100000.0,,152300000.0,-15200000.0,-13800000.0,137100000,-5300000.0,131800000,-27600000.0,104200000,-1300000.0,102900000,102900000,907500000.0,985200000.0,593500000.0,2719000000.0,546500000.0,,6102600000.0,6649100000.0,9368100000,404000000.0,200000.0,1027500000.0,2673100000.0,3620900000.0,4648400000,2656500000.0,,2308000000.0,4719700000.0,9368100000,104200000.0,46200000.0,100000.0,-317400000.0,-146900000.0,-6300000.0,-94200000.0,-70000000.0,-167600000.0,-14500000.0,,-2900000.0,-31200000.0,-63300000.0,1217700000.0,-149100000.0,997800000.0,794200000,2018-03-29,45.88314437866211,46.326393127441406,45.46004104614258,45.75554275512695,43.09663772583008,2575077.0
2018-06-30,780600000.0,-498000000.0,282600000.0,-160000000.0,-140900000.0,-19100000.0,,122600000.0,-5900000.0,-10100000.0,116700000,-18000000.0,98700000,-20800000.0,77900000,-36400000.0,41500000,41500000,78700000.0,422100000.0,366600000.0,996600000.0,270600000.0,,2538800000.0,2809400000.0,3806000000,275100000.0,,709400000.0,779900000.0,1207700000.0,1917100000,2078900000.0,,27900000.0,1888900000.0,3806000000,32100000.0,-2900000.0,38800000.0,276700000.0,199600000.0,-9100000.0,48300000.0,37900000.0,339500000.0,-6300000.0,,995600000.0,983200000.0,-62600000.0,-1862600000.0,-144600000.0,-2152500000.0,-801800000,2018-06-29,41.88999938964844,42.52000045776367,41.77000045776367,42.08000183105469,39.83523559570313,1493300.0
2018-09-30,711400000.0,-467600000.0,243800000.0,-135400000.0,-116300000.0,-19100000.0,,108400000.0,-6400000.0,-4300000.0,102000000,-200000.0,101800000,-10600000.0,91200000,18900000.0,110100000,110100000,64700000.0,402400000.0,387300000.0,989600000.0,274200000.0,,2545700000.0,2819900000.0,3809500000,261300000.0,,707400000.0,798800000.0,1221900000.0,1929300000,1993700000.0,,107500000.0,1880200000.0,3809500000,91200000.0,20600000.0,-10200000.0,19800000.0,20800000.0,-20900000.0,-14200000.0,34100000.0,112700000.0,-13400000.0,,0.0,-13400000.0,-30800000.0,15800000.0,-90300000.0,-107300000.0,-14000000,2018-09-28,43.47999954223633,43.63000106811523,43.209999084472656,43.349998474121094,41.202186584472656,1213100.0
2018-12-31,203400000.0,-144100000.0,59300000.0,-5899999.0,2500001.0,-8400000.0,,53400001.0,-5000000.0,-4400000.0,48400001,-900000.0,47500001,900000.0,48400001,44500000.0,92900001,92900001,74300000.0,488200000.0,387500000.0,1039400000.0,272600000.0,,2494500000.0,2767100000.0,3806500000,378600000.0,,818700000.0,787600000.0,1151700000.0,1970400000,1895500000.0,,169200000.0,1836100000.0,3806500000,94200000.0,20700000.0,20400001.0,23600000.0,-88800000.0,-3800000.0,118400000.0,-2200000.0,154500001.0,-13800000.0,,-1006400000.0,-1007400000.0,-30500000.0,-493000000.0,384000000.0,854100000.0,9600001,2018-12-31,37.45000076293945,37.84000015258789,37.38999938964844,37.77999877929688,36.069297790527344,809000.0
2019-03-31,688900000.0,-453300000.0,235600000.0,-168000000.0,-147300000.0,-20700000.0,,67600000.0,-7900000.0,-7300000.0,59700000,3500000.0,63200000,-10800000.0,52400000,-1100000.0,51300000,51300000,78900000.0,645700000.0,421800000.0,1251600000.0,279100000.0,,2851500000.0,3130600000.0,4382200000,265300000.0,,705300000.0,1370700000.0,1806500000.0,2511800000,1906800000.0,,189500000.0,1870400000.0,4382200000,52400000.0,20200000.0,14900000.0,-344600000.0,-154000000.0,-22200000.0,-118200000.0,-50200000.0,-256300000.0,-16500000.0,,-286500000.0,-304500000.0,-31000000.0,584100000.0,5900000.0,559000000.0,4600000,2019-03-29,44.2599983215332,44.63000106811523,44.11000061035156,44.5099983215332,42.68550109863281,1597800.0
2019-06-30,799500000.0,-512800000.0,286700000.0,-152900000.0,-132200000.0,-20700000.0,,133800000.0,3500000.0,-9400000.0,137300000,-100000.0,137200000,-22100000.0,115100000,-800000.0,114300000,114300000,80500000.0,459600000.0,396700000.0,1041500000.0,280300000.0,,2848200000.0,3128500000.0,4170000000,261700000.0,,710200000.0,1215100000.0,1653200000.0,2363400000,1763400000.0,,273400000.0,1806600000.0,4170000000,115100000.0,20700000.0,-24400000.0,244900000.0,186200000.0,25300000.0,-4900000.0,38300000.0,353000000.0,-12900000.0,,2700000.0,-7200000.0,-31000000.0,-151200000.0,-163100000.0,-339600000.0,1600000,2019-06-28,36.560001373291016,37.2599983215332,36.31999969482422,37.20000076293945,35.834529876708984,2028100.0
2019-09-30,713600000.0,-458600000.0,255000000.0,-146200000.0,-126400000.0,-19800000.0,,108800000.0,-7500000.0,-6900000.0,101300000,-100000.0,101200000,-9900000.0,91300000,1000000.0,92300000,92300000,113200000.0,404000000.0,390300000.0,1002600000.0,277900000.0,,2799900000.0,3077800000.0,4080400000,253400000.0,,694200000.0,1118700000.0,1517400000.0,2211600000,1767600000.0,,335300000.0,1868800000.0,4080400000,91299999.0,19600000.0,-3900000.0,59900000.0,50600000.0,900000.0,-5700000.0,14100000.0,167999999.0,-14800000.0,,0.0,-17800000.0,-30400000.0,-93200000.0,14000000.0,-121600000.0,32699999,2019-09-30,37.790000915527344,37.95000076293945,37.56999969482422,37.79999923706055,36.58732604980469,1062900.0
2019-12-31,755200000.0,-481000000.0,274200000.0,-151900000.0,-134200000.0,-17700000.0,,122300000.0,-15300000.0,-6500000.0,107000000,-1100000.0,105900000,-3000000.0,102900000,-5100000.0,97800000,97800000,82500000.0,502900000.0,377400000.0,1061900000.0,283200000.0,,2794400000.0,3077600000.0,4139500000,325100000.0,,749000000.0,1029099999.0,1436599999.0,2185599999,1779400000.0,,401000000.0,1953900000.0,4139499999,102900001.0,19500000.0,12900000.0,-56200000.0,-100300000.0,9600000.0,65200000.0,-30700000.0,88300001.0,-13700000.0,,11300000.0,-2400000.0,-30300000.0,-227200000.0,143200000.0,-114900000.0,-30699999,2019-12-31,45.90999984741211,46.11999893188477,45.61000061035156,45.86999893188477,44.61075210571289,661900.0
2020-03-31,710000000.0,-458400000.0,251600000.0,-150900000.0,-131900000.0,-19000000.0,,100700000.0,-8100000.0,-6900000.0,92600000,,92600000,-19900000.0,72700000,,72700000,72700000,169300000.0,665000000.0,392400000.0,1339600000.0,280700000.0,,2806400000.0,3087100000.0,4426700000,268200000.0,,682800000.0,1450500000.0,1851400000.0,2534200000,1675600000.0,,442100000.0,1892500000.0,4426700000,72700000.0,19200000.0,20700000.0,-275000000.0,-167100000.0,-20100000.0,-49900000.0,-37900000.0,-162400000.0,-18600000.0,,-7200000.0,-25800000.0,-32100000.0,420900000.0,-110000000.0,278800000.0,86800000,2020-03-31,29.31999969482422,30.5,29.13999938964844,29.76000022888184,29.061864852905273,2499600.0
2020-06-30,713300000.0,-468200000.0,245100000.0,-134000000.0,-116700000.0,-17300000.0,,111100000.0,-7400000.0,-7700000.0,103700000,-100000.0,103600000,-29800000.0,73800000,-1700000.0,72100000,72100000,90600000.0,401800000.0,396500000.0,1001700000.0,284700000.0,,2829700000.0,3114400000.0,4116100000,256000000.0,,750600000.0,1013000000.0,1415800000.0,2166400000,1682000000.0,,482500000.0,1949700000.0,4116100000,73800000.0,18200000.0,2900000.0,334000000.0,270200000.0,2400000.0,-14300000.0,75700000.0,428400000.0,-11800000.0,,-21300000.0,-33100000.0,-31600000.0,-438000000.0,2100000.0,-467500000.0,-78700000,2020-06-30,37.150001525878906,38.22999954223633,37.150001525878906,37.9900016784668,37.32669067382813,1298000.0
