Report Date,Revenue,Cost of Revenue,Gross Profit,Operating Expenses,"Selling, General & Administrative",Research & Development,Depreciation & Amortization,Operating Income (Loss),Non-Operating Income (Loss),"Interest Expense, Net","Pretax Income (Loss), Adj.",Abnormal Gains (Losses),Pretax Income (Loss),"Income Tax (Expense) Benefit, Net",Income (Loss) from Continuing Operations,Net Extraordinary Gains (Losses),Net Income,Net Income (Common),"Cash, Cash Equivalents & Short Term Investments",Accounts & Notes Receivable,Inventories,Total Current Assets,"Property, Plant & Equipment, Net",Long Term Investments & Receivables,Other Long Term Assets,Total Noncurrent Assets,Total Assets,Payables & Accruals,Short Term Debt,Total Current Liabilities,Long Term Debt,Total Noncurrent Liabilities,Total Liabilities,Share Capital & Additional Paid-In Capital,Treasury Stock,Retained Earnings,Total Equity,Total Liabilities & Equity,Net Income/Starting Line,Depreciation & Amortization,Non-Cash Items,Change in Working Capital,Change in Accounts Receivable,Change in Inventories,Change in Accounts Payable,Change in Other,Net Cash from Operating Activities,Change in Fixed Assets & Intangibles,Net Change in Long Term Investment,Net Cash from Acquisitions & Divestitures,Net Cash from Investing Activities,Dividends Paid,Cash from (Repayment of) Debt,Cash from (Repurchase of) Equity,Net Cash from Financing Activities,Net Change in Cash,Price Date,Open,High,Low,Close,Adj Close,Volume
2009-06-30,3115000000.0,-1898000000.0,1217000000.0,-947000000.0,-731000000.0,-97000000.0,-119000000.0,270000000.0,-14000000.0,-49000000.0,256000000,-3000000.0,253000000,-84000000.0,169000000,,146000000,146000000,1052000000.0,2847000000.0,1672000000.0,6422000000.0,2745000000.0,499000000.0,4899000000.0,8143000000.0,14565000000,2513000000.0,896000000.0,4102000000.0,3306000000.0,7095000000.0,11197000000,1006000000.0,-4235000000.0,8017000000.0,3368000000.0,14565000000,,,,,,,,,397000000.0,-36000000.0,,-10000000.0,-44000000.0,-87000000.0,-160000000.0,,143000000.0,521000000,2009-06-30,21.975000381469727,22.21500015258789,21.725000381469727,21.950000762939453,17.359222412109375,3391800.0
2009-09-30,3225000000.0,-1989000000.0,1236000000.0,-947000000.0,-732000000.0,-95000000.0,-120000000.0,289000000.0,-11000000.0,-47000000.0,278000000,-3000000.0,275000000,-90000000.0,185000000,,159000000,159000000,898000000.0,2853000000.0,1656000000.0,6248000000.0,2765000000.0,506000000.0,5050000000.0,8321000000.0,14569000000,2720000000.0,455000000.0,3869000000.0,3082000000.0,6966000000.0,10835000000,1046000000.0,-4165000000.0,8088000000.0,3734000000.0,14569000000,,,,,,,,,654000000.0,-44000000.0,,-3000000.0,-6000000.0,-88000000.0,-717000000.0,,-824000000.0,-154000000,2009-09-30,29.38999938964844,29.51499938964844,28.815000534057614,29.104999542236328,23.23337554931641,4563400.0
2009-12-31,3116000000.0,-1934000000.0,1182000000.0,-982000000.0,-757000000.0,-102000000.0,-123000000.0,200000000.0,3000000.0,-21000000.0,203000000,-3000000.0,200000000,-37000000.0,163000000,,142000000,142000000,1064000000.0,2628000000.0,1548000000.0,5981000000.0,2754000000.0,499000000.0,5006000000.0,8259000000.0,14240000000,2648000000.0,272000000.0,3577000000.0,3074000000.0,6741000000.0,10318000000,1093000000.0,-4218000000.0,8139000000.0,3922000000.0,14240000000,,,,,,,,,585000000.0,-66000000.0,,-2000000.0,-65000000.0,-91000000.0,-176000000.0,-47000000.0,-362000000.0,159000000,2009-12-31,29.72500038146973,29.72500038146973,29.2450008392334,29.270000457763672,23.58022117614746,769400.0
2010-03-31,3126000000.0,-1944000000.0,1182000000.0,-944000000.0,-727000000.0,-96000000.0,-121000000.0,238000000.0,-29000000.0,-45000000.0,209000000,-3000000.0,206000000,-147000000.0,59000000,,30000000,30000000,689000000.0,2809000000.0,1599000000.0,5922000000.0,2660000000.0,503000000.0,4671000000.0,7834000000.0,13756000000,2685000000.0,112000000.0,3418000000.0,3051000000.0,6549000000.0,9967000000,1064000000.0,-4199000000.0,8080000000.0,3789000000.0,13756000000,59000000.0,121000000.0,36000000.0,-270000000.0,,,,,-54000000.0,-37000000.0,,-16000000.0,-93000000.0,-90000000.0,-155000000.0,20000000.0,-225000000.0,-368000000,2010-03-31,32.90999984741211,33.080001831054695,32.61999893188477,32.700000762939446,26.57712364196777,2279200.0
2010-06-30,3458000000.0,-2076000000.0,1382000000.0,-957000000.0,-745000000.0,-97000000.0,-115000000.0,425000000.0,-10000000.0,-46000000.0,415000000,-3000000.0,412000000,-111000000.0,301000000,,272000000,272000000,784000000.0,2781000000.0,1541000000.0,5886000000.0,2533000000.0,525000000.0,4422000000.0,7480000000.0,13366000000,2724000000.0,59000000.0,3373000000.0,3017000000.0,6354000000.0,9727000000,1081000000.0,-4290000000.0,8262000000.0,3639000000.0,13366000000,301000000.0,115000000.0,-62000000.0,67000000.0,,,,,421000000.0,-47000000.0,,-2000000.0,-54000000.0,-90000000.0,-50000000.0,-83000000.0,-251000000.0,95000000,2010-06-30,30.4950008392334,31.01499938964844,30.114999771118164,30.20499992370605,24.74736213684082,2363800.0
2010-09-30,3460000000.0,-2108000000.0,1352000000.0,-952000000.0,-739000000.0,-97000000.0,-116000000.0,400000000.0,-11000000.0,-37000000.0,389000000,-3000000.0,386000000,-94000000.0,292000000,,262000000,262000000,930000000.0,2958000000.0,1638000000.0,6305000000.0,2620000000.0,536000000.0,4659000000.0,7815000000.0,14120000000,2860000000.0,69000000.0,3523000000.0,3066000000.0,6495000000.0,10018000000,1163000000.0,-4442000000.0,8433000000.0,4102000000.0,14120000000,292000000.0,116000000.0,-152000000.0,75000000.0,,,,,331000000.0,-47000000.0,,0.0,-5000000.0,-90000000.0,7000000.0,-143000000.0,-218000000.0,146000000,2010-09-30,36.75,36.99499893188477,36.165000915527344,36.400001525878906,30.05834770202637,3623200.0
2010-12-31,3379000000.0,-2086000000.0,1293000000.0,-990000000.0,-768000000.0,-104000000.0,-118000000.0,303000000.0,-9000000.0,-27000000.0,294000000,-3000000.0,291000000,-63000000.0,228000000,,205000000,205000000,1978000000.0,2778000000.0,1573000000.0,7058000000.0,2686000000.0,550000000.0,4681000000.0,7917000000.0,14975000000,3002000000.0,28000000.0,3625000000.0,4043000000.0,7517000000.0,11142000000,1209000000.0,-4708000000.0,8548000000.0,3833000000.0,14975000000,228000000.0,118000000.0,-101000000.0,367000000.0,,,,,612000000.0,-150000000.0,,-16000000.0,-797000000.0,-90000000.0,919000000.0,-234000000.0,590000000.0,411000000,2010-12-31,41.93000030517578,42.29499816894531,41.84500122070313,42.03499984741211,34.952903747558594,1508600.0
2011-03-31,3533000000.0,-2127000000.0,1406000000.0,-1017000000.0,-797000000.0,-103000000.0,-117000000.0,389000000.0,-35000000.0,-43000000.0,354000000,-3000000.0,351000000,-92000000.0,259000000,,228000000,228000000,1383000000.0,3126000000.0,1755000000.0,7084000000.0,2696000000.0,554000000.0,4769000000.0,8019000000.0,15103000000,3045000000.0,96000000.0,3749000000.0,3993000000.0,7359000000.0,11108000000,1226000000.0,-4960000000.0,8687000000.0,3995000000.0,15103000000,259000000.0,117000000.0,-48000000.0,-484000000.0,,,,,-156000000.0,-39000000.0,,-10000000.0,-45000000.0,-89000000.0,-4000000.0,-246000000.0,-353000000.0,-545000000,2011-03-31,47.77000045776367,47.974998474121094,47.56499862670898,47.60499954223633,39.832427978515625,3821000.0
2011-06-30,3986000000.0,-2417000000.0,1569000000.0,-1058000000.0,-829000000.0,-110000000.0,-119000000.0,511000000.0,-8000000.0,-44000000.0,503000000,-3000000.0,500000000,-128000000.0,372000000,,340000000,340000000,1245000000.0,3345000000.0,1821000000.0,7239000000.0,2759000000.0,405000000.0,4864000000.0,8028000000.0,15267000000,3199000000.0,111000000.0,3922000000.0,3613000000.0,7057000000.0,10979000000,1243000000.0,-5044000000.0,8938000000.0,4288000000.0,15267000000,372000000.0,119000000.0,22000000.0,-105000000.0,,,,,408000000.0,-77000000.0,,-42000000.0,370000000.0,-89000000.0,-387000000.0,-76000000.0,-608000000.0,186000000,2011-06-30,44.75500106811523,45.48500061035156,44.58000183105469,45.39500045776367,38.224708557128906,2171400.0
2011-09-30,3849000000.0,-2353000000.0,1496000000.0,-1030000000.0,-806000000.0,-108000000.0,-116000000.0,466000000.0,-1000000.0,-40000000.0,465000000,-3000000.0,462000000,-120000000.0,342000000,,311000000,311000000,1338000000.0,3088000000.0,1737000000.0,6940000000.0,2669000000.0,400000000.0,4534000000.0,7603000000.0,14543000000,3105000000.0,102000000.0,3788000000.0,3590000000.0,6849000000.0,10637000000,1255000000.0,-5288000000.0,9159000000.0,3906000000.0,14543000000,342000000.0,116000000.0,-44000000.0,111000000.0,,,,,525000000.0,-88000000.0,,-4000000.0,169000000.0,-90000000.0,-13000000.0,-241000000.0,-309000000.0,319000000,2011-09-30,35.53499984741211,36.09500122070313,35.25,35.33000183105469,29.96885681152344,3580000.0
2011-12-31,1785000000.0,-968000000.0,817000000.0,-870000000.0,-690000000.0,-107000000.0,-73000000.0,-53000000.0,-35000000.0,-41000000.0,-88000000,-3000000.0,-91000000,80000000.0,-11000000,250000000.0,216000000,216000000,1482000000.0,2830000000.0,1607000000.0,6694000000.0,2721000000.0,387000000.0,4580000000.0,7688000000.0,14382000000,2996000000.0,108000000.0,3702000000.0,3574000000.0,7234000000.0,10936000000,1267000000.0,-5506000000.0,9288000000.0,3446000000.0,14382000000,-11000000.0,73000000.0,12000000.0,325000000.0,,,,,659000000.0,-95000000.0,,25000000.0,-141000000.0,-87000000.0,13000000.0,-214000000.0,-362000000.0,156000000,2011-12-30,42.060001373291016,42.1150016784668,41.74499893188477,41.74499893188477,35.638916015625,1114000.0
2012-03-31,3333000000.0,-1946000000.0,1387000000.0,-1041000000.0,-823000000.0,-110000000.0,-108000000.0,346000000.0,-182000000.0,-41000000.0,164000000,-211000000.0,-47000000,31000000.0,-16000000,67000000.0,13000000,13000000,1034000000.0,3236000000.0,1830000000.0,6944000000.0,2785000000.0,426000000.0,4679000000.0,7890000000.0,14834000000,3133000000.0,669000000.0,4558000000.0,2988000000.0,6760000000.0,11318000000,1281000000.0,-5548000000.0,9213000000.0,3516000000.0,14834000000,-16000000.0,108000000.0,384000000.0,-496000000.0,,,,,-2000000.0,-28000000.0,,-44000000.0,-181000000.0,-87000000.0,-155000000.0,-42000000.0,-312000000.0,-479000000,2012-03-30,48.20000076293945,48.20000076293945,47.70500183105469,47.9000015258789,41.15273666381836,1379800.0
2012-06-30,3408000000.0,-1983000000.0,1425000000.0,-996000000.0,-779000000.0,-112000000.0,-105000000.0,429000000.0,-24000000.0,-44000000.0,405000000,-3000000.0,402000000,-92000000.0,310000000,54000000.0,339000000,339000000,1247000000.0,3310000000.0,1775000000.0,7151000000.0,2719000000.0,419000000.0,4528000000.0,7666000000.0,14817000000,3160000000.0,647000000.0,4565000000.0,2964000000.0,6577000000.0,11142000000,1299000000.0,-5531000000.0,9486000000.0,3675000000.0,14817000000,328000000.0,103000000.0,-49000000.0,-40000000.0,,,,,436000000.0,-74000000.0,,11000000.0,-249000000.0,-90000000.0,-26000000.0,21000000.0,-131000000.0,39000000,2012-06-29,52.61000061035156,53.084999084472656,52.415000915527344,53.06000137329102,45.83889389038086,1540600.0
2012-09-30,3845000000.0,-2288000000.0,1557000000.0,-1045000000.0,-816000000.0,-113000000.0,-116000000.0,512000000.0,-23000000.0,-44000000.0,489000000,-3000000.0,486000000,-122000000.0,364000000,,339000000,339000000,2011000000.0,3190000000.0,1777000000.0,7777000000.0,2759000000.0,424000000.0,4646000000.0,7829000000.0,15606000000,3105000000.0,636000000.0,4490000000.0,3365000000.0,6984000000.0,11474000000,1335000000.0,-5504000000.0,9734000000.0,4132000000.0,15606000000,310000000.0,104000000.0,-139000000.0,269000000.0,,,,,605000000.0,-62000000.0,,-20000000.0,-446000000.0,-90000000.0,368000000.0,39000000.0,202000000.0,375000000,2012-09-28,57.13000106811523,57.60499954223633,56.59500122070313,57.41999816894531,49.86935424804688,1058400.0
2012-12-31,2100000000.0,-1382000000.0,718000000.0,-734000000.0,-569000000.0,-95000000.0,-70000000.0,-16000000.0,-26000000.0,-41000000.0,-42000000,29000000.0,-13000000,35000000.0,22000000,263000000.0,250000000,250000000,2393000000.0,2813000000.0,1687000000.0,7715000000.0,2888000000.0,422000000.0,4853000000.0,8163000000.0,15878000000,3061000000.0,642000000.0,4461000000.0,3368000000.0,7095000000.0,11556000000,1354000000.0,-5496000000.0,9871000000.0,4322000000.0,15878000000,58000000.0,84000000.0,-37000000.0,439000000.0,,,,,748000000.0,-166000000.0,,-69000000.0,-735000000.0,-91000000.0,10000000.0,12000000.0,-110000000.0,-86000000,2012-12-31,66.14499664306639,67.94499969482422,66.06999969482422,67.67500305175781,59.0586929321289,4479400.0
2013-03-31,3108000000.0,-1862000000.0,1246000000.0,-956000000.0,-746000000.0,-109000000.0,-101000000.0,290000000.0,-46000000.0,-43000000.0,244000000,-3000000.0,241000000,-44000000.0,197000000,2248000000.0,2410000000,2410000000,2380000000.0,2824000000.0,1698000000.0,7726000000.0,2461000000.0,418000000.0,4771000000.0,7650000000.0,15376000000,2949000000.0,48000000.0,3727000000.0,3353000000.0,6608000000.0,10335000000,1372000000.0,-7173000000.0,12196000000.0,5041000000.0,15376000000,197000000.0,101000000.0,-19000000.0,-411000000.0,,,,,-89000000.0,-63000000.0,,940000000.0,1614000000.0,-84000000.0,-595000000.0,-108000000.0,-800000000.0,715000000,2013-03-28,66.66500091552734,67.04499816894531,66.43499755859375,66.97000122070311,58.69864273071289,2106800.0
2013-06-30,3883000000.0,-2263000000.0,1620000000.0,-1162000000.0,-925000000.0,-118000000.0,-119000000.0,458000000.0,-33000000.0,-38000000.0,425000000,-3000000.0,422000000,-98000000.0,324000000,47000000.0,341000000,341000000,1781000000.0,3223000000.0,1862000000.0,7710000000.0,2637000000.0,402000000.0,5317000000.0,8356000000.0,16066000000,3343000000.0,24000000.0,4106000000.0,3355000000.0,6659000000.0,10765000000,1391000000.0,-7160000000.0,12450000000.0,5301000000.0,16066000000,324000000.0,119000000.0,91000000.0,17000000.0,,,,,583000000.0,-91000000.0,,-1915000000.0,-1220000000.0,-87000000.0,-26000000.0,13000000.0,-124000000.0,-778000000,2013-06-28,73.95999908447266,74.12000274658203,73.0,73.20500183105469,64.4200439453125,4672000.0
2013-09-30,3774000000.0,-2161000000.0,1613000000.0,-1140000000.0,-910000000.0,-117000000.0,-113000000.0,473000000.0,-125000000.0,-37000000.0,348000000,-101000000.0,247000000,-40000000.0,207000000,48000000.0,226000000,226000000,2249000000.0,3122000000.0,1878000000.0,8120000000.0,2687000000.0,404000000.0,5427000000.0,8518000000.0,16638000000,3503000000.0,27000000.0,4362000000.0,3368000000.0,6795000000.0,11157000000,1420000000.0,-7329000000.0,12589000000.0,5481000000.0,16638000000,207000000.0,113000000.0,207000000.0,198000000.0,,,,,788000000.0,-97000000.0,,-3000000.0,-226000000.0,-88000000.0,1000000.0,-166000000.0,-263000000.0,319000000,2013-09-30,81.88999938964844,83.56500244140625,81.76000213623047,83.52999877929688,73.78539276123047,1504800.0
2013-12-31,3500000000.0,-2028000000.0,1472000000.0,-1143000000.0,-905000000.0,-119000000.0,-119000000.0,329000000.0,-11000000.0,-35000000.0,318000000,-2000000.0,316000000,-71000000.0,245000000,37000000.0,254000000,254000000,1745000000.0,2736000000.0,1824000000.0,7214000000.0,2876000000.0,393000000.0,5380000000.0,8649000000.0,15863000000,3265000000.0,34000000.0,4135000000.0,3372000000.0,6530000000.0,10665000000,1437000000.0,-8002000000.0,12757000000.0,5198000000.0,15863000000,245000000.0,119000000.0,-134000000.0,188000000.0,,,,,509000000.0,-243000000.0,,935000000.0,-165000000.0,-86000000.0,8000000.0,-671000000.0,-792000000.0,-446000000,2013-12-31,94.38500213623048,95.03500366210938,94.12999725341795,94.83000183105469,84.04680633544922,1038800.0
2014-03-31,3636000000.0,-2091000000.0,1545000000.0,-1139000000.0,-900000000.0,-120000000.0,-119000000.0,406000000.0,-31000000.0,-35000000.0,375000000,-3000000.0,372000000,-89000000.0,283000000,1018000000.0,1262000000,1262000000,3039000000.0,3016000000.0,1929000000.0,8888000000.0,2724000000.0,380000000.0,5125000000.0,8229000000.0,17117000000,3712000000.0,19000000.0,4566000000.0,3373000000.0,6462000000.0,11028000000,1473000000.0,-8185000000.0,13934000000.0,6089000000.0,17117000000,283000000.0,119000000.0,108000000.0,-380000000.0,,,,,163000000.0,-99000000.0,,1603000000.0,1595000000.0,-85000000.0,-15000000.0,-165000000.0,-303000000.0,1443000000,2014-03-31,96.36000061035156,97.48999786376952,96.00499725341795,96.7300033569336,86.0119400024414,1627800.0
2014-06-30,4082000000.0,-2306000000.0,1776000000.0,-1226000000.0,-985000000.0,-126000000.0,-115000000.0,550000000.0,-23000000.0,-35000000.0,527000000,-3000000.0,524000000,-125000000.0,399000000,-7000000.0,386000000,386000000,2913000000.0,3184000000.0,1964000000.0,9035000000.0,2777000000.0,381000000.0,5107000000.0,8265000000.0,17300000000,3691000000.0,425000000.0,4962000000.0,2958000000.0,6017000000.0,10979000000,1467000000.0,-8281000000.0,14227000000.0,6321000000.0,17300000000,399000000.0,115000000.0,30000000.0,-162000000.0,,,,,238000000.0,-124000000.0,,-2000000.0,-573000000.0,-92000000.0,-5000000.0,-94000000.0,-243000000.0,-573000000,2014-06-30,105.96499633789062,106.50499725341795,104.3000030517578,105.0749969482422,93.7483367919922,2919000.0
2014-09-30,3935000000.0,-2229000000.0,1706000000.0,-1180000000.0,-941000000.0,-120000000.0,-119000000.0,526000000.0,-24000000.0,-34000000.0,502000000,-3000000.0,499000000,-116000000.0,383000000,-6000000.0,371000000,371000000,3038000000.0,2968000000.0,1905000000.0,8898000000.0,2720000000.0,449000000.0,5020000000.0,8189000000.0,17087000000,3687000000.0,394000000.0,4896000000.0,2954000000.0,5986000000.0,10882000000,1485000000.0,-8423000000.0,14506000000.0,6205000000.0,17087000000,383000000.0,119000000.0,-25000000.0,255000000.0,,,,,636000000.0,-79000000.0,,-90000000.0,198000000.0,-92000000.0,-33000000.0,-139000000.0,-270000000.0,482000000,2014-09-30,99.54000091552734,99.69000244140624,98.19000244140624,98.37000274658205,88.062744140625,1598800.0
2014-12-31,3138000000.0,-1722000000.0,1416000000.0,-1084000000.0,-870000000.0,-117000000.0,-97000000.0,332000000.0,-61000000.0,-33000000.0,271000000,-320000000.0,-49000000,93000000.0,44000000,45000000.0,83000000,83000000,1183000000.0,2815000000.0,1825000000.0,6443000000.0,3092000000.0,443000000.0,7557000000.0,11092000000.0,17535000000,3547000000.0,481000000.0,4875000000.0,3533000000.0,7395000000.0,12270000000,1512000000.0,-8714000000.0,14498000000.0,5265000000.0,17535000000,44000000.0,97000000.0,227000000.0,106000000.0,,,,,491000000.0,-262000000.0,,-1999000000.0,-2077000000.0,-92000000.0,434000000.0,-295000000.0,-153000000.0,-1782000000,2014-12-31,116.125,116.83499908447266,115.51000213623048,115.5749969482422,103.80384826660156,1267200.0
2015-03-31,3662000000.0,-2065000000.0,1597000000.0,-1153000000.0,-914000000.0,-119000000.0,-120000000.0,444000000.0,-11000000.0,-18000000.0,433000000,-3000000.0,430000000,-104000000.0,326000000,-1000000.0,320000000,320000000,1170000000.0,2961000000.0,1881000000.0,7084000000.0,2965000000.0,449000000.0,6870000000.0,10284000000.0,17368000000,3329000000.0,621000000.0,4773000000.0,4023000000.0,7437000000.0,12210000000,1557000000.0,-8898000000.0,14728000000.0,5158000000.0,17368000000,328000000.0,120000000.0,-317000000.0,-558000000.0,,,,,-427000000.0,-72000000.0,,38000000.0,35000000.0,-91000000.0,-518000000.0,-156000000.0,458000000.0,51000000,2015-03-31,111.46499633789062,113.1999969482422,111.08000183105469,112.7699966430664,101.5730972290039,1837000.0
2015-06-30,4100000000.0,-2283000000.0,1817000000.0,-1202000000.0,-954000000.0,-123000000.0,-125000000.0,615000000.0,-20000000.0,-24000000.0,595000000,-143000000.0,452000000,-110000000.0,342000000,0.0,337000000,337000000,1182000000.0,3286000000.0,1861000000.0,7374000000.0,2917000000.0,459000000.0,6846000000.0,10222000000.0,17596000000,3590000000.0,293000000.0,4825000000.0,4222000000.0,7515000000.0,12340000000,1581000000.0,-9044000000.0,14966000000.0,5256000000.0,17596000000,342000000.0,125000000.0,162000000.0,-14000000.0,,,,,615000000.0,-90000000.0,,-17000000.0,-143000000.0,-98000000.0,-264000000.0,-145000000.0,-500000000.0,-28000000,2015-06-30,115.69000244140624,116.0,114.4000015258789,114.72000122070312,103.66560363769531,1114600.0
2015-09-30,3725000000.0,-2049000000.0,1676000000.0,-1112000000.0,-875000000.0,-117000000.0,-120000000.0,564000000.0,-7000000.0,-21000000.0,557000000,-3000000.0,554000000,-133000000.0,421000000,18000000.0,433000000,433000000,1414000000.0,3062000000.0,1841000000.0,7292000000.0,2919000000.0,453000000.0,6910000000.0,10282000000.0,17574000000,3611000000.0,302000000.0,4770000000.0,4250000000.0,7608000000.0,12378000000,1593000000.0,-9192000000.0,15302000000.0,5196000000.0,17574000000,390000000.0,107000000.0,31000000.0,217000000.0,,,,,798000000.0,-100000000.0,,-222000000.0,-243000000.0,-98000000.0,33000000.0,-149000000.0,-226000000.0,306000000,2015-09-30,87.08999633789062,88.22000122070312,86.94999694824219,87.69000244140625,79.50875854492188,2928400.0
2015-12-31,2754000000.0,-1389000000.0,1365000000.0,-1029000000.0,-841000000.0,-107000000.0,-81000000.0,336000000.0,-28000000.0,-23000000.0,308000000,1000000.0,309000000,-66000000.0,243000000,78000000.0,316000000,316000000,1455000000.0,2709000000.0,1659000000.0,6712000000.0,2822000000.0,367000000.0,7175000000.0,10364000000.0,17076000000,3419000000.0,281000000.0,4695000000.0,4026000000.0,7312000000.0,12007000000,1604000000.0,-9440000000.0,15521000000.0,5069000000.0,17076000000,272000000.0,94000000.0,139000000.0,321000000.0,,,,,909000000.0,-168000000.0,,-72000000.0,-44000000.0,-96000000.0,1091000000.0,-248000000.0,-544000000.0,296000000,2015-12-31,99.37999725341795,100.0,98.79000091552734,98.81999969482422,89.91398620605469,895400.0
2016-03-31,3544000000.0,-1920000000.0,1624000000.0,-1137000000.0,-906000000.0,-116000000.0,-115000000.0,487000000.0,-28000000.0,-24000000.0,459000000,-3000000.0,456000000,-112000000.0,344000000,10000000.0,347000000,347000000,1030000000.0,3106000000.0,1863000000.0,6718000000.0,3038000000.0,370000000.0,7189000000.0,10597000000.0,17315000000,3616000000.0,38000000.0,4556000000.0,4226000000.0,7511000000.0,12067000000,1617000000.0,-9583000000.0,15770000000.0,5248000000.0,17315000000,344000000.0,115000000.0,27000000.0,-432000000.0,,,,,79000000.0,-70000000.0,,-6000000.0,-63000000.0,-96000000.0,-163000000.0,-136000000.0,-429000000.0,-402000000,2016-03-31,111.9000015258789,112.08000183105469,111.12999725341795,111.48999786376952,101.83370971679688,1438900.0
2016-06-30,3782000000.0,-1988000000.0,1794000000.0,-1154000000.0,-930000000.0,-115000000.0,-109000000.0,640000000.0,-8000000.0,-24000000.0,632000000,-2000000.0,630000000,-285000000.0,345000000,31000000.0,370000000,370000000,1669000000.0,3108000000.0,1803000000.0,7107000000.0,2950000000.0,322000000.0,6869000000.0,10141000000.0,17248000000,3577000000.0,686000000.0,4375000000.0,4426000000.0,7440000000.0,11815000000,1637000000.0,-9576000000.0,16034000000.0,5433000000.0,17248000000,336000000.0,103000000.0,-606000000.0,34000000.0,,,,,-80000000.0,-38000000.0,,-4000000.0,10000000.0,-107000000.0,903000000.0,9000000.0,794000000.0,696000000,2016-06-30,102.56999969482422,104.1500015258789,101.98999786376952,104.1500015258789,95.4811782836914,2193000.0
2016-09-30,3660000000.0,-1978000000.0,1682000000.0,-1121000000.0,-893000000.0,-115000000.0,-113000000.0,561000000.0,-19000000.0,-28000000.0,542000000,-968000000.0,-426000000,220000000.0,-206000000,27000000.0,-184000000,-184000000,975000000.0,2962000000.0,1676000000.0,6417000000.0,2863000000.0,328000000.0,6882000000.0,10073000000.0,16490000000,3567000000.0,652000000.0,4460000000.0,3752000000.0,6909000000.0,11369000000,1652000000.0,-9824000000.0,15744000000.0,5121000000.0,16490000000,-206000000.0,113000000.0,626000000.0,196000000.0,,,,,777000000.0,-90000000.0,,-311000000.0,-392000000.0,-106000000.0,-718000000.0,-244000000.0,-1057000000.0,-676000000,2016-09-30,102.6500015258789,103.8499984741211,102.6500015258789,103.36000061035156,95.12128448486328,1716500.0
2016-12-31,3284000000.0,-1779000000.0,1505000000.0,-1036000000.0,-826000000.0,-107000000.0,-103000000.0,469000000.0,-159000000.0,-23000000.0,310000000,-191000000.0,119000000,-37000000.0,82000000,262000000.0,340000000,340000000,1863000000.0,2654000000.0,1514000000.0,6574000000.0,2608000000.0,179000000.0,6410000000.0,9197000000.0,15771000000,3460000000.0,629000000.0,4253000000.0,3787000000.0,6603000000.0,10856000000,1676000000.0,-10472000000.0,15980000000.0,4915000000.0,15771000000,91000000.0,109000000.0,309000000.0,59000000.0,,,,,575000000.0,-182000000.0,,1066000000.0,881000000.0,-105000000.0,211000000.0,-648000000.0,-518000000.0,891000000,2016-12-30,95.43000030517578,95.5,94.45999908447266,94.76000213623048,87.57806396484375,1248700.0
2017-03-31,3486000000.0,-1902000000.0,1584000000.0,-1094000000.0,-875000000.0,-109000000.0,-110000000.0,490000000.0,-22000000.0,-21000000.0,468000000,-22000000.0,446000000,-110000000.0,336000000,6000000.0,337000000,337000000,1389000000.0,3057000000.0,1727000000.0,6646000000.0,2806000000.0,175000000.0,6527000000.0,9508000000.0,16154000000,3573000000.0,604000000.0,4273000000.0,3817000000.0,6595000000.0,10868000000,1680000000.0,-10626000000.0,16214000000.0,5286000000.0,16154000000,336000000.0,110000000.0,34000000.0,-481000000.0,,,,,9000000.0,-63000000.0,,-61000000.0,-138000000.0,-103000000.0,-46000000.0,-154000000.0,-372000000.0,-471000000,2017-03-31,104.94000244140624,105.5199966430664,103.94000244140624,105.08000183105469,97.49987030029295,1235900.0
2017-06-30,3804000000.0,-2083000000.0,1721000000.0,-1101000000.0,-876000000.0,-112000000.0,-113000000.0,620000000.0,39000000.0,-22000000.0,659000000,0.0,659000000,-157000000.0,502000000,-1000000.0,496000000,496000000,1617000000.0,3191000000.0,1766000000.0,7145000000.0,2710000000.0,256000000.0,6866000000.0,9832000000.0,16977000000,3653000000.0,619000000.0,4441000000.0,3998000000.0,6801000000.0,11242000000,1692000000.0,-10616000000.0,16613000000.0,5735000000.0,16977000000,502000000.0,113000000.0,-28000000.0,-154000000.0,,,,,437000000.0,-72000000.0,,-49000000.0,-123000000.0,-102000000.0,-26000000.0,11000000.0,-118000000.0,220000000,2017-06-30,110.18000030517578,110.52999877929688,109.66000366210938,109.95999908447266,102.3983154296875,786700.0
2017-09-30,3776000000.0,-2104000000.0,1672000000.0,-1125000000.0,-894000000.0,-114000000.0,-117000000.0,547000000.0,-24000000.0,-22000000.0,523000000,0.0,523000000,-124000000.0,399000000,217000000.0,610000000,610000000,2328000000.0,3155000000.0,1805000000.0,7638000000.0,2730000000.0,261000000.0,6986000000.0,9977000000.0,17615000000,3895000000.0,616000000.0,4618000000.0,4089000000.0,6987000000.0,11605000000,1714000000.0,-10855000000.0,17106000000.0,6010000000.0,17615000000,399000000.0,117000000.0,13000000.0,57000000.0,,,,,586000000.0,-72000000.0,,534000000.0,477000000.0,-116000000.0,-24000000.0,-225000000.0,-361000000.0,718000000,2017-09-29,108.73999786376952,109.55999755859376,108.41999816894531,108.66000366210938,101.6226577758789,1749300.0
2017-12-31,3682000000.0,-2120000000.0,1562000000.0,-1145000000.0,-909000000.0,-116000000.0,-120000000.0,417000000.0,-2000000.0,-20000000.0,415000000,-38000000.0,377000000,-224000000.0,153000000,3000000.0,151000000,151000000,1491000000.0,2903000000.0,1730000000.0,6477000000.0,2824000000.0,268000000.0,6969000000.0,10061000000.0,16538000000,3781000000.0,12000000.0,3895000000.0,4134000000.0,6971000000.0,10866000000,1725000000.0,-11251000000.0,17140000000.0,5672000000.0,16538000000,153000000.0,120000000.0,28000000.0,232000000.0,,,,,536000000.0,-153000000.0,,-156000000.0,-283000000.0,-113000000.0,-592000000.0,-393000000.0,-1103000000.0,-851000000,2017-12-29,117.33999633789062,117.68000030517578,116.81999969482422,116.81999969482422,109.67922973632812,867700.0
2018-03-31,3781000000.0,-2181000000.0,1600000000.0,-1141000000.0,-906000000.0,-112000000.0,-123000000.0,459000000.0,-38000000.0,-21000000.0,421000000,0.0,421000000,-87000000.0,334000000,6000000.0,334000000,334000000,1404000000.0,3343000000.0,1963000000.0,7110000000.0,2862000000.0,270000000.0,7302000000.0,10434000000.0,17544000000,3924000000.0,19000000.0,4030000000.0,5199000000.0,8047000000.0,12077000000,1730000000.0,-11843000000.0,17464000000.0,5467000000.0,17544000000,334000000.0,123000000.0,-18000000.0,-667000000.0,,,,,-228000000.0,-75000000.0,,-96000000.0,-178000000.0,-112000000.0,6000000.0,-591000000.0,295000000.0,-90000000,2018-03-29,110.36000061035156,112.52999877929688,110.04000091552734,111.5999984741211,105.18521881103516,1277000.0
2018-06-30,4131000000.0,-2379000000.0,1752000000.0,-1184000000.0,-945000000.0,-114000000.0,-125000000.0,568000000.0,-6000000.0,-24000000.0,562000000,-83000000.0,479000000,-104000000.0,375000000,0.0,371000000,371000000,1083000000.0,3438000000.0,1956000000.0,6879000000.0,2738000000.0,258000000.0,6919000000.0,9915000000.0,16794000000,3893000000.0,22000000.0,4047000000.0,5048000000.0,7764000000.0,11811000000,1738000000.0,-12304000000.0,17725000000.0,4983000000.0,16794000000,375000000.0,125000000.0,55000000.0,-196000000.0,,,,,359000000.0,-43000000.0,,-2000000.0,-39000000.0,-110000000.0,1000000.0,-462000000.0,-600000000.0,-326000000,2018-06-29,105.69000244140624,106.02999877929688,103.66999816894531,103.7300033569336,98.18174743652344,3074300.0
2018-09-30,3817000000.0,-2253000000.0,1564000000.0,-1099000000.0,-867000000.0,-110000000.0,-122000000.0,465000000.0,-26000000.0,-25000000.0,439000000,12000000.0,451000000,-79000000.0,372000000,10000000.0,378000000,378000000,1160000000.0,3217000000.0,1962000000.0,6741000000.0,2738000000.0,266000000.0,6973000000.0,9977000000.0,16718000000,3806000000.0,15000000.0,3933000000.0,5023000000.0,7707000000.0,11640000000,1741000000.0,-12551000000.0,17987000000.0,5078000000.0,16718000000,372000000.0,122000000.0,-101000000.0,163000000.0,,,,,536000000.0,-108000000.0,,0.0,-94000000.0,-116000000.0,-8000000.0,-246000000.0,-365000000.0,83000000,2018-09-28,108.79000091552734,109.16000366210938,107.12000274658205,109.12999725341795,103.7487335205078,2456700.0
2018-12-31,3645000000.0,-2188000000.0,1457000000.0,-1087000000.0,-855000000.0,-105000000.0,-127000000.0,370000000.0,-33000000.0,-25000000.0,337000000,5000000.0,342000000,-83000000.0,259000000,2000000.0,258000000,258000000,963000000.0,2845000000.0,1783000000.0,5961000000.0,2805000000.0,251000000.0,6998000000.0,10054000000.0,16015000000,3623000000.0,651000000.0,4373000000.0,4365000000.0,6910000000.0,11283000000,1757000000.0,-12958000000.0,18131000000.0,4732000000.0,16015000000,259000000.0,127000000.0,120000000.0,294000000.0,,,,,800000000.0,-158000000.0,,-280000000.0,-453000000.0,-115000000.0,984000000.0,-407000000.0,-535000000.0,-201000000,2018-12-31,101.81999969482422,102.91000366210938,101.2300033569336,102.2300033569336,97.61679077148438,1162700.0
2019-03-31,3624000000.0,-2073000000.0,1551000000.0,-1112000000.0,-889000000.0,-105000000.0,-118000000.0,439000000.0,-23000000.0,-25000000.0,416000000,3000000.0,419000000,-102000000.0,317000000,0.0,312000000,312000000,839000000.0,3197000000.0,1965000000.0,6409000000.0,2866000000.0,261000000.0,7835000000.0,10962000000.0,17371000000,3684000000.0,653000000.0,4588000000.0,5192000000.0,7773000000.0,12361000000,1868000000.0,-13070000000.0,18330000000.0,5010000000.0,17371000000,317000000.0,118000000.0,18000000.0,-511000000.0,,,,,-66000000.0,-47000000.0,,-57000000.0,-86000000.0,-113000000.0,308000000.0,-168000000.0,32000000.0,-118000000,2019-03-29,112.0,113.0,111.93000030517578,112.87000274658205,108.25012969970705,1384900.0
2019-06-30,4024000000.0,-2288000000.0,1736000000.0,-1171000000.0,-934000000.0,-111000000.0,-126000000.0,565000000.0,-26000000.0,-28000000.0,539000000,-176000000.0,363000000,-86000000.0,277000000,2000000.0,272000000,272000000,1016000000.0,3332000000.0,1945000000.0,6707000000.0,2929000000.0,251000000.0,8068000000.0,11248000000.0,17955000000,3746000000.0,654000000.0,4706000000.0,5417000000.0,8062000000.0,12768000000,1882000000.0,-13061000000.0,18488000000.0,5187000000.0,17955000000,277000000.0,126000000.0,187000000.0,-58000000.0,,,,,548000000.0,-86000000.0,,-304000000.0,-371000000.0,-114000000.0,143000000.0,15000000.0,0.0,179000000,2019-06-28,116.1500015258789,116.83000183105469,115.68000030517578,116.70999908447266,112.40615844726562,2138200.0
2019-09-30,3826000000.0,-2181000000.0,1645000000.0,-1127000000.0,-887000000.0,-107000000.0,-133000000.0,518000000.0,-35000000.0,-23000000.0,483000000,-2000000.0,481000000,-109000000.0,372000000,1000000.0,367000000,367000000,1490000000.0,3028000000.0,1860000000.0,6817000000.0,2862000000.0,254000000.0,8131000000.0,11247000000.0,18064000000,3636000000.0,639000000.0,4578000000.0,5473000000.0,8131000000.0,12709000000,1894000000.0,-13054000000.0,18735000000.0,5355000000.0,18064000000,372000000.0,133000000.0,-8000000.0,304000000.0,,,,,789000000.0,-91000000.0,,-203000000.0,-291000000.0,-120000000.0,124000000.0,10000000.0,9000000.0,469000000,2019-09-30,118.63999938964844,119.1500015258789,117.52999877929688,118.51000213623048,114.64099884033205,840700.0
2019-12-31,3672000000.0,-2111000000.0,1561000000.0,-1137000000.0,-894000000.0,-109000000.0,-134000000.0,424000000.0,-25000000.0,-24000000.0,399000000,-1000000.0,398000000,-95000000.0,303000000,-3000000.0,292000000,292000000,1273000000.0,2756000000.0,1710000000.0,6170000000.0,2983000000.0,258000000.0,8297000000.0,11538000000.0,17708000000,3496000000.0,513000000.0,4375000000.0,4539000000.0,7930000000.0,12305000000,1919000000.0,-13191000000.0,18906000000.0,5403000000.0,17708000000,303000000.0,134000000.0,44000000.0,328000000.0,,,,,809000000.0,-189000000.0,,-79000000.0,-261000000.0,-121000000.0,-534000000.0,-121000000.0,-799000000.0,-216000000,2019-12-31,133.02000427246094,133.50999450683594,132.58999633789062,133.49000549316406,129.64118957519528,626500.0
2020-03-31,3377000000.0,-1908000000.0,1469000000.0,-1135000000.0,-905000000.0,-101000000.0,-129000000.0,334000000.0,-15000000.0,-23000000.0,319000000,,319000000,-71000000.0,248000000,,243000000,243000000,1936000000.0,2804000000.0,1859000000.0,7066000000.0,2863000000.0,245000000.0,7890000000.0,10998000000.0,18064000000,3367000000.0,1456000000.0,5195000000.0,5378000000.0,8032000000.0,13227000000,1923000000.0,-13187000000.0,19029000000.0,4837000000.0,18064000000,248000000.0,129000000.0,-102000000.0,-434000000.0,,,,,-159000000.0,-37000000.0,,-44000000.0,-59000000.0,-120000000.0,1158000000.0,5000000.0,1012000000.0,670000000,2020-03-31,85.13999938964844,87.33000183105469,83.12000274658203,83.5999984741211,81.53755950927734,1897100.0
2020-06-30,3015000000.0,-1703000000.0,1312000000.0,-975000000.0,-766000000.0,-86000000.0,-123000000.0,337000000.0,-46000000.0,-36000000.0,291000000,-165000000.0,126000000,-29000000.0,97000000,3000000.0,102000000,102000000,2297000000.0,2673000000.0,1706000000.0,7077000000.0,2865000000.0,251000000.0,7977000000.0,11093000000.0,18170000000,3055000000.0,1688000000.0,5234000000.0,4613000000.0,7998000000.0,13232000000,1931000000.0,-13184000000.0,19010000000.0,4938000000.0,18170000000,97000000.0,123000000.0,278000000.0,-18000000.0,,,,,481000000.0,-55000000.0,,-1000000.0,-52000000.0,-121000000.0,50000000.0,1000000.0,-85000000.0,366000000,2020-06-30,105.2300033569336,106.9800033569336,104.0999984741211,106.05999755859376,104.03063201904295,1259300.0
