Report Date,Revenue,Cost of Revenue,Gross Profit,Operating Expenses,"Selling, General & Administrative",Research & Development,Depreciation & Amortization,Operating Income (Loss),Non-Operating Income (Loss),"Interest Expense, Net","Pretax Income (Loss), Adj.",Abnormal Gains (Losses),Pretax Income (Loss),"Income Tax (Expense) Benefit, Net",Income (Loss) from Continuing Operations,Net Extraordinary Gains (Losses),Net Income,Net Income (Common),"Cash, Cash Equivalents & Short Term Investments",Accounts & Notes Receivable,Inventories,Total Current Assets,"Property, Plant & Equipment, Net",Long Term Investments & Receivables,Other Long Term Assets,Total Noncurrent Assets,Total Assets,Payables & Accruals,Short Term Debt,Total Current Liabilities,Long Term Debt,Total Noncurrent Liabilities,Total Liabilities,Share Capital & Additional Paid-In Capital,Treasury Stock,Retained Earnings,Total Equity,Total Liabilities & Equity,Net Income/Starting Line,Depreciation & Amortization,Non-Cash Items,Change in Working Capital,Change in Accounts Receivable,Change in Inventories,Change in Accounts Payable,Change in Other,Net Cash from Operating Activities,Change in Fixed Assets & Intangibles,Net Change in Long Term Investment,Net Cash from Acquisitions & Divestitures,Net Cash from Investing Activities,Dividends Paid,Cash from (Repayment of) Debt,Cash from (Repurchase of) Equity,Net Cash from Financing Activities,Net Change in Cash,Price Date,Open,High,Low,Close,Adj Close,Volume
2010-06-30,115886000.0,-405000.0,115481000.0,-139205000.0,-14679000.0,-124526000.0,,-23724000.0,-1750000.0,-2342000.0,-25474000,,-25474000,0.0,-25474000,,-25474000,-25474000,306337000.0,4070000.0,,417750000.0,292329000.0,70465000.0,10097000.0,372891000.0,790641000,58256000.0,448000.0,119571000.0,157359000.0,299854000.0,419425000,1368611000.0,,-997091000.0,371214000.0,790639000,-25474000.0,4524000.0,9786000.0,-686000.0,-23338000.0,,,22652000.0,-11850000.0,-22581000.0,28201000.0,,3820000.0,,0.0,2838000.0,2719000.0,-5311000,2010-06-30,23.04999923706055,23.46999931335449,22.31999969482422,22.31999969482422,22.31999969482422,580500.0
2010-09-30,105979000.0,-372000.0,105607000.0,-137701000.0,-15658000.0,-122043000.0,,-32094000.0,-1781000.0,-2234000.0,-33875000,,-33875000,0.0,-33875000,,-33875000,-33875000,479053000.0,3048000.0,,575719000.0,318498000.0,37956000.0,10260000.0,366714000.0,942433000,74976000.0,634000.0,133833000.0,158382000.0,460536000.0,594369000,1379203000.0,,-1030966000.0,348062000.0,942431000,-33875000.0,4894000.0,9794000.0,180688000.0,12909000.0,,,167779000.0,161501000.0,-22103000.0,72275000.0,,50172000.0,,0.0,1696000.0,1613000.0,213286000,2010-09-30,26.670000076293945,27.53000068664551,26.29999923706055,27.399999618530273,27.399999618530273,606200.0
2010-12-31,133675000.0,-599000.0,133076000.0,-145853000.0,-20641000.0,-125212000.0,,-12777000.0,-1820000.0,-2458000.0,-14597000,,-14597000,0.0,-14597000,,-14597000,-14597000,249368000.0,2314000.0,,357622000.0,347450000.0,370053000.0,14307000.0,731810000.0,1089432000,53658000.0,675000.0,109056000.0,159355000.0,452561000.0,561617000,1575869000.0,,-1045563000.0,527815000.0,1089432000,-14597000.0,6086000.0,15019000.0,-47359000.0,-799000.0,,,-46560000.0,-40851000.0,-32262000.0,-318219000.0,,-354622000.0,,-1028000.0,186828000.0,182759000.0,-212714000,2010-12-31,33.259998321533196,33.419998168945305,32.830001831054695,32.830001831054695,32.830001831054695,329600.0
2011-03-31,112204000.0,-382000.0,111822000.0,-152803000.0,-23411000.0,-129392000.0,,-40981000.0,-2682000.0,-3719000.0,-43663000,,-43663000,216000.0,-43447000,,-43447000,-43447000,226441000.0,3765000.0,,325501000.0,357423000.0,373621000.0,17748000.0,748792000.0,1074293000,58602000.0,798000.0,112252000.0,159353000.0,443950000.0,556202000,1609276000.0,,-1089010000.0,518091000.0,1074293000,-43447000.0,6978000.0,15383000.0,10506000.0,-4317000.0,,,14823000.0,-10580000.0,-22166000.0,42481000.0,,20347000.0,,-306000.0,14406000.0,13037000.0,22804000,2011-03-31,44.5,45.0,44.11000061035156,44.93999862670898,44.93999862670898,425900.0
2011-06-30,107810000.0,-395000.0,107415000.0,-167734000.0,-24585000.0,-143149000.0,,-60319000.0,-3049000.0,-4047000.0,-63368000,,-63368000,863000.0,-62505000,,-62505000,-62505000,309683000.0,2921000.0,,413273000.0,361883000.0,251256000.0,20452000.0,633591000.0,1046864000,81665000.0,877000.0,135868000.0,159457000.0,432962000.0,568830000,1630453000.0,,-1151515000.0,478034000.0,1046864000,-62505000.0,7902000.0,12646000.0,7907000.0,3179000.0,,,4728000.0,-34050000.0,-14864000.0,158512000.0,,142935000.0,,-398000.0,14095000.0,10051000.0,118936000,2011-06-30,55.40999984741211,56.7400016784668,55.38000106811523,56.709999084472656,56.709999084472656,796800.0
2011-09-30,102833000.0,-450000.0,102383000.0,-160840000.0,-32916000.0,-127924000.0,,-58457000.0,-3346000.0,-4061000.0,-61803000,,-61803000,-562000.0,-62365000,,-62365000,-62365000,245498000.0,3659000.0,,339872000.0,363913000.0,258073000.0,21173000.0,643159000.0,983031000,78890000.0,920000.0,133235000.0,159482000.0,421543000.0,554778000,1643864000.0,,-1213880000.0,428253000.0,983031000,-62365000.0,8276000.0,14653000.0,-7299000.0,6071000.0,,,-13370000.0,-46735000.0,-8898000.0,7999000.0,,-903000.0,,-306000.0,11634000.0,-279000.0,-47917000,2011-09-30,58.72000122070313,59.72000122070313,57.43000030517578,58.20000076293945,58.20000076293945,897600.0
2011-12-31,122977000.0,-2989000.0,119988000.0,-165390000.0,-36349000.0,-129041000.0,,-45402000.0,-8656000.0,-9455000.0,-54058000,,-54058000,615000.0,-53443000,,-53443000,-53443000,526942000.0,28254000.0,,665777000.0,367955000.0,275887000.0,13964000.0,657806000.0,1323583000,95625000.0,1006000.0,148271000.0,434527000.0,689580000.0,837851000,1754917000.0,,-1267323000.0,485732000.0,1323583000,-53443000.0,7926000.0,25227000.0,-30027000.0,-26051000.0,-14094000.0,,10118000.0,-50317000.0,-11289000.0,-23027000.0,,-33908000.0,,390450000.0,3452000.0,361440000.0,277215000,2011-12-30,56.29999923706055,56.56999969482422,55.41999816894531,55.43000030517578,55.43000030517578,499000.0
2012-03-31,231789000.0,-12298000.0,219491000.0,-197290000.0,-58428000.0,-138862000.0,,22201000.0,-10550000.0,-11160000.0,11651000,,11651000,0.0,11651000,,11651000,11651000,432298000.0,159462000.0,,696915000.0,369959000.0,254738000.0,28547000.0,653244000.0,1350159000,106723000.0,1093000.0,160386000.0,439740000.0,685749000.0,846135000,1761033000.0,,-1255672000.0,504024000.0,1350159000,11651000.0,8416000.0,31281000.0,-138389000.0,-135312000.0,,,-3077000.0,-87041000.0,-11055000.0,27284000.0,,15766000.0,,-500000.0,31828000.0,-17750000.0,-89025000,2012-03-30,115.52999877929688,117.1999969482422,114.52999877929688,116.62000274658205,116.62000274658205,766300.0
2012-06-30,304399000.0,-21843000.0,282556000.0,-195078000.0,-47705000.0,-147373000.0,,87478000.0,-10735000.0,-11236000.0,76743000,,76743000,0.0,76743000,,76743000,76743000,301022000.0,349645000.0,,769193000.0,372278000.0,288321000.0,27708000.0,688307000.0,1457500000,126768000.0,1183000.0,183220000.0,445049000.0,679623000.0,862843000,1775957000.0,,-1178929000.0,594657000.0,1457500000,76743000.0,9417000.0,33816000.0,-198353000.0,-197033000.0,,,-1320000.0,-78377000.0,-12872000.0,-126310000.0,,-139188000.0,,-514000.0,7803000.0,-5077000.0,-222642000,2012-06-29,112.66000366210938,114.97000122070312,112.04000091552734,114.22000122070312,114.22000122070312,648100.0
2012-09-30,427687000.0,-20145000.0,407542000.0,-205178000.0,-46883000.0,-158295000.0,,202364000.0,-10896000.0,-11413000.0,191468000,,191468000,0.0,191468000,,191468000,191468000,262552000.0,506682000.0,,948603000.0,372917000.0,312600000.0,26495000.0,712012000.0,1660615000,124224000.0,1277000.0,178568000.0,450458000.0,676023000.0,854591000,1795389000.0,,-987461000.0,806024000.0,1660615000,191468000.0,9329000.0,28933000.0,-232112000.0,-165891000.0,,,-66221000.0,-2382000.0,-10248000.0,-38457000.0,,-48754000.0,,-587000.0,8809000.0,-1809000.0,-52945000,2012-09-28,150.66000366210938,153.38999938964844,149.82000732421875,152.66000366210938,152.66000366210938,827100.0
2012-12-31,414602000.0,-30169000.0,384433000.0,-238763000.0,-57739000.0,-181024000.0,,145670000.0,-11111000.0,-11495000.0,134559000,,134559000,335848000.0,470407000,,470407000,470407000,308095000.0,593207000.0,28638000.0,1206012000.0,379940000.0,271230000.0,223308000.0,874478000.0,2080490000,111345000.0,1374000.0,163550000.0,455954000.0,671555000.0,835105000,1763605000.0,,-517054000.0,1245385000.0,2080490000,470407000.0,9778000.0,-283055000.0,-103945000.0,-90162000.0,-28932000.0,,15149000.0,93185000.0,-15162000.0,105747000.0,,91103000.0,,-602000.0,15109000.0,-73010000.0,111278000,2012-12-31,167.02000427246094,171.55999755859375,165.25999450683594,171.07000732421875,171.07000732421875,488100.0
2013-03-31,439664000.0,-29055000.0,410609000.0,-257559000.0,-77260000.0,-180299000.0,,153050000.0,-11219000.0,-11675000.0,141831000,,141831000,-42957000.0,98874000,,98874000,98874000,307710000.0,703857000.0,,1307122000.0,392378000.0,346607000.0,229891000.0,968876000.0,2275998000,145413000.0,1473000.0,197244000.0,461275000.0,672406000.0,869650000,1826172000.0,,-418180000.0,1406348000.0,2275998000,98874000.0,9407000.0,105510000.0,-127543000.0,-117782000.0,-17581000.0,,7820000.0,86248000.0,-21203000.0,-126482000.0,,-147685000.0,,-649000.0,12964000.0,11523000.0,-49914000,2013-03-28,170.4199981689453,177.75,169.8300018310547,176.39999389648438,176.39999389648438,911800.0
2013-06-30,457642000.0,-39613000.0,418029000.0,-259926000.0,-72463000.0,-187463000.0,,158103000.0,-10411000.0,-11365000.0,147692000,,147692000,-60316000.0,87376000,,87376000,87376000,537506000.0,767865000.0,,1561362000.0,419651000.0,173328000.0,223918000.0,816897000.0,2378259000,153826000.0,794000.0,203802000.0,472508000.0,681120000.0,884922000,1827570000.0,,-330804000.0,1493337000.0,2378259000,87376000.0,9702000.0,114123000.0,-83037000.0,-88367000.0,-13563000.0,,18893000.0,128164000.0,-34453000.0,151083000.0,,116630000.0,,-348000.0,21336000.0,-43481000.0,201313000,2013-06-28,233.05999755859372,234.25,224.42999267578125,224.8800048828125,224.8800048828125,1985800.0
2013-09-30,597027000.0,-38573000.0,558454000.0,-321652000.0,-97607000.0,-224045000.0,,236802000.0,-11118000.0,-11736000.0,225684000,,225684000,-84378000.0,141306000,,141306000,141306000,445323000.0,855844000.0,,1634160000.0,453891000.0,329863000.0,222501000.0,1006255000.0,2640415000,219138000.0,794000.0,268727000.0,481381000.0,681517000.0,950244000,1882520000.0,,-189498000.0,1690171000.0,2640415000,141306000.0,10803000.0,39500000.0,-99154000.0,-144660000.0,-5598000.0,,51104000.0,92455000.0,-31691000.0,-182761000.0,,-214452000.0,,-628000.0,7418000.0,3533000.0,-118464000,2013-09-30,304.5899963378906,319.8299865722656,301.9700012207031,312.8699951171875,312.8699951171875,1141300.0
2013-12-31,610412000.0,-48114000.0,562298000.0,-367203000.0,-99063000.0,-268140000.0,,195095000.0,-13920000.0,-11661000.0,181175000,,181175000,-94993000.0,86182000,,86182000,86182000,693984000.0,787071000.0,70354000.0,1796934000.0,526983000.0,389891000.0,237205000.0,1154079000.0,2951013000,250896000.0,,298835000.0,504573000.0,700102000.0,998937000,2045956000.0,0.0,-92692000.0,1952076000.0,2951013000,86182000.0,11292000.0,65190000.0,119065000.0,105337000.0,-11214000.0,,24942000.0,281729000.0,-68976000.0,-40972000.0,,-109948000.0,,-399000.0,15675000.0,100616000.0,272397000,2013-12-31,277.10000610351557,278.32000732421875,273.85000610351557,275.239990234375,275.239990234375,569800.0
2014-03-31,625740000.0,-43572000.0,582168000.0,-390606000.0,-103227000.0,-287379000.0,,191562000.0,-10676000.0,-11613000.0,180886000,,180886000,-112581000.0,68305000,,68305000,68305000,648133000.0,801773000.0,86545000.0,1871049000.0,600864000.0,534689000.0,253794000.0,1389347000.0,3260396000,237935000.0,1060000.0,305068000.0,530053000.0,744080000.0,1049148000,2237032000.0,,-27249000.0,2211248000.0,3260396000,68305000.0,11530000.0,79701000.0,-106009000.0,-92529000.0,-15550000.0,,2070000.0,53527000.0,-64822000.0,-171409000.0,,-236231000.0,,-262000.0,55042000.0,108954000.0,-73750000,2014-03-31,303.17999267578125,306.4700012207031,296.6099853515625,300.2799987792969,300.2799987792969,1061300.0
2014-06-30,665700000.0,-46379000.0,619321000.0,-391231000.0,-96730000.0,-294501000.0,,228090000.0,-19287000.0,-10177000.0,208803000,,208803000,-112452000.0,96351000,,96351000,96351000,816909000.0,664075000.0,109897000.0,1918695000.0,707321000.0,550818000.0,279244000.0,1537383000.0,3456078000,283385000.0,1060000.0,351578000.0,516786000.0,735658000.0,1087236000,2342941000.0,-43848000.0,65486000.0,2368842000.0,3456078000,96351000.0,13016000.0,70076000.0,156969000.0,177305000.0,-21745000.0,,1409000.0,336412000.0,-70873000.0,-47250000.0,,-118123000.0,,-61397000.0,8015000.0,-80012000.0,138277000,2014-06-30,277.29000854492193,284.9200134277344,273.98001098632807,282.4700012207031,282.4700012207031,1330700.0
2014-09-30,725788000.0,-55593000.0,670195000.0,-481731000.0,-144003000.0,-337728000.0,,188464000.0,-6641000.0,-9232000.0,181823000,,181823000,-98448000.0,83375000,,83375000,83375000,1042204000.0,673915000.0,120317000.0,2200512000.0,818967000.0,453443000.0,266497000.0,1538907000.0,3739419000,337976000.0,1252000.0,410200000.0,564062000.0,777431000.0,1187631000,2423536000.0,-43849000.0,145206000.0,2551788000.0,3739419000,83375000.0,14005000.0,64054000.0,2887000.0,-31134000.0,-13622000.0,,47643000.0,164321000.0,-79769000.0,-43299000.0,,-123068000.0,,-276000.0,17747000.0,5166000.0,46419000,2014-09-30,355.7900085449219,361.70001220703125,353.1099853515625,360.5199890136719,360.5199890136719,1003900.0
2014-12-31,802329000.0,-59474000.0,742855000.0,-527052000.0,-175307000.0,-351745000.0,,215803000.0,-26080000.0,-6350000.0,189723000,,189723000,-99628000.0,90095000,,90095000,90095000,900480000.0,739379000.0,128861000.0,2084759000.0,974309000.0,460154000.0,318450000.0,1752913000.0,3837672000,483489000.0,,654660000.0,457711000.0,632761000.0,1287421000,2450886000.0,-169530000.0,216644000.0,2550251000.0,3837672000,90095000.0,14135000.0,132214000.0,-38269000.0,-88569000.0,-6030000.0,,56330000.0,198175000.0,-117542000.0,174187000.0,,56645000.0,,-159799000.0,45241000.0,-252655000.0,2165000,2014-12-31,410.5700073242188,416.989990234375,408.5700073242188,410.25,410.25,759900.0
2015-03-31,869612000.0,-83955000.0,785657000.0,-502104000.0,-158991000.0,-343113000.0,,283553000.0,-7030000.0,-7210000.0,276523000,,276523000,-200502000.0,76021000,,76021000,76021000,742164000.0,1015962000.0,133863000.0,2310714000.0,1110597000.0,483305000.0,293957000.0,1887859000.0,4198573000,462762000.0,,536134000.0,472476000.0,691009000.0,1227143000,2812678000.0,-181817000.0,292665000.0,2971430000.0,4198573000,76021000.0,16027000.0,75311000.0,-269086000.0,-329746000.0,-5434000.0,,66094000.0,-101727000.0,-114162000.0,-15319000.0,,-129481000.0,,-9948000.0,76273000.0,90396000.0,-140812000,2015-03-31,456.2300109863281,464.5199890136719,450.0199890136719,451.4800109863281,451.4800109863281,884200.0
2015-06-30,998617000.0,-88840000.0,909777000.0,-564918000.0,-174588000.0,-390330000.0,,344859000.0,-16863000.0,-18516000.0,327996000,,327996000,-133353000.0,194643000,,194643000,194643000,604248000.0,1071665000.0,171266000.0,2283341000.0,1326112000.0,589595000.0,327922000.0,2243629000.0,4526970000,529505000.0,,601542000.0,388047000.0,586970000.0,1188512000,3119076000.0,-287079000.0,487308000.0,3338458000.0,4526970000,194643000.0,15298000.0,96653000.0,-48763000.0,-89007000.0,-40157000.0,,80401000.0,257831000.0,-239893000.0,-131756000.0,,-371649000.0,,-107273000.0,39552000.0,-3535000.0,-117353000,2015-06-30,512.2000122070311,514.7999877929689,505.6199951171875,510.1300048828125,510.1300048828125,635800.0
2015-09-30,1137422000.0,-109083000.0,1028339000.0,-635917000.0,-209993000.0,-425924000.0,,392422000.0,867000.0,-1273000.0,393289000,,393289000,-182891000.0,210398000,,210398000,210398000,895642000.0,1088207000.0,190668000.0,2675640000.0,1475123000.0,681326000.0,350826000.0,2507275000.0,5182915000,577428000.0,,734990000.0,394867000.0,1151058000.0,1886048000,2880217000.0,-288777000.0,697706000.0,3296867000.0,5182915000,210398000.0,20674000.0,97637000.0,564144000.0,-44190000.0,-20663000.0,,628997000.0,892853000.0,-146099000.0,-137072000.0,,-283171000.0,,-2381000.0,34598000.0,-345649000.0,264033000,2015-09-30,460.5799865722656,474.8399963378906,454.9700012207031,465.1400146484375,465.1400146484375,1452200.0
2015-12-31,1098077000.0,-110831000.0,987246000.0,-756164000.0,-294954000.0,-461210000.0,,231082000.0,-3793000.0,12758000.0,227289000,,227289000,-72295000.0,154994000,,154994000,154994000,1045223000.0,1152489000.0,238578000.0,2915095000.0,1594120000.0,632162000.0,467755000.0,2694037000.0,5609132000,644112000.0,0.0,811162000.0,362919000.0,1143133000.0,1954295000,3099634000.0,-306069000.0,852700000.0,3654837000.0,5609132000,154994000.0,22910000.0,120387000.0,-16468000.0,-28478000.0,-45571000.0,,57581000.0,281823000.0,-177779000.0,54479000.0,,-123300000.0,,-20845000.0,55935000.0,-4008000.0,154515000,2015-12-31,542.6199951171875,550.6599731445311,542.6199951171875,542.8699951171875,542.8699951171875,310500.0
2016-03-31,1200849000.0,-111752000.0,1089097000.0,-759789000.0,-289677000.0,-470112000.0,,329308000.0,843000.0,-2640000.0,330151000,,330151000,-148766000.0,181385000,,181385000,181385000,849179000.0,1450572000.0,303294000.0,3133379000.0,1666391000.0,555210000.0,549480000.0,2771081000.0,5904460000,733276000.0,,919724000.0,362230000.0,1219654000.0,2139378000,3049760000.0,-307478000.0,1018436000.0,3765082000.0,5904460000,181385000.0,22977000.0,66422000.0,-225795000.0,-397428000.0,-62263000.0,,233896000.0,44989000.0,-104094000.0,60409000.0,,-43685000.0,,-2337000.0,39304000.0,-206192000.0,-204888000,2016-03-31,361.0199890136719,364.8399963378906,358.6300048828125,360.4400024414063,360.4400024414063,930100.0
2016-06-30,1212629000.0,-69033000.0,1143596000.0,-851968000.0,-292038000.0,-559930000.0,,291628000.0,628000.0,-1251000.0,292256000,,292256000,-96038000.0,196218000,,196218000,196218000,1045164000.0,1431966000.0,316073000.0,3209225000.0,1772923000.0,589852000.0,632906000.0,2995681000.0,6204906000,759643000.0,,951563000.0,361523000.0,1176837000.0,2128400000,3157051000.0,-316052000.0,1230303000.0,4076506000.0,6204906000,196218000.0,25029000.0,52662000.0,125590000.0,113250000.0,-10625000.0,,22965000.0,399499000.0,-138836000.0,-187174000.0,,-326010000.0,,-11526000.0,24302000.0,-31195000.0,42294000,2016-06-30,349.54998779296875,350.239990234375,344.75,349.2300109863281,349.2300109863281,781000.0
2016-09-30,1220122000.0,-44228000.0,1175894000.0,-813092000.0,-270045000.0,-543047000.0,,362802000.0,3079000.0,-496000.0,365881000,,365881000,-101077000.0,264804000,,264804000,264804000,1408391000.0,1332071000.0,345620000.0,3501689000.0,1872167000.0,777906000.0,676257000.0,3326330000.0,6828019000,714916000.0,,961185000.0,382228000.0,1375587000.0,2336772000,3315091000.0,-316052000.0,1495107000.0,4491247000.0,6828019000,264804000.0,27839000.0,109495000.0,248891000.0,108099000.0,-26818000.0,,167610000.0,651029000.0,-118556000.0,-287297000.0,,-405853000.0,,4445000.0,26171000.0,28675000.0,273851000,2016-09-30,396.4400024414063,404.9800109863281,390.55999755859375,402.0199890136719,402.0199890136719,1114300.0
2016-12-31,1226800000.0,-74687000.0,1152113000.0,-805151000.0,-325940000.0,-479211000.0,,346962000.0,-5450000.0,-2813000.0,341512000,,341512000,-88419000.0,253093000,,253093000,253093000,1038684000.0,1343368000.0,399356000.0,3180188000.0,2083421000.0,864260000.0,845597000.0,3793278000.0,6973466000,879096000.0,129557000.0,1241495000.0,351569000.0,1282726000.0,2524221000,3030103000.0,-316240000.0,1748222000.0,4449245000.0,6973466000,253093000.0,28855000.0,16321000.0,92114000.0,32279000.0,-50094000.0,,109929000.0,390383000.0,-150414000.0,-120838000.0,,-271252000.0,,-31182000.0,36923000.0,-491788000.0,-372657000,2016-12-30,375.2999877929688,375.2999877929688,364.9200134277344,367.0899963378906,367.0899963378906,614800.0
2017-03-31,1318991000.0,-84168000.0,1234823000.0,-804281000.0,-296846000.0,-507435000.0,,430542000.0,1747000.0,-7501000.0,432289000,,432289000,-183358000.0,248931000,,248931000,248931000,1307084000.0,1339794000.0,466576000.0,3669263000.0,2277029000.0,967695000.0,903378000.0,4148102000.0,7817365000,1061777000.0,7200000.0,1308271000.0,700407000.0,1643073000.0,2951344000,3190992000.0,-316240000.0,1997153000.0,4866021000.0,7817365000,248931000.0,38115000.0,96757000.0,-27902000.0,-137928000.0,-69744000.0,,179770000.0,355901000.0,-50461000.0,-89682000.0,,-140143000.0,,44139000.0,16673000.0,60812000.0,276570000,2017-03-31,385.75,390.0,382.6000061035156,387.510009765625,387.510009765625,570300.0
2017-06-30,1470116000.0,-102921000.0,1367195000.0,-816883000.0,-306908000.0,-509975000.0,,550312000.0,-24462000.0,-5401000.0,525850000,,525850000,-138106000.0,387744000,,387744000,387744000,1267850000.0,1420403000.0,554320000.0,3860051000.0,2261702000.0,1064677000.0,919943000.0,4246322000.0,8106373000,716364000.0,0.0,1029017000.0,701173000.0,1556618000.0,2585635000,3449733000.0,-316240000.0,2384897000.0,5520738000.0,8106373000,387744000.0,35126000.0,138184000.0,-591624000.0,-94999000.0,-81800000.0,,-414825000.0,-30570000.0,-54849000.0,-115560000.0,,-170409000.0,,-7064000.0,172020000.0,133519000.0,-67460000,2017-06-30,507.4599914550781,508.0,490.8900146484375,491.1400146484375,491.1400146484375,1267500.0
2017-09-30,1500673000.0,-104232000.0,1396441000.0,-836515000.0,-306766000.0,-529749000.0,,559926000.0,5679000.0,-6182000.0,565605000,,565605000,-177288000.0,388317000,,388317000,388317000,1378944000.0,1532693000.0,641588000.0,4135742000.0,2274529000.0,1327303000.0,963641000.0,4565473000.0,8701215000,818426000.0,0.0,1138628000.0,702317000.0,1510994000.0,2649622000,3570784000.0,-316240000.0,2773214000.0,6051593000.0,8701215000,388317000.0,37719000.0,80977000.0,-92181000.0,-126902000.0,-84101000.0,,118822000.0,414832000.0,-59653000.0,-299231000.0,,-358884000.0,,0.0,38199000.0,-8196000.0,47752000,2017-09-29,435.2799987792969,450.2300109863281,435.2799987792969,447.1199951171875,447.1199951171875,909600.0
2017-12-31,1582420000.0,-105779000.0,1476641000.0,-937821000.0,-409880000.0,-527941000.0,,538820000.0,15936000.0,-6016000.0,554756000,,554756000,-381248000.0,173508000,,173508000,173508000,1409500000.0,1538600000.0,726100000.0,4335000000.0,2358600000.0,1486500000.0,584200000.0,4429300000.0,8764300000,178200000.0,,1135500000.0,703500000.0,1484700000.0,2620200000,3513000000.0,-316200000.0,2946700000.0,6144100000.0,8764300000,173508000.0,34540000.0,573682000.0,-214793000.0,-2871000.0,-78555000.0,,-133367000.0,566937000.0,-107637000.0,-228127000.0,,-335764000.0,,25000.0,13308000.0,-210535000.0,20638000,2017-12-29,381.8699951171875,382.6499938964844,375.0,375.9599914550781,375.9599914550781,624100.0
2018-03-31,1511485000.0,-114898000.0,1396587000.0,-829356000.0,-330770000.0,-498586000.0,,567231000.0,18167000.0,-6439000.0,585398000,,585398000,-107418000.0,477980000,,477980000,477980000,1624952000.0,1531936000.0,820397000.0,4544732000.0,2394727000.0,1821985000.0,611252000.0,4827964000.0,9372696000,207611000.0,,1265740000.0,704645000.0,1539312000.0,2805052000,3611711000.0,-316240000.0,3287767000.0,6567644000.0,9372696000,477980000.0,36358000.0,71863000.0,32542000.0,30408000.0,-88760000.0,,90894000.0,618743000.0,-79375000.0,-346037000.0,,-425412000.0,,0.0,13427000.0,13427000.0,206758000,2018-03-29,340.82000732421875,346.8699951171875,338.32000732421875,344.3599853515625,344.3599853515625,1032800.0
2018-06-30,1608022000.0,-91661000.0,1516361000.0,-894173000.0,-364884000.0,-529289000.0,,622188000.0,33886000.0,-6918000.0,656074000,,656074000,-104662000.0,551412000,,551412000,551412000,1683518000.0,1534324000.0,928553000.0,4814917000.0,2461614000.0,2044703000.0,630746000.0,5137063000.0,9951980000,171906000.0,,1331190000.0,705903000.0,1434364000.0,2765554000,3712711000.0,-353852000.0,3839179000.0,7186426000.0,9951980000,551412000.0,33642000.0,46887000.0,-237376000.0,-95315000.0,-93340000.0,,-48721000.0,394565000.0,-112017000.0,-372956000.0,,-484973000.0,,0.0,20646000.0,-11207000.0,-101615000,2018-06-29,343.6000061035156,349.239990234375,343.1499938964844,344.989990234375,344.989990234375,1205600.0
2018-09-30,1663496000.0,-110369000.0,1553127000.0,-926204000.0,-369232000.0,-556972000.0,,626923000.0,8938000.0,-7494000.0,635861000,,635861000,-41206000.0,594655000,,594655000,594655000,2192152000.0,1665737000.0,1039679000.0,5719583000.0,2524446000.0,1873569000.0,688015000.0,5086030000.0,10805613000,172361000.0,,1417230000.0,707203000.0,1520083000.0,2937313000,3841286000.0,-396371000.0,4433904000.0,7868300000.0,10805613000,594655000.0,35441000.0,65687000.0,-242822000.0,-163698000.0,-99524000.0,,20400000.0,452961000.0,-106246000.0,-170462000.0,,-276708000.0,,0.0,53335000.0,-6286000.0,169967000,2018-09-28,405.9200134277344,410.0,400.2699890136719,404.0400085449219,404.0400085449219,841600.0
2018-12-31,362597000.0,-100572000.0,262025000.0,456033000.0,-62314000.0,116047000.0,,718058000.0,-41891000.0,-7349000.0,676167000,,676167000,144186000.0,820353000,,820353000,820353000,2809900000.0,1723700000.0,1151200000.0,6447600000.0,2575800000.0,1755000000.0,956100000.0,5286900000.0,11734500000,218200000.0,,1442800000.0,708500000.0,1534400000.0,2977200000,3911700000.0,-396400000.0,5254300000.0,8757300000.0,11734500000,820353000.0,42759000.0,115063000.0,-249344000.0,-7795000.0,-106276000.0,,-135273000.0,728831000.0,-85462000.0,-180445000.0,,-275907000.0,,0.0,22692000.0,-73034000.0,379890000,2018-12-31,364.7300109863281,374.75,364.6400146484375,373.5,373.5,680200.0
2019-03-31,1711800000.0,-179200000.0,1532600000.0,-1052600000.0,-410800000.0,-641800000.0,,480000000.0,66100000.0,-7700000.0,546100000,,546100000,-85000000.0,461100000,,461100000,461100000,3232400000.0,1728400000.0,1208800000.0,6928600000.0,2612800000.0,2339800000.0,973600000.0,5926200000.0,12854800000,980700000.0,,1511400000.0,709900000.0,1898700000.0,3410100000,4161000000.0,-444200000.0,5725100000.0,9444700000.0,12854800000,461100000.0,51000000.0,73400000.0,311500000.0,-106100000.0,-58600000.0,,476200000.0,897000000.0,-74300000.0,-701800000.0,,-776100000.0,,,130600000.0,119900000.0,240800000,2019-03-29,406.739990234375,412.6000061035156,406.739990234375,410.6199951171875,410.6199951171875,492300.0
2019-06-30,1933700000.0,-152500000.0,1781200000.0,-1465600000.0,-417300000.0,-1048300000.0,,315600000.0,-90900000.0,-8000000.0,224700000,,224700000,-31600000.0,193100000,,193100000,193100000,2669700000.0,1920200000.0,1317200000.0,6651000000.0,2676600000.0,2884600000.0,961400000.0,6522600000.0,13173600000,1120700000.0,,1713100000.0,711300000.0,1704600000.0,3417700000,4263700000.0,-441800000.0,5918200000.0,9755900000.0,13173600000,193100000.0,52100000.0,125700000.0,-182600000.0,-150700000.0,-109600000.0,,77700000.0,188300000.0,-94600000.0,-741400000.0,,-836000000.0,,,14500000.0,-15300000.0,-663000000,2019-06-28,312.1199951171875,316.25,311.239990234375,313.0,313.0,1499000.0
2019-09-30,1743700000.0,-225500000.0,1518200000.0,-779700000.0,-304400000.0,-526000000.0,,738500000.0,30000000.0,-7800000.0,768500000,,768500000,-98900000.0,669600000,,669600000,669600000,2877900000.0,2027700000.0,1344300000.0,7109100000.0,2771400000.0,3112600000.0,946200000.0,6830200000.0,13939300000,1156700000.0,,1765400000.0,712700000.0,1669500000.0,3434900000,4388500000.0,-488400000.0,6587800000.0,10504400000.0,13939300000,669600000.0,52900000.0,134900000.0,-300100000.0,-207700000.0,-59000000.0,,-33400000.0,557300000.0,-121700000.0,-85300000.0,,-207000000.0,,,-11000000.0,-11000000.0,339300000,2019-09-30,275.29998779296875,280.04998779296875,272.01998901367193,277.39999389648443,277.39999389648443,515100.0
2019-12-31,1168400000.0,-207900000.0,960500000.0,-284800000.0,-209400000.0,-233900000.0,,675700000.0,214100000.0,-6700000.0,889800000,,889800000,-97800000.0,792000000,,792000000,792000000,3214300000.0,2525000000.0,1415500000.0,7689100000.0,2890400000.0,3256800000.0,968900000.0,7116100000.0,14805200000,1629500000.0,,2096600000.0,,1618900000.0,3715500000,4428700000.0,-739900000.0,7379800000.0,11089700000.0,14805200000,792000000.0,54300000.0,-29600000.0,-29300000.0,-59200000.0,-108300000.0,,138200000.0,787400000.0,-139000000.0,-69700000.0,,-208700000.0,,,-198200000.0,-345700000.0,233000000,2019-12-31,373.6400146484375,376.7099914550781,372.0400085449219,375.4800109863281,375.4800109863281,494600.0
2020-03-31,1828200000.0,-217300000.0,1610900000.0,-910800000.0,-367300000.0,-583900000.0,,700100000.0,-31500000.0,-6100000.0,668600000,,668600000,-44000000.0,624600000,,624600000,624600000,4003400000.0,2063100000.0,1480900000.0,8644100000.0,2944600000.0,3236400000.0,932400000.0,7113400000.0,15757500000,1491000000.0,,2055200000.0,450500000.0,1569300000.0,3624500000,5211500000.0,-1073800000.0,8004400000.0,12133000000.0,15757500000,624600000.0,56100000.0,198300000.0,-181000000.0,-169000000.0,-70800000.0,,58800000.0,698000000.0,-170100000.0,-273100000.0,,-443200000.0,,,490700000.0,335600000.0,590400000,2020-03-31,474.0,495.4800109863281,463.7999877929688,488.2900085449219,488.2900085449219,1953200.0
2020-06-30,1952000000.0,-275500000.0,1676500000.0,-1020100000.0,-348300000.0,-722000000.0,,656400000.0,262500000.0,-9700000.0,918900000,,918900000,-21600000.0,897300000,,897300000,897300000,3144200000.0,1991000000.0,1640900000.0,7860200000.0,3031400000.0,2587600000.0,949500000.0,6568500000.0,14428700000,1637100000.0,,3702400000.0,715900000.0,1668900000.0,5371300000,6263100000.0,-6142900000.0,8901700000.0,9057400000.0,14428700000,897300000.0,58800000.0,-46800000.0,34100000.0,121900000.0,-162600000.0,,74800000.0,943400000.0,-129900000.0,1583300000.0,,1453400000.0,,1500000000.0,-3696300000.0,-2612800000.0,-216000000,2020-06-30,621.9299926757812,626.0599975585938,611.1599731445312,623.6500244140625,623.6500244140625,754900.0
