Report Date,Revenue,Cost of Revenue,Gross Profit,Operating Expenses,"Selling, General & Administrative",Research & Development,Depreciation & Amortization,Operating Income (Loss),Non-Operating Income (Loss),"Interest Expense, Net","Pretax Income (Loss), Adj.",Abnormal Gains (Losses),Pretax Income (Loss),"Income Tax (Expense) Benefit, Net",Income (Loss) from Continuing Operations,Net Extraordinary Gains (Losses),Net Income,Net Income (Common),"Cash, Cash Equivalents & Short Term Investments",Accounts & Notes Receivable,Inventories,Total Current Assets,"Property, Plant & Equipment, Net",Long Term Investments & Receivables,Other Long Term Assets,Total Noncurrent Assets,Total Assets,Payables & Accruals,Short Term Debt,Total Current Liabilities,Long Term Debt,Total Noncurrent Liabilities,Total Liabilities,Share Capital & Additional Paid-In Capital,Treasury Stock,Retained Earnings,Total Equity,Total Liabilities & Equity,Net Income/Starting Line,Depreciation & Amortization,Non-Cash Items,Change in Working Capital,Change in Accounts Receivable,Change in Inventories,Change in Accounts Payable,Change in Other,Net Cash from Operating Activities,Change in Fixed Assets & Intangibles,Net Change in Long Term Investment,Net Cash from Acquisitions & Divestitures,Net Cash from Investing Activities,Dividends Paid,Cash from (Repayment of) Debt,Cash from (Repurchase of) Equity,Net Cash from Financing Activities,Net Change in Cash,Price Date,Open,High,Low,Close,Adj Close,Volume
2010-06-30,769090000.0,-479232000.0,289858000.0,-267471000.0,-267471000.0,,,22387000.0,,,22387000,,22387000,-10206000.0,12181000,,12181000,12181000,290044000.0,384642000.0,,897623000.0,108318000.0,,208329000.0,316647000.0,1214270000,357541000.0,118000.0,357659000.0,1719000.0,27790000.0,385449000,797917000.0,,0.0,828821000.0,1214270000,12181000.0,14033000.0,15063000.0,-4812000.0,,,,,36465000.0,-6136000.0,,,-6166000.0,-19042000.0,-28000.0,-65668000.0,-84450000.0,-59320000,2010-06-30,23.739999771118164,24.25,23.45000076293945,23.54999923706055,19.015666961669922,3452100.0
2010-09-30,817258000.0,-508118000.0,309140000.0,-271872000.0,-271872000.0,,,37268000.0,,,37268000,,37268000,-16645000.0,20623000,,20623000,20623000,311056000.0,427770000.0,,970675000.0,103779000.0,,209778000.0,313557000.0,1284232000,404600000.0,120000.0,404720000.0,1688000.0,29174000.0,433894000,802910000.0,,0.0,850338000.0,1284232000,20623000.0,13507000.0,9421000.0,6938000.0,,,,,50489000.0,-7637000.0,,,-8858000.0,-18978000.0,-29000.0,-10735000.0,-29534000.0,21012000,2010-09-30,25.559999465942386,26.5,25.559999465942386,26.0,21.11422538757324,2057900.0
2010-12-31,851572000.0,-524665000.0,326907000.0,-284164000.0,-284022000.0,,-142000.0,42743000.0,505000.0,505000.0,43248000,,43248000,-18458000.0,24790000,,24790000,24790000,315137000.0,423175000.0,,971860000.0,103651000.0,,198473000.0,302124000.0,1273984000,408337000.0,123000.0,408460000.0,1656000.0,31153000.0,439613000,787251000.0,,0.0,834371000.0,1273984000,24790000.0,13226000.0,32715000.0,3679000.0,,,,,74410000.0,-13039000.0,,-585000.0,-16436000.0,-18979000.0,-29000.0,-39994000.0,-54105000.0,4081000,2010-12-31,30.84000015258789,30.899999618530273,30.540000915527344,30.60000038146973,24.96933364868164,467000.0
2011-03-31,880869000.0,-542780000.0,338089000.0,-293725000.0,-293686000.0,,-39000.0,44364000.0,212000.0,212000.0,44576000,,44576000,-17871000.0,26705000,,26705000,26705000,281830000.0,466540000.0,,984641000.0,106097000.0,,199857000.0,305954000.0,1290595000,420315000.0,123000.0,420438000.0,1626000.0,30198000.0,450636000,785406000.0,,0.0,839959000.0,1290595000,26705000.0,12795000.0,5273000.0,-25821000.0,,,,,18952000.0,-14563000.0,,,-15578000.0,-20294000.0,-30000.0,-21306000.0,-41009000.0,-33307000,2011-03-31,30.040000915527344,30.75,29.979999542236328,30.60000038146973,25.07904815673828,2213900.0
2011-06-30,937966000.0,-565678000.0,372288000.0,-311242000.0,-311202000.0,,-40000.0,61046000.0,238000.0,238000.0,61284000,,61284000,-24859000.0,36425000,,36425000,36425000,261071000.0,495381000.0,,995110000.0,107300000.0,,199371000.0,306671000.0,1301781000,453109000.0,119000.0,453228000.0,1600000.0,31923000.0,485151000,758496000.0,,0.0,816630000.0,1301781000,36425000.0,12987000.0,14758000.0,4760000.0,,,,,68930000.0,-13812000.0,,,-15582000.0,-20013000.0,-30000.0,-56546000.0,-76266000.0,-20759000,2011-06-30,26.51000022888184,27.06999969482422,26.420000076293945,27.03000068664551,22.266023635864254,1745500.0
2011-09-30,984668000.0,-592765000.0,391903000.0,-319856000.0,-319817000.0,,-39000.0,72047000.0,148000.0,148000.0,72195000,,72195000,-28027000.0,44168000,,44168000,44168000,242726000.0,516047000.0,,1004992000.0,106424000.0,,197119000.0,303543000.0,1308535000,483283000.0,115000.0,483398000.0,1572000.0,33187000.0,516585000,748427000.0,,0.0,791950000.0,1308535000,44168000.0,12845000.0,13829000.0,944000.0,,,,,71786000.0,-13333000.0,,,-15360000.0,-19717000.0,-32000.0,-47260000.0,-66866000.0,-18345000,2011-09-30,21.559999465942386,21.57999992370605,21.01000022888184,21.21999931335449,17.592227935791016,2423300.0
2011-12-31,973473000.0,-586151000.0,387322000.0,-315514000.0,-315479000.0,,-35000.0,71808000.0,353000.0,353000.0,72161000,,72161000,-29537000.0,42624000,,42624000,42624000,279336000.0,493327000.0,,1006678000.0,107972000.0,,197186000.0,305158000.0,1311836000,472890000.0,111000.0,473001000.0,1545000.0,38330000.0,511331000,759618000.0,,0.0,800505000.0,1311836000,42624000.0,12788000.0,36664000.0,4572000.0,,,,,96648000.0,-14827000.0,,,-16882000.0,-20279000.0,1000.0,-24682000.0,-41836000.0,36610000,2011-12-30,28.270000457763672,28.6299991607666,28.059999465942386,28.459999084472656,23.72442054748535,787500.0
2012-03-31,1015444000.0,-613361000.0,402083000.0,-322053000.0,-322018000.0,,-35000.0,80030000.0,234000.0,234000.0,80264000,,80264000,-31930000.0,48334000,,48334000,48334000,244453000.0,523453000.0,,1006549000.0,104486000.0,,197602000.0,302088000.0,1308637000,454799000.0,112000.0,454911000.0,1516000.0,38046000.0,492957000,770721000.0,,0.0,815680000.0,1308637000,48334000.0,12281000.0,7215000.0,-44616000.0,,,,,23214000.0,-10372000.0,,,-11850000.0,-21016000.0,-32000.0,-30313000.0,-48923000.0,-34883000,2012-03-30,30.36000061035156,30.440000534057614,29.979999542236328,30.29999923706055,25.388416290283203,846000.0
2012-06-30,1028383000.0,-613080000.0,415303000.0,-343316000.0,-343264000.0,,-52000.0,71987000.0,285000.0,285000.0,72272000,,72272000,-26943000.0,45329000,,45329000,45329000,258578000.0,531848000.0,,1040664000.0,105504000.0,,198231000.0,303735000.0,1344399000,496203000.0,114000.0,496317000.0,1487000.0,38722000.0,535039000,770853000.0,,0.0,809360000.0,1344399000,45329000.0,12086000.0,766000.0,33891000.0,,,,,92072000.0,-13839000.0,,-1484000.0,-17441000.0,-20858000.0,-23000.0,-35676000.0,-56100000.0,14125000,2012-06-29,28.1299991607666,28.56999969482422,27.90999984741211,28.56999969482422,24.06409072875977,796100.0
2012-09-30,1033173000.0,-617924000.0,415249000.0,-321130000.0,-321030000.0,,-100000.0,94119000.0,348000.0,348000.0,94467000,,94467000,-36807000.0,57660000,,57660000,57660000,289428000.0,556590000.0,,1104824000.0,105184000.0,,196699000.0,301883000.0,1406707000,532525000.0,117000.0,532642000.0,1458000.0,38193000.0,570835000,784468000.0,,8685000.0,835872000.0,1406707000,57660000.0,12143000.0,7919000.0,-1754000.0,,,,,75968000.0,-11605000.0,,-41000.0,-13802000.0,-20817000.0,-21000.0,-13636000.0,-34265000.0,30850000,2012-09-28,26.56999969482422,26.82999992370605,26.270000457763672,26.6299991607666,22.547740936279297,1141900.0
2012-12-31,1034213000.0,-617788000.0,416425000.0,-319513000.0,-319302000.0,,-211000.0,96912000.0,330000.0,330000.0,97242000,,97242000,-38623000.0,58619000,,58619000,58619000,287635000.0,512852000.0,,1064685000.0,107680000.0,,208906000.0,316586000.0,1381271000,501520000.0,117000.0,501637000.0,1428000.0,37623000.0,539260000,798232000.0,,0.0,842011000.0,1381271000,58619000.0,12214000.0,9229000.0,17861000.0,,,,,97923000.0,-14240000.0,,-12868000.0,-29933000.0,-21438000.0,-31000.0,-54230000.0,-70328000.0,-1793000,2012-12-31,31.399999618530273,31.84000015258789,31.149999618530273,31.81999969482422,27.092708587646484,1642000.0
2013-03-31,1023684000.0,-613394000.0,410290000.0,-321218000.0,-320785000.0,,-433000.0,89072000.0,304000.0,304000.0,89376000,,89376000,-33513000.0,55863000,,55863000,55863000,225351000.0,547500000.0,,1076401000.0,103374000.0,,207970000.0,311344000.0,1387745000,497270000.0,1811000.0,499081000.0,1397000.0,34140000.0,533221000,816516000.0,,0.0,854524000.0,1387745000,55863000.0,12180000.0,5741000.0,-45899000.0,,,,,27885000.0,-8082000.0,,,-37751000.0,-22021000.0,-2643000.0,-25735000.0,-49407000.0,-62284000,2013-03-28,37.13000106811523,37.59000015258789,36.91999816894531,37.52999877929688,32.099231719970696,959200.0
2013-06-30,1063228000.0,-631120000.0,432108000.0,-331748000.0,-331314000.0,,-434000.0,100360000.0,236000.0,236000.0,100596000,,100596000,-37507000.0,63089000,,63089000,63089000,246971000.0,557311000.0,,1119099000.0,101942000.0,,207283000.0,309225000.0,1428324000,534773000.0,122000.0,534895000.0,1365000.0,31678000.0,566573000,829174000.0,,59000.0,861751000.0,1428324000,63089000.0,12013000.0,732000.0,26216000.0,,,,,102050000.0,-11022000.0,,,-14429000.0,-21865000.0,-1745000.0,-38250000.0,-61572000.0,21620000,2013-06-28,32.939998626708984,33.540000915527344,32.720001220703125,33.22999954223633,28.54917335510254,1345200.0
2013-09-30,1075119000.0,-637641000.0,437478000.0,-333998000.0,-333565000.0,,-433000.0,103480000.0,233000.0,233000.0,103713000,,103713000,-37355000.0,66358000,,66358000,66358000,279747000.0,566077000.0,,1166214000.0,102801000.0,,205689000.0,308490000.0,1474704000,551803000.0,125000.0,551928000.0,1333000.0,23992000.0,575920000,847856000.0,,11635000.0,898784000.0,1474704000,66358000.0,12102000.0,3155000.0,-493000.0,,,,,81122000.0,-13013000.0,,,-18416000.0,-21726000.0,-42000.0,-12902000.0,-34386000.0,32776000,2013-09-30,38.540000915527344,39.099998474121094,38.40999984741211,39.02999877929688,33.67741012573242,788800.0
2013-12-31,1083864000.0,-640648000.0,443216000.0,-339551000.0,-339151000.0,,-400000.0,103665000.0,229000.0,229000.0,103894000,,103894000,-37009000.0,66885000,,66885000,66885000,275764000.0,551905000.0,,1172528000.0,112644000.0,,205099000.0,317743000.0,1490271000,535725000.0,128000.0,535853000.0,1300000.0,34775000.0,570628000,868257000.0,,13315000.0,919643000.0,1490271000,66885000.0,12477000.0,15344000.0,3454000.0,,,,,98160000.0,-21608000.0,,0.0,-27181000.0,-23575000.0,-66000.0,-57803000.0,-74905000.0,-3983000,2013-12-31,42.04999923706055,42.33000183105469,41.849998474121094,41.9900016784668,36.386322021484375,453300.0
2014-03-31,1084342000.0,-645847000.0,438495000.0,-336719000.0,-336386000.0,,-333000.0,101776000.0,238000.0,238000.0,102014000,,102014000,-40463000.0,61551000,,61551000,61551000,267737000.0,587249000.0,,1187317000.0,111587000.0,,204427000.0,316014000.0,1503331000,537415000.0,131000.0,537546000.0,1266000.0,33639000.0,571185000,886833000.0,,6837000.0,932146000.0,1503331000,61551000.0,12533000.0,14233000.0,-29092000.0,,,,,59225000.0,-12443000.0,,,-17726000.0,-24394000.0,-31000.0,-26349000.0,-50067000.0,-8027000,2014-03-31,41.63999938964844,42.09000015258789,41.41999816894531,41.95000076293945,36.51469802856445,782500.0
2014-06-30,1164914000.0,-686470000.0,478444000.0,-355015000.0,-354791000.0,,-224000.0,123429000.0,224000.0,224000.0,123653000,,123653000,-48513000.0,75140000,,75140000,75140000,307778000.0,617200000.0,,1273919000.0,109918000.0,,204608000.0,314526000.0,1588445000,580756000.0,134000.0,580890000.0,1231000.0,31994000.0,612884000,899768000.0,,35436000.0,975561000.0,1588445000,75140000.0,12087000.0,5193000.0,12494000.0,,,,,104914000.0,-10642000.0,,,-15165000.0,-24260000.0,-32000.0,-28181000.0,-51922000.0,40041000,2014-06-30,47.72999954223633,48.0,47.08000183105469,47.7400016784668,41.72521591186523,939000.0
2014-09-30,1224308000.0,-719088000.0,505220000.0,-366967000.0,-366967000.0,,0.0,138253000.0,108000.0,108000.0,138361000,,138361000,-53177000.0,85184000,,85184000,85184000,290876000.0,657105000.0,,1314505000.0,109708000.0,,202800000.0,312508000.0,1627013000,623768000.0,137000.0,623905000.0,1196000.0,30525000.0,654430000,913114000.0,,34393000.0,972583000.0,1627013000,85184000.0,12107000.0,4453000.0,-8063000.0,,,,,93681000.0,-13122000.0,,,-21536000.0,-24098000.0,-32000.0,-57463000.0,-81207000.0,-16902000,2014-09-30,49.22999954223633,49.45000076293945,48.9900016784668,49.0,42.98114013671875,509900.0
2014-12-31,1221450000.0,-720693000.0,500757000.0,-367590000.0,-367590000.0,,0.0,133167000.0,154000.0,154000.0,133321000,,133321000,-49268000.0,84053000,,84053000,84053000,287119000.0,657676000.0,,1323283000.0,121754000.0,,202230000.0,323984000.0,1647267000,623222000.0,140000.0,623362000.0,1159000.0,44047000.0,667409000,928292000.0,,36836000.0,979858000.0,1647267000,84053000.0,12954000.0,15950000.0,-30079000.0,,,,,82878000.0,-26623000.0,,0.0,-34214000.0,-24852000.0,-33000.0,-27504000.0,-46859000.0,-3757000,2014-12-31,58.84000015258789,58.93999862670898,58.27000045776367,58.38000106811523,51.3717041015625,612000.0
2015-03-31,1205563000.0,-711476000.0,494087000.0,-365985000.0,-365985000.0,,0.0,128102000.0,72000.0,72000.0,128174000,,128174000,-50252000.0,77922000,,77922000,77922000,260885000.0,661251000.0,,1316289000.0,120348000.0,,200649000.0,320997000.0,1637286000,607562000.0,143000.0,607705000.0,1123000.0,44958000.0,652663000,942496000.0,,47359000.0,984623000.0,1637286000,77922000.0,13006000.0,15177000.0,-21625000.0,,,,,84480000.0,-13346000.0,,,-20801000.0,-27375000.0,-34000.0,-58083000.0,-81236000.0,-26234000,2015-03-31,60.40999984741211,60.63000106811523,60.09000015258789,60.52000045776367,53.42909240722656,856900.0
2015-06-30,1272058000.0,-741556000.0,530502000.0,-381355000.0,-381355000.0,,0.0,149147000.0,88000.0,88000.0,149235000,,149235000,-59529000.0,89706000,,89706000,89706000,313131000.0,687029000.0,,1397434000.0,124649000.0,,201117000.0,325766000.0,1723200000,663653000.0,146000.0,663799000.0,1085000.0,44726000.0,708525000,953936000.0,,59588000.0,1014675000.0,1723200000,89706000.0,13562000.0,2826000.0,35821000.0,,,,,141915000.0,-16177000.0,,0.0,-21735000.0,-26506000.0,-35000.0,-44803000.0,-70969000.0,52246000,2015-06-30,55.93999862670898,56.06999969482422,55.33000183105469,55.5,49.16633987426758,907600.0
2015-09-30,1312718000.0,-762917000.0,549801000.0,-390735000.0,-390735000.0,,0.0,159066000.0,240000.0,240000.0,159306000,,159306000,-62581000.0,96725000,,96725000,96725000,251818000.0,731574000.0,,1383372000.0,129229000.0,,202671000.0,331900000.0,1715272000,664019000.0,150000.0,664169000.0,1046000.0,44627000.0,708796000,964974000.0,,47729000.0,1006476000.0,1715272000,96725000.0,12919000.0,8076000.0,-23874000.0,,,,,93846000.0,-18753000.0,,0.0,-25318000.0,-26288000.0,-35000.0,-96812000.0,-123121000.0,-61313000,2015-09-30,50.45000076293945,51.25,50.38000106811523,51.15999984741211,45.48452377319336,998400.0
2015-12-31,1304594000.0,-764513000.0,540081000.0,-395916000.0,-395724000.0,,-192000.0,144165000.0,150000.0,150000.0,144315000,,144315000,-50872000.0,93443000,,93443000,93443000,224577000.0,704640000.0,,1197997000.0,142906000.0,,330141000.0,473047000.0,1671044000,655396000.0,153000.0,655549000.0,1007000.0,11714000.0,667263000,979608000.0,,34467000.0,1003781000.0,1671044000,93443000.0,13978000.0,9877000.0,697000.0,,,,,117995000.0,-26781000.0,,-14668000.0,-50096000.0,-27392000.0,-36000.0,-69911000.0,-93222000.0,-27241000,2015-12-31,47.40999984741211,47.84000015258789,47.11999893188477,47.13999938964844,42.07516479492188,655200.0
2016-03-31,1302625000.0,-770653000.0,531972000.0,-398362000.0,-398074000.0,,-288000.0,133610000.0,181000.0,181000.0,133791000,,133791000,-50375000.0,83416000,,83416000,83416000,214119000.0,734378000.0,,1380201000.0,147934000.0,,216729000.0,364663000.0,1744864000,655161000.0,156000.0,655317000.0,966000.0,44594000.0,699911000,989556000.0,,57705000.0,1044953000.0,1744864000,83416000.0,15411000.0,10344000.0,-30685000.0,,,,,78486000.0,-18810000.0,,,-24167000.0,-28748000.0,-38000.0,-40122000.0,-68513000.0,-10458000,2016-03-31,45.79999923706055,46.75,45.79999923706055,46.58000183105469,41.81010437011719,1108400.0
2016-06-30,1344160000.0,-787167000.0,556993000.0,-407810000.0,-407496000.0,,-314000.0,149183000.0,231000.0,231000.0,149414000,,149414000,-57798000.0,91616000,,91616000,91616000,238714000.0,732193000.0,,1408112000.0,157170000.0,,217726000.0,374896000.0,1783008000,668019000.0,160000.0,668179000.0,925000.0,45321000.0,713500000,1001090000.0,,74919000.0,1069508000.0,1783008000,91616000.0,15901000.0,12090000.0,9101000.0,,,,,128708000.0,-24930000.0,,-1400000.0,-32224000.0,-29147000.0,-37000.0,-41344000.0,-70121000.0,24595000,2016-06-30,36.72999954223633,38.16999816894531,36.599998474121094,38.15999984741211,34.44324111938477,1757700.0
2016-09-30,1338541000.0,-786032000.0,552509000.0,-406468000.0,-406142000.0,,-326000.0,146041000.0,283000.0,283000.0,146324000,,146324000,-55755000.0,90569000,,90569000,90569000,292451000.0,742824000.0,,1493573000.0,161215000.0,,217193000.0,378408000.0,1871981000,729513000.0,163000.0,729676000.0,883000.0,47375000.0,777051000,1011836000.0,,90333000.0,1094930000.0,1871981000,90569000.0,16387000.0,4343000.0,41927000.0,,,,,153226000.0,-19540000.0,,-500000.0,-26624000.0,-28067000.0,-39000.0,-44637000.0,-72733000.0,53737000,2016-09-30,36.97999954223633,38.04999923706055,36.91999816894531,37.86000061035156,34.36880874633789,1533100.0
2016-12-31,1265073000.0,-745871000.0,519202000.0,-394814000.0,-394505000.0,,-309000.0,124388000.0,193000.0,193000.0,124581000,,124581000,-46793000.0,77788000,,77788000,77788000,260201000.0,703228000.0,,1284234000.0,161509000.0,,332228000.0,493737000.0,1777971000,679729000.0,167000.0,679896000.0,840000.0,11476000.0,691372000,1022539000.0,,84562000.0,1086599000.0,1777971000,77788000.0,16616000.0,21424000.0,-34167000.0,,,,,81661000.0,-19676000.0,,-300000.0,-29220000.0,-28202000.0,-40000.0,-49705000.0,-76937000.0,-32250000,2016-12-30,49.11000061035156,49.11000061035156,48.540000915527344,48.77999877929688,44.501651763916016,603500.0
2017-03-31,1287370000.0,-761542000.0,525828000.0,-400550000.0,-400249000.0,,-301000.0,125278000.0,223000.0,223000.0,125501000,,125501000,-46980000.0,78521000,,78521000,78521000,260143000.0,700419000.0,,1295922000.0,157782000.0,,321506000.0,479288000.0,1775210000,682429000.0,171000.0,682600000.0,795000.0,11667000.0,694267000,1032394000.0,,64187000.0,1080943000.0,1775210000,78521000.0,16200000.0,22110000.0,6669000.0,,,,,123500000.0,-10335000.0,,,-15274000.0,-30597000.0,-41000.0,-80687000.0,-111325000.0,-58000,2017-03-31,48.56999969482422,48.93999862670898,48.56999969482422,48.83000183105469,44.76835250854492,705200.0
2017-06-30,1308428000.0,-769990000.0,538438000.0,-408086000.0,-407721000.0,,-365000.0,130352000.0,355000.0,355000.0,130707000,,130707000,-50391000.0,80316000,,80316000,80316000,297798000.0,708493000.0,,1347106000.0,153563000.0,,335469000.0,489032000.0,1836138000,719268000.0,175000.0,719443000.0,750000.0,12311000.0,731754000,1043263000.0,,66627000.0,1104384000.0,1836138000,80316000.0,16311000.0,2056000.0,35877000.0,,,,,134560000.0,-10851000.0,,-1643000.0,-22800000.0,-30851000.0,-41000.0,-48556000.0,-79448000.0,37655000,2017-06-30,47.93000030517578,48.22000122070313,47.70000076293945,47.93000030517578,44.17109298706055,728900.0
2017-09-30,1324709000.0,-778309000.0,546400000.0,-414660000.0,-414179000.0,,-481000.0,131740000.0,530000.0,530000.0,132270000,,132270000,-47570000.0,84700000,,84700000,84700000,348336000.0,737901000.0,,1437323000.0,146607000.0,,348922000.0,495529000.0,1932852000,778169000.0,179000.0,778348000.0,704000.0,14686000.0,793034000,1053698000.0,,84416000.0,1139818000.0,1932852000,84700000.0,16552000.0,-985000.0,30136000.0,,,,,130403000.0,-7354000.0,,-56000.0,-16002000.0,-29630000.0,-42000.0,-38099000.0,-67771000.0,50538000,2017-09-29,50.40999984741211,50.72000122070313,50.040000915527344,50.34000015258789,46.64611434936523,997500.0
2017-12-31,1346282000.0,-793136000.0,553146000.0,-424799000.0,-424383000.0,,-416000.0,128347000.0,691000.0,691000.0,129038000,,129038000,-81991000.0,47047000,,47047000,47047000,294753000.0,732405000.0,,1431869000.0,144887000.0,,290698000.0,435585000.0,1867454000,747713000.0,183000.0,747896000.0,657000.0,14293000.0,762189000,1064725000.0,,37033000.0,1105265000.0,1867454000,47047000.0,16430000.0,71123000.0,-70072000.0,,,,,64528000.0,-12213000.0,,539000.0,-24421000.0,-29922000.0,-43000.0,-64382000.0,-94347000.0,-53583000,2017-12-29,56.22000122070313,56.349998474121094,55.52000045776367,55.540000915527344,51.68965148925781,526900.0
2018-03-31,1395333000.0,-822967000.0,572366000.0,-438462000.0,-437999000.0,,-463000.0,133904000.0,735000.0,735000.0,134639000,,134639000,-38472000.0,96167000,,96167000,96167000,291987000.0,784889000.0,,1468456000.0,136837000.0,,288567000.0,425404000.0,1893860000,764253000.0,187000.0,764440000.0,608000.0,14623000.0,779063000,1075280000.0,,30502000.0,1114797000.0,1893860000,96167000.0,16716000.0,14029000.0,-10694000.0,,,,,116218000.0,-7965000.0,,,-18550000.0,-34919000.0,-44000.0,-68489000.0,-103452000.0,-2766000,2018-03-29,57.27999877929688,58.45000076293945,57.25,57.88999938964844,54.14004135131836,1063000.0
2018-06-30,1457054000.0,-849936000.0,607118000.0,-458049000.0,-457607000.0,,-442000.0,149069000.0,1006000.0,1006000.0,150075000,,150075000,-40760000.0,109315000,,109315000,109315000,308656000.0,801875000.0,,1504129000.0,130010000.0,,299444000.0,429454000.0,1933583000,808685000.0,191000.0,808876000.0,559000.0,15209000.0,824085000,1086667000.0,,29240000.0,1109498000.0,1933583000,109315000.0,16592000.0,1678000.0,20161000.0,,,,,147746000.0,-9296000.0,,0.0,-18538000.0,-34066000.0,-46000.0,-69513000.0,-103625000.0,16669000,2018-06-29,65.15000152587889,65.83000183105469,64.84999847412111,65.09999847412111,61.15100860595703,1359800.0
2018-09-30,1466226000.0,-855758000.0,610468000.0,-459759000.0,-459330000.0,,-429000.0,150709000.0,1196000.0,1196000.0,151905000,,151905000,-36663000.0,115242000,,115242000,115242000,361740000.0,834347000.0,,1612400000.0,125175000.0,,297332000.0,422507000.0,2034907000,896085000.0,195000.0,896280000.0,509000.0,19385000.0,915665000,1097721000.0,,31313000.0,1119242000.0,2034907000,115242000.0,16370000.0,17076000.0,36625000.0,,,,,185313000.0,-9925000.0,,0.0,-18082000.0,-33711000.0,-46000.0,-78399000.0,-112156000.0,53084000,2018-09-28,69.58000183105469,70.83999633789062,69.5,70.37999725341797,66.35042572021484,1505300.0
2018-12-31,1481658000.0,-860598000.0,621060000.0,-456036000.0,-455665000.0,,-371000.0,165024000.0,-10041000.0,1445000.0,154983000,,154983000,-41419000.0,113564000,,113564000,113564000,276579000.0,794446000.0,,1473610000.0,125176000.0,,304311000.0,429487000.0,1903097000,819336000.0,200000.0,819536000.0,457000.0,20363000.0,839899000,1079307000.0,,0.0,1063198000.0,1903097000,113564000.0,16271000.0,30542000.0,-37332000.0,,,,,123045000.0,-15298000.0,,0.0,-33339000.0,-33727000.0,-47000.0,-137108000.0,-170882000.0,-85161000,2018-12-31,56.65999984741211,57.45000076293945,56.2400016784668,57.20000076293945,54.18271255493164,679300.0
2019-03-31,1468530000.0,-860942000.0,607588000.0,-461701000.0,-461359000.0,,-342000.0,145887000.0,1496000.0,1496000.0,147383000,,147383000,-37585000.0,109798000,,109798000,109798000,269645000.0,826366000.0,,1532017000.0,125522000.0,,547068000.0,672590000.0,2204607000,829461000.0,204000.0,900730000.0,404000.0,226848000.0,1127578000,1090550000.0,,4485000.0,1077029000.0,2204607000,109798000.0,15994000.0,19305000.0,-18018000.0,,,,,127079000.0,-12670000.0,,,-23080000.0,-37887000.0,-49000.0,-72343000.0,-110279000.0,-6934000,2019-03-29,64.94999694824219,65.48999786376953,64.73999786376953,65.16000366210939,62.0080680847168,982800.0
2019-06-30,1516385000.0,-878844000.0,637541000.0,-478480000.0,-478139000.0,,-341000.0,159061000.0,1042000.0,1042000.0,160103000,,160103000,-45491000.0,114612000,,114612000,114612000,269440000.0,842294000.0,,1564919000.0,127988000.0,,546512000.0,674500000.0,2239419000,839126000.0,209000.0,909510000.0,350000.0,220682000.0,1130192000,1102219000.0,,22868000.0,1109227000.0,2239419000,114612000.0,16429000.0,5129000.0,-15422000.0,,,,,120748000.0,-15955000.0,,,-24649000.0,-36073000.0,-49000.0,-61274000.0,-97396000.0,-205000,2019-06-28,56.7400016784668,57.36999893188477,56.4000015258789,57.0099983215332,54.55133819580078,1515400.0
2019-09-30,1552132000.0,-905854000.0,646278000.0,-485176000.0,-484837000.0,,-339000.0,161102000.0,2680000.0,1230000.0,163782000,,163782000,-46601000.0,117181000,,117181000,117181000,312741000.0,852843000.0,,1631183000.0,126220000.0,,554167000.0,680387000.0,2311570000,906373000.0,214000.0,977440000.0,295000.0,222300000.0,1199740000,1114106000.0,,23595000.0,1111830000.0,2311570000,117181000.0,17084000.0,-22189000.0,79103000.0,,,,,191179000.0,-16513000.0,,,-25800000.0,-35742000.0,-50000.0,-80430000.0,-116222000.0,43301000,2019-09-30,54.9000015258789,56.0099983215332,54.77999877929688,55.65999984741211,53.56024551391602,867700.0
2019-12-31,1537385000.0,-903663000.0,633722000.0,-534299000.0,-533960000.0,,-339000.0,99423000.0,54824000.0,1357000.0,154247000,,154247000,-41405000.0,112842000,,112842000,112842000,270478000.0,832797000.0,,1628849000.0,128385000.0,,554174000.0,682559000.0,2311408000,447868000.0,218000.0,940692000.0,239000.0,227033000.0,1167725000,1127602000.0,,36067000.0,1143683000.0,2311408000,112842000.0,16118000.0,5582000.0,-53919000.0,,,,,80623000.0,-14326000.0,,,-28609000.0,-35929000.0,-52000.0,-63488000.0,-99469000.0,-42263000,2019-12-31,62.59000015258789,63.43000030517578,62.59000015258789,63.1500015258789,61.09428405761719,713100.0
2020-03-31,1506691000.0,-892303000.0,614388000.0,-443206000.0,-442868000.0,,-338000.0,171182000.0,-39419000.0,957000.0,131763000,,131763000,-41848000.0,89915000,,89915000,89915000,249914000.0,853529000.0,,1606655000.0,126602000.0,,541595000.0,668197000.0,2274852000,841832000.0,223000.0,913354000.0,181000.0,231573000.0,1144927000,1141126000.0,,22485000.0,1129925000.0,2274852000,89915000.0,16251000.0,74306000.0,-55546000.0,,,,,124926000.0,-14276000.0,,,-28350000.0,-40476000.0,-53000.0,-69968000.0,-110497000.0,-20564000,2020-03-31,39.77000045776367,40.47000122070313,37.04999923706055,37.75,36.73205184936523,1874800.0
2020-06-30,1108326000.0,-691791000.0,416535000.0,-407543000.0,-407213000.0,,-330000.0,8992000.0,49032000.0,105000.0,58024000,,58024000,-11828000.0,46196000,,46196000,46196000,501485000.0,665409000.0,,1720148000.0,120958000.0,,561271000.0,682229000.0,2402377000,901843000.0,228000.0,977167000.0,122000.0,268504000.0,1245671000,1154161000.0,,29697000.0,1156706000.0,2402377000,46196000.0,15926000.0,-44844000.0,283738000.0,,,,,301016000.0,-7988000.0,,,-14665000.0,-38440000.0,-54000.0,-9000.0,-38503000.0,251571000,2020-06-30,51.56999969482422,53.040000915527344,51.56999969482422,52.83000183105469,51.76832580566406,1193900.0
