Report Date,Revenue,Cost of Revenue,Gross Profit,Operating Expenses,"Selling, General & Administrative",Research & Development,Depreciation & Amortization,Operating Income (Loss),Non-Operating Income (Loss),"Interest Expense, Net","Pretax Income (Loss), Adj.",Abnormal Gains (Losses),Pretax Income (Loss),"Income Tax (Expense) Benefit, Net",Income (Loss) from Continuing Operations,Net Extraordinary Gains (Losses),Net Income,Net Income (Common),"Cash, Cash Equivalents & Short Term Investments",Accounts & Notes Receivable,Inventories,Total Current Assets,"Property, Plant & Equipment, Net",Long Term Investments & Receivables,Other Long Term Assets,Total Noncurrent Assets,Total Assets,Payables & Accruals,Short Term Debt,Total Current Liabilities,Long Term Debt,Total Noncurrent Liabilities,Total Liabilities,Share Capital & Additional Paid-In Capital,Treasury Stock,Retained Earnings,Total Equity,Total Liabilities & Equity,Net Income/Starting Line,Depreciation & Amortization,Non-Cash Items,Change in Working Capital,Change in Accounts Receivable,Change in Inventories,Change in Accounts Payable,Change in Other,Net Cash from Operating Activities,Change in Fixed Assets & Intangibles,Net Change in Long Term Investment,Net Cash from Acquisitions & Divestitures,Net Cash from Investing Activities,Dividends Paid,Cash from (Repayment of) Debt,Cash from (Repurchase of) Equity,Net Cash from Financing Activities,Net Change in Cash,Price Date,Open,High,Low,Close,Adj Close,Volume
2009-06-30,2403900000.0,-1043400000.0,1360500000.0,-1134600000.0,-931700000.0,,-133700000.0,225900000.0,39700000.0,-8600000.0,265600000,-51600000.0,214000000,-65800000.0,148200000,,151500000,151500000,297600000.0,295200000.0,703600000.0,1717700000.0,2594200000.0,68100000.0,953100000.0,3615400000.0,5333100000,852900000.0,400000.0,1557900000.0,549400000.0,957200000.0,2515100000,127000000.0,,2643200000.0,2818000000.0,5333100000,148200000.0,141000000.0,34200000.0,-22100000.0,,,,,301300000.0,-65200000.0,5000000.0,0.0,-55700000.0,0.0,-226200000.0,9500000.0,-216300000.0,38800000,2009-06-30,7.204999923706055,7.2849998474121085,6.894999980926514,6.945000171661378,5.73500919342041,43132800.0
2009-09-30,2422200000.0,-1041200000.0,1381000000.0,-1171900000.0,-980700000.0,,-132600000.0,209100000.0,56300000.0,-8600000.0,265400000,-53200000.0,212200000,-58700000.0,153500000,,150000000,150000000,621300000.0,271000000.0,664900000.0,2035800000.0,2536400000.0,71200000.0,933400000.0,3541000000.0,5576800000,910200000.0,,1581000000.0,549300000.0,938900000.0,2519900000,187100000.0,,2793200000.0,3056900000.0,5576800000,153500000.0,140100000.0,9600000.0,69100000.0,,,,,372300000.0,-101000000.0,-122200000.0,0.0,-110800000.0,0.0,-200000.0,30700000.0,39300000.0,307800000,2009-09-30,10.1850004196167,10.364999771118164,9.859999656677246,10.324999809265137,8.526132583618164,28316400.0
2009-12-31,2722700000.0,-1145700000.0,1577000000.0,-1235500000.0,-1033000000.0,,-130600000.0,341500000.0,46300000.0,-8200000.0,387800000,-18300000.0,369500000,-126000000.0,243500000,,241500000,241500000,1308800000.0,263400000.0,544900000.0,2583900000.0,2482700000.0,78000000.0,957000000.0,3517700000.0,6101600000,864000000.0,200000.0,1779200000.0,549300000.0,958300000.0,2737500000,258500000.0,,3034600000.0,3364100000.0,6101600000,243500000.0,138200000.0,56800000.0,330200000.0,,,,,768700000.0,-99700000.0,-9600000.0,-10600000.0,-100000000.0,0.0,-6500000.0,38100000.0,39800000.0,706500000,2009-12-31,11.670000076293945,11.739999771118164,11.529999732971193,11.529999732971193,9.521187782287598,7526400.0
2010-03-31,2534700000.0,-1064100000.0,1470600000.0,-1157300000.0,-967000000.0,,-128500000.0,313300000.0,31100000.0,-8000000.0,344400000,-7900000.0,336500000,-118700000.0,217800000,,217300000,217300000,1244300000.0,299700000.0,488700000.0,2490400000.0,2414600000.0,270000000.0,969700000.0,3654300000.0,6144700000,994100000.0,,1646600000.0,549300000.0,943400000.0,2590000000,316000000.0,,3177100000.0,3554700000.0,6144700000,217800000.0,134300000.0,14500000.0,-177500000.0,,,,,189100000.0,-84800000.0,-350200000.0,0.0,-429800000.0,0.0,0.0,24600000.0,29300000.0,-220300000,2010-03-31,12.210000038146973,12.270000457763672,12.100000381469727,12.135000228881836,10.02078342437744,15088600.0
2010-06-30,2612000000.0,-1076200000.0,1535800000.0,-1224000000.0,-1021600000.0,,-125200000.0,311800000.0,27000000.0,-7900000.0,338800000,-20400000.0,318400000,-109900000.0,208500000,,207900000,207900000,1349100000.0,282500000.0,496600000.0,2610900000.0,2361500000.0,263900000.0,970600000.0,3596000000.0,6206900000,1077700000.0,,1726600000.0,549400000.0,945700000.0,2672300000,202200000.0,,3288300000.0,3534600000.0,6206900000,208500000.0,132000000.0,32100000.0,45000000.0,,,,,417600000.0,-96600000.0,-99300000.0,0.0,-160200000.0,-74800000.0,0.0,-141200000.0,-209400000.0,39200000,2010-06-30,12.539999961853027,12.654999732971193,12.135000228881836,12.149999618530273,10.074732780456543,33930000.0
2010-09-30,2838000000.0,-1130500000.0,1707500000.0,-1349800000.0,-1154900000.0,,-126100000.0,357700000.0,61300000.0,-8600000.0,419000000,-6400000.0,412600000,-134100000.0,278500000,,278900000,278900000,1400500000.0,302700000.0,543300000.0,2756400000.0,2416500000.0,191800000.0,1021200000.0,3629500000.0,6385900000,1118600000.0,,1779100000.0,549400000.0,924500000.0,2703600000,146300000.0,,3471200000.0,3682300000.0,6385900000,278500000.0,136300000.0,3400000.0,-88700000.0,,,,,329500000.0,-159600000.0,120000000.0,-1400000.0,-99500000.0,-96200000.0,6500000.0,-74300000.0,-205700000.0,38800000,2010-09-30,12.96500015258789,13.050000190734865,12.6899995803833,12.774999618530273,10.648688316345217,16740600.0
2010-12-31,2950800000.0,-1192300000.0,1758500000.0,-1291100000.0,-1073200000.0,,-127800000.0,467400000.0,41000000.0,-7900000.0,508400000,,508400000,-160800000.0,347600000,,346600000,346600000,1996500000.0,316100000.0,620500000.0,3400400000.0,2393600000.0,130600000.0,1006500000.0,3530700000.0,6931100000,1081100000.0,,1956400000.0,549400000.0,914400000.0,2870800000,269000000.0,,3720100000.0,4060300000.0,6931100000,347600000.0,135300000.0,96200000.0,94500000.0,,,,,673600000.0,-128900000.0,92800000.0,0.0,-36800000.0,-96900000.0,,50500000.0,-9900000.0,628000000,2010-12-31,16.204999923706055,16.239999771118164,15.975000381469727,16.065000534057614,13.447869300842285,6346200.0
2011-03-31,2785700000.0,-1171200000.0,1614500000.0,-1276700000.0,-1048800000.0,,-129000000.0,337800000.0,51100000.0,-7100000.0,388900000,,388900000,-126500000.0,262400000,,261600000,261600000,1870000000.0,355700000.0,772400000.0,3540300000.0,2378500000.0,93500000.0,1015300000.0,3487300000.0,7027600000,1097800000.0,,1794200000.0,549400000.0,906200000.0,2700400000,349500000.0,,3883700000.0,4327200000.0,7027600000,262300000.0,136300000.0,37800000.0,-440500000.0,,,,,-4100000.0,-110200000.0,16800000.0,0.0,-102300000.0,-97400000.0,,15400000.0,-51400000.0,-146800000,2011-03-31,18.31999969482422,18.51000022888184,18.25,18.475000381469727,15.527214050292967,12757800.0
2011-06-30,2932200000.0,-1237500000.0,1694700000.0,-1336800000.0,-1107300000.0,,-129500000.0,357900000.0,51800000.0,-8500000.0,409700000,,409700000,-129900000.0,279800000,,279100000,279100000,1894400000.0,361500000.0,856700000.0,3587000000.0,2384800000.0,89600000.0,1036400000.0,3510800000.0,7097800000,1141000000.0,,1859400000.0,549400000.0,896900000.0,2756300000,175700000.0,,4065700000.0,4341500000.0,7097800000,280000000.0,136600000.0,22500000.0,18100000.0,,,,,457200000.0,-133300000.0,54400000.0,0.0,-77900000.0,-97800000.0,,-200400000.0,-306100000.0,75600000,2011-06-30,19.84499931335449,19.895000457763672,19.709999084472656,19.7450008392334,16.653844833374027,11001200.0
2011-09-30,3031700000.0,-1314500000.0,1717200000.0,-1355700000.0,-1114900000.0,,-137000000.0,361500000.0,112400000.0,-9800000.0,473900000,30200000.0,504100000,-145900000.0,358200000,,358400000,358400000,2050700000.0,386500000.0,965800000.0,3794900000.0,2355000000.0,107000000.0,1103500000.0,3565500000.0,7360400000,1480900000.0,,2075800000.0,549500000.0,897300000.0,2973100000,41200000.0,,4297400000.0,4387300000.0,7360400000,358100000.0,141800000.0,9900000.0,-24100000.0,,,,,485700000.0,-42100000.0,-700000000.0,-55800000.0,-802500000.0,-97400000.0,30800000.0,-171000000.0,-240600000.0,-572700000,2011-09-30,18.81999969482422,19.165000915527344,18.600000381469727,18.645000457763672,15.78192138671875,17043200.0
2011-12-31,3435900000.0,-1496100000.0,1939800000.0,-1428700000.0,-1187200000.0,,-134800000.0,511100000.0,59500000.0,-8600000.0,570600000,,570600000,-188400000.0,382200000,,382100000,382100000,2273200000.0,431000000.0,1124000000.0,4237100000.0,2347300000.0,146100000.0,1105100000.0,3598500000.0,7835600000,1329000000.0,,2158800000.0,549500000.0,901500000.0,3060300000,179500000.0,,4551200000.0,4775300000.0,7835600000,382200000.0,143600000.0,60300000.0,-119800000.0,,,,,466300000.0,-153500000.0,158700000.0,-29700000.0,-19700000.0,-126800000.0,,78000000.0,-26600000.0,421500000,2011-12-30,23.239999771118164,23.2450008392334,23.0049991607666,23.0049991607666,19.548568725585934,5366600.0
2012-03-31,3195900000.0,-1411900000.0,1784000000.0,-1405800000.0,-1163400000.0,,-137100000.0,378200000.0,78700000.0,-8800000.0,456900000,,456900000,-146800000.0,310100000,,309900000,309900000,2234300000.0,437400000.0,1205000000.0,4351500000.0,2382500000.0,145900000.0,1126600000.0,3655000000.0,8006500000,1284600000.0,,1971400000.0,549600000.0,898400000.0,2869800000,360100000.0,,4732100000.0,5136700000.0,8006500000,310100000.0,144300000.0,41300000.0,-386400000.0,,,,,109300000.0,-160300000.0,-92700000.0,0.0,-267300000.0,-128200000.0,0.0,84400000.0,14700000.0,-137400000,2012-03-30,28.10000038146973,28.125,27.8700008392334,27.94499969482422,23.830188751220703,8967400.0
2012-06-30,3303600000.0,-1446100000.0,1857500000.0,-1417600000.0,-1175000000.0,,-136700000.0,439900000.0,52500000.0,-8900000.0,492400000,,492400000,-159100000.0,333300000,,333100000,333100000,2497600000.0,433000000.0,1249200000.0,4569600000.0,2444200000.0,140100000.0,1155000000.0,3739300000.0,8308900000,1337800000.0,,2018200000.0,549600000.0,902700000.0,2920900000,451700000.0,,4935800000.0,5388000000.0,8308900000,333400000.0,139800000.0,19100000.0,59000000.0,,,,,551300000.0,-202700000.0,-191700000.0,0.0,-397200000.0,-129000000.0,0.0,33200000.0,-76600000.0,69100000,2012-06-29,26.59499931335449,26.70499992370605,26.415000915527344,26.65999984741211,22.80417823791504,16983200.0
2012-09-30,3341400000.0,-1459200000.0,1882200000.0,-1424700000.0,-1193700000.0,,-141700000.0,457500000.0,81700000.0,-6400000.0,539200000,0.0,539200000,-180100000.0,359100000,,358700000,358700000,2037000000.0,485900000.0,1241500000.0,4199600000.0,2658900000.0,116000000.0,1244700000.0,4019600000.0,8219200000,1531900000.0,,2209800000.0,549600000.0,894900000.0,3104700000,40100000.0,,5046200000.0,5114500000.0,8219200000,359000000.0,152900000.0,-101500000.0,213000000.0,,,,,623400000.0,-339700000.0,-1622900000.0,-99400000.0,-289800000.0,-129000000.0,-30800000.0,-508100000.0,-657000000.0,-312700000,2012-09-28,25.28000068664551,25.479999542236328,24.94499969482422,25.354999542236328,21.7722110748291,16058600.0
2012-12-31,3793200000.0,-1620700000.0,2172500000.0,-1596400000.0,-1321400000.0,,-148900000.0,576100000.0,45000000.0,-6600000.0,621100000,0.0,621100000,-188700000.0,432400000,,432200000,432200000,2459700000.0,469200000.0,1093200000.0,4416000000.0,2711100000.0,80000000.0,1283000000.0,4074100000.0,8490100000,1436300000.0,,2390900000.0,549600000.0,924200000.0,3315100000,40100000.0,,5117300000.0,5175000000.0,8490100000,432400000.0,156800000.0,47100000.0,431000000.0,,,,,1067300000.0,-244500000.0,276300000.0,,28700000.0,-156100000.0,0.0,-326500000.0,-434000000.0,663500000,2012-12-31,26.20499992370605,26.834999084472656,26.19499969482422,26.815000534057614,23.121713638305664,9247000.0
2013-03-31,3549600000.0,-1530400000.0,2019200000.0,-1527600000.0,-1268700000.0,,-153100000.0,491600000.0,97200000.0,-6100000.0,588800000,0.0,588800000,-198100000.0,390700000,,390400000,390400000,1697700000.0,520000000.0,1124500000.0,3810200000.0,2845300000.0,44400000.0,1802900000.0,4692600000.0,8502800000,1431100000.0,,2269700000.0,549600000.0,905600000.0,3175300000,40100000.0,,5298600000.0,5327500000.0,8502800000,390700000.0,161300000.0,-23000000.0,-223800000.0,,,,,305200000.0,-240400000.0,173700000.0,-568800000.0,-641700000.0,-157400000.0,-35200000.0,-120600000.0,-284500000.0,-628900000,2013-03-28,28.46500015258789,28.6299991607666,28.43000030517578,28.47500038146973,24.64535140991211,7620400.0
2013-06-30,3735300000.0,-1597600000.0,2137700000.0,-1585900000.0,-1333700000.0,,-153300000.0,551800000.0,60600000.0,-6300000.0,612400000,0.0,612400000,-194600000.0,417800000,,417800000,417800000,2044300000.0,506800000.0,1173800000.0,4239700000.0,2987100000.0,45500000.0,1790100000.0,4822700000.0,9062400000,1564900000.0,,2424400000.0,549700000.0,890400000.0,3314800000,168500000.0,,5558500000.0,5747600000.0,9062400000,417800000.0,161200000.0,25900000.0,60400000.0,,,,,665300000.0,-297300000.0,-142600000.0,-8100000.0,-385400000.0,-157400000.0,0.0,58500000.0,-65300000.0,207600000,2013-06-28,32.755001068115234,33.125,32.700000762939446,32.755001068115234,28.445335388183594,10836600.0
2013-09-30,3788700000.0,-1633600000.0,2155100000.0,-1567300000.0,-1300200000.0,,-166100000.0,587800000.0,144100000.0,-9100000.0,731900000,-2784100000.0,-2052200000,820100000.0,-1232100000,,-1232100000,-1232100000,3233800000.0,561400000.0,1111200000.0,5471400000.0,3200500000.0,58300000.0,2786500000.0,6045300000.0,11516700000,4545100000.0,,5377300000.0,1299400000.0,1657100000.0,7034400000,282900000.0,,4130300000.0,4482300000.0,11516700000,-1232100000.0,176300000.0,1459100000.0,467200000.0,,,,,870500000.0,-369000000.0,-1033100000.0,74500000.0,-412800000.0,-158000000.0,749700000.0,47700000.0,675600000.0,1144900000,2013-09-30,38.25,38.540000915527344,38.025001525878906,38.48500061035156,33.516571044921875,8861200.0
2013-12-31,4239600000.0,-1795100000.0,2444500000.0,-1702300000.0,-1417700000.0,,-169700000.0,742200000.0,56400000.0,-14500000.0,798600000,20200000.0,818800000,-278100000.0,540700000,,540700000,540700000,1702800000.0,589800000.0,943300000.0,3759400000.0,3233000000.0,480000000.0,2782800000.0,6495800000.0,10255200000,1753400000.0,,2953000000.0,2047900000.0,2412700000.0,5365700000,344500000.0,,4474200000.0,4889500000.0,10255200000,540700000.0,180100000.0,-2754700000.0,632000000.0,,,,,-1401900000.0,-256100000.0,-92100000.0,0.0,-193300000.0,-195900000.0,748500000.0,23100000.0,568900000.0,-1029900000,2013-12-31,39.21500015258789,39.38999938964844,39.00500106811523,39.19499969482422,34.24485015869141,6016200.0
2014-03-31,3873800000.0,-1629200000.0,2244600000.0,-1660400000.0,-1375100000.0,,-174400000.0,584200000.0,61000000.0,-16700000.0,645200000,0.0,645200000,-218300000.0,426900000,,427000000,427000000,1489500000.0,590000000.0,954700000.0,3579000000.0,3278100000.0,449800000.0,2790100000.0,6518000000.0,10097000000,1732700000.0,,2733500000.0,2048000000.0,2416400000.0,5149900000,175400000.0,,4705400000.0,4947100000.0,10097000000,426900000.0,184100000.0,21800000.0,-214400000.0,,,,,418400000.0,-247500000.0,-308500000.0,0.0,-355700000.0,-196400000.0,0.0,-223700000.0,-411500000.0,-355500000,2014-03-31,36.95000076293945,37.20000076293945,36.584999084472656,36.68999862670898,32.17751693725586,7721800.0
2014-06-30,4153700000.0,-1711500000.0,2442200000.0,-1746600000.0,-1445900000.0,,-180100000.0,695600000.0,75900000.0,-16400000.0,771500000,0.0,771500000,-259000000.0,512500000,,512600000,512600000,1196300000.0,580900000.0,1025800000.0,3356900000.0,3373700000.0,832700000.0,2822000000.0,7028400000.0,10385300000,1850500000.0,,2883900000.0,2048100000.0,2430600000.0,5314500000,40200000.0,,4957700000.0,5070800000.0,10385300000,512600000.0,189800000.0,38300000.0,109400000.0,,,,,850100000.0,-307600000.0,-312200000.0,0.0,-573900000.0,-195500000.0,0.0,-277000000.0,-453100000.0,-170900000,2014-06-30,39.04999923706055,39.09500122070313,38.540000915527344,38.68999862670898,34.056396484375,9610000.0
2014-09-30,4180700000.0,-1723000000.0,2457700000.0,-1687100000.0,-1390800000.0,,-185400000.0,770600000.0,153600000.0,-16500000.0,924200000,0.0,924200000,-336600000.0,587600000,,587800000,587800000,1843800000.0,631000000.0,1090900000.0,4168700000.0,3519000000.0,318400000.0,2746800000.0,6584200000.0,10752900000,2048100000.0,,3038700000.0,2048300000.0,2440500000.0,5479200000,40100000.0,,5206600000.0,5273700000.0,10752900000,587500000.0,194400000.0,-67800000.0,27100000.0,,,,,741200000.0,-349700000.0,515100000.0,103900000.0,305200000.0,-195300000.0,0.0,-141300000.0,-327600000.0,689000000,2014-09-30,37.77999877929688,37.92499923706055,37.5099983215332,37.72999954223633,33.32311248779297,7799600.0
2014-12-31,4803200000.0,-1991200000.0,2812000000.0,-1949300000.0,-1613900000.0,,-206000000.0,862700000.0,46200000.0,-16300000.0,908900000,390600000.0,1299500000,-315000000.0,984500000,,983100000,983100000,1953100000.0,664900000.0,1018300000.0,4546100000.0,3822300000.0,307500000.0,3675200000.0,7805000000.0,12351100000,2109400000.0,,3557500000.0,2048400000.0,2635800000.0,6193300000,40200000.0,,5832200000.0,6157800000.0,12351100000,984500000.0,216300000.0,-283300000.0,507700000.0,,,,,1425200000.0,-291800000.0,44400000.0,-284300000.0,-522500000.0,-239500000.0,,-150900000.0,-668300000.0,148600000,2014-12-31,41.09500122070313,41.665000915527344,41.0,41.025001525878906,36.38291931152344,7625400.0
2015-03-31,4563500000.0,-1859800000.0,2703700000.0,-1981100000.0,-1630500000.0,,-217100000.0,722600000.0,39300000.0,-16900000.0,761900000,0.0,761900000,-266300000.0,495600000,,494900000,494900000,1849800000.0,655600000.0,1061100000.0,4245400000.0,3897700000.0,325100000.0,3722500000.0,7945300000.0,12190700000,2287200000.0,,3521200000.0,2048500000.0,2658800000.0,6180000000,42600000.0,,6083000000.0,6010700000.0,12190700000,495900000.0,227900000.0,-12400000.0,-135700000.0,,,,,575700000.0,-314800000.0,-21100000.0,0.0,-350300000.0,-240100000.0,0.0,-84400000.0,-307100000.0,-106600000,2015-03-31,47.834999084472656,48.099998474121094,47.34500122070313,47.349998474121094,42.14551544189453,8717800.0
2015-06-30,4881200000.0,-1953900000.0,2927300000.0,-2049000000.0,-1680900000.0,,-236500000.0,878300000.0,66700000.0,-19100000.0,945000000,0.0,945000000,-318500000.0,626500000,,626700000,626700000,2175200000.0,672700000.0,1166000000.0,4760700000.0,3977700000.0,390100000.0,3740300000.0,8108100000.0,12868800000,2260100000.0,549800000.0,4049200000.0,2347400000.0,2961300000.0,7010500000,42600000.0,,5945000000.0,5858300000.0,12868800000,626400000.0,249100000.0,10300000.0,-107500000.0,,,,,778300000.0,-336900000.0,-70000000.0,0.0,-419600000.0,-240100000.0,848500000.0,-538900000.0,-21400000.0,330100000,2015-06-30,54.1500015258789,54.29999923706055,53.13999938964844,53.61999893188477,47.87817764282226,9794000.0
2015-09-30,4914800000.0,-1982600000.0,2932200000.0,-2044700000.0,-1682500000.0,,-234300000.0,887500000.0,70200000.0,-18200000.0,957700000,-61100000.0,896600000,-243900000.0,652700000,,652700000,652700000,1611400000.0,719000000.0,1306400000.0,3971000000.0,4088300000.0,312500000.0,4044500000.0,8445300000.0,12416300000,2439500000.0,0.0,3648100000.0,2347500000.0,2948400000.0,6596500000,42600000.0,,5974800000.0,5819800000.0,12416300000,652500000.0,240500000.0,62600000.0,14300000.0,,,,,969900000.0,-360200000.0,79900000.0,8900000.0,-227900000.0,-208900000.0,-610100000.0,-470100000.0,-1259700000.0,-550400000,2015-09-30,56.4000015258789,56.9000015258789,55.61000061035156,56.84000015258789,50.89331436157226,9799600.0
2015-12-31,5373500000.0,-2186200000.0,3187300000.0,-2193400000.0,-1811700000.0,,-235500000.0,993900000.0,55700000.0,-16500000.0,1049600000,,1049600000,-361900000.0,687700000,,687600000,687600000,2379900000.0,764400000.0,1242600000.0,4727700000.0,4122500000.0,366900000.0,3726400000.0,8215800000.0,12943500000,2334000000.0,399800000.0,4420100000.0,1947900000.0,2540000000.0,6960100000,42600000.0,,6164000000.0,5983400000.0,12943500000,687700000.0,247300000.0,255000000.0,446000000.0,,,,,1636000000.0,-331800000.0,-60300000.0,30200000.0,-360100000.0,-297000000.0,0.0,-197400000.0,-528700000.0,733400000,2015-12-31,60.6500015258789,60.81000137329102,60.02000045776367,60.02999877929688,53.9235954284668,4960900.0
2016-03-31,4993200000.0,-2010300000.0,2982900000.0,-2184300000.0,-1796900000.0,,-247800000.0,798600000.0,61800000.0,-18300000.0,860400000,,860400000,-285400000.0,575000000,,575100000,575100000,1417600000.0,743700000.0,1293100000.0,3883500000.0,4246900000.0,605000000.0,3784000000.0,8635900000.0,12519400000,2358400000.0,548900000.0,4351200000.0,2447600000.0,3071800000.0,7423000000,42600000.0,,5241200000.0,5096400000.0,12519400000,574900000.0,262000000.0,54700000.0,-342100000.0,,,,,549500000.0,-336400000.0,-271000000.0,0.0,-592700000.0,-294800000.0,648800000.0,-1307500000.0,-934300000.0,-969100000,2016-03-31,59.77000045776367,60.209999084472656,59.68000030517578,59.70000076293945,53.80242919921875,5622800.0
2016-06-30,5238000000.0,-2060300000.0,3177700000.0,-2237900000.0,-1852800000.0,,-247600000.0,939800000.0,133600000.0,-21800000.0,1073400000,0.0,1073400000,-318900000.0,754500000,,754100000,754100000,2316300000.0,747300000.0,1325100000.0,4856200000.0,4359200000.0,819500000.0,3798300000.0,8977000000.0,13833200000,2390200000.0,399800000.0,4245200000.0,3202400000.0,3864000000.0,8109200000,148400000.0,,5702000000.0,5724000000.0,13833200000,754600000.0,258900000.0,66500000.0,1400000.0,,,,,1081400000.0,-361500000.0,-281800000.0,39400000.0,-605300000.0,-293000000.0,605700000.0,35400000.0,368900000.0,847400000,2016-06-30,56.81000137329102,57.18999862670898,56.52000045776367,57.11999893188477,51.65741348266602,10215200.0
2016-09-30,5711200000.0,-2252200000.0,3459000000.0,-2337600000.0,-2011800000.0,,-249900000.0,1121400000.0,88400000.0,-24700000.0,1209800000,5400000.0,1215200000,-413500000.0,801700000,,800900000,800900000,2263200000.0,768800000.0,1378500000.0,4757900000.0,4533800000.0,1141700000.0,3879100000.0,9554600000.0,14312500000,2729700000.0,399900000.0,4546800000.0,3185300000.0,3875000000.0,8421800000,42600000.0,,5949800000.0,5890700000.0,14312500000,801700000.0,261900000.0,119700000.0,247700000.0,,,,,1431000000.0,-410600000.0,-291900000.0,0.0,-664800000.0,-293200000.0,0.0,-365400000.0,-778700000.0,-13000000,2016-09-30,53.6500015258789,54.38999938964844,53.56000137329102,54.13999938964844,49.13290786743164,13767800.0
2016-12-31,5732900000.0,-2295000000.0,3437900000.0,-2389700000.0,-1994600000.0,,-249700000.0,1048200000.0,84700000.0,-23800000.0,1132900000,0.0,1132900000,-381400000.0,751500000,,751800000,751800000,2175400000.0,865100000.0,1218700000.0,4616200000.0,4478500000.0,1278300000.0,3644300000.0,9401100000.0,14017300000,2607400000.0,0.0,4397300000.0,3185700000.0,3816900000.0,8214200000,42600000.0,,5996300000.0,5803100000.0,14017300000,751500000.0,263200000.0,94500000.0,420600000.0,,,,,1529800000.0,-307400000.0,-173800000.0,0.0,-401500000.0,-364000000.0,-400000000.0,-356900000.0,-1189100000.0,-94200000,2016-12-30,56.27999877929688,56.45000076293945,55.4000015258789,55.52000045776367,50.6186752319336,8344500.0
2017-03-31,5294000000.0,-2141200000.0,3152800000.0,-2301500000.0,-1913200000.0,,-253600000.0,851300000.0,119500000.0,-22900000.0,970800000,9600000.0,980400000,-327600000.0,652800000,,652800000,652800000,2394900000.0,791000000.0,1323600000.0,4919400000.0,4564500000.0,1070100000.0,3673900000.0,9308500000.0,14227900000,2417500000.0,25000000.0,4000100000.0,3942500000.0,4616400000.0,8616500000,42500000.0,,5768900000.0,5611400000.0,14227900000,653100000.0,266600000.0,16900000.0,-474700000.0,,,,,461900000.0,-330500000.0,158700000.0,0.0,-163800000.0,-363800000.0,775200000.0,-591700000.0,-181500000.0,129300000,2017-03-31,58.11000061035156,58.65999984741211,58.06000137329102,58.38999938964844,53.47519302368164,9156700.0
2017-06-30,5661500000.0,-2249100000.0,3412400000.0,-2349000000.0,-1953900000.0,,-252600000.0,1063400000.0,109200000.0,-23500000.0,1172600000,-120200000.0,1052400000,-361100000.0,691300000,,691600000,691600000,3006100000.0,791100000.0,1357300000.0,5509300000.0,4699800000.0,708300000.0,3605300000.0,9013400000.0,14522700000,2472800000.0,0.0,4026500000.0,3935500000.0,4646700000.0,8673200000,42500000.0,,5986000000.0,5849500000.0,14522700000,690900000.0,266600000.0,141300000.0,68500000.0,,,,,1167300000.0,-387400000.0,254300000.0,0.0,-104200000.0,-362000000.0,-25000000.0,-134000000.0,-521600000.0,552300000,2017-06-30,58.68000030517578,58.95000076293945,58.290000915527344,58.31000137329102,53.62191009521485,8117100.0
2017-09-30,5698400000.0,-2349000000.0,3349400000.0,-2415500000.0,-2082300000.0,,-255500000.0,933900000.0,167300000.0,-22300000.0,1101200000,50600000.0,1151800000,-362500000.0,789300000,,788500000,788500000,2690900000.0,870400000.0,1364000000.0,5283400000.0,4919500000.0,542300000.0,3620400000.0,9082200000.0,14365600000,2717000000.0,0.0,4220700000.0,3932600000.0,4687900000.0,8908600000,42500000.0,,5563200000.0,5457000000.0,14365600000,789400000.0,270700000.0,-42600000.0,75300000.0,,,,,1092800000.0,-494100000.0,140900000.0,85400000.0,-180500000.0,-360600000.0,0.0,-809100000.0,-1186900000.0,-253900000,2017-09-29,54.31000137329102,54.47000122070313,53.36000061035156,53.709999084472656,49.614707946777344,11944400.0
2017-12-31,6073700000.0,-2502900000.0,3570800000.0,-2516500000.0,-2116100000.0,,-258800000.0,1054300000.0,151700000.0,-25900000.0,1206000000,1799900000.0,3005900000,-755800000.0,2250100000,,2250200000,2250200000,3768000000.0,851800000.0,1313200000.0,6883500000.0,5378700000.0,363500000.0,5892800000.0,11635000000.0,18518500000,4613200000.0,349900000.0,6841100000.0,4566500000.0,5918500000.0,12759600000,42500000.0,,5834900000.0,5758900000.0,18518500000,2250100000.0,272400000.0,-1002900000.0,314400000.0,,,,,1834000000.0,-429300000.0,280900000.0,397100000.0,395000000.0,-428100000.0,998300000.0,-1546700000.0,-1039700000.0,1199100000,2017-12-29,57.7400016784668,57.97000122070313,57.41999816894531,57.43000030517578,53.33210754394531,5365600.0
2018-03-31,6031800000.0,-2516000000.0,3515800000.0,-2661300000.0,-2195400000.0,,-331600000.0,854500000.0,53100000.0,-35100000.0,907600000,-92000000.0,815600000,-155800000.0,659800000,,660100000,660100000,2242500000.0,869600000.0,1375900000.0,5657000000.0,5576800000.0,293100000.0,6026600000.0,11896500000.0,17553500000,3131300000.0,349700000.0,5187000000.0,6185100000.0,7648800000.0,12835800000,42500000.0,,4635800000.0,4717700000.0,17553500000,659800000.0,345200000.0,48500000.0,-599000000.0,,,,,454500000.0,-467400000.0,55800000.0,-1100200000.0,-1633900000.0,-419800000.0,1598200000.0,-1539100000.0,-372800000.0,-1519400000,2018-03-29,57.2599983215332,58.13999938964844,56.83000183105469,57.88999938964844,54.05087661743164,12015200.0
2018-06-30,6310300000.0,-2554900000.0,3755400000.0,-2771700000.0,-2293700000.0,,-330000000.0,983700000.0,57500000.0,-45400000.0,1041200000,-14400000.0,1026800000,-174800000.0,852000000,,852500000,852500000,1976600000.0,854800000.0,1387400000.0,5583400000.0,5689600000.0,261400000.0,5647700000.0,11598700000.0,17182100000,3241800000.0,649800000.0,5551600000.0,6149100000.0,7633800000.0,13185400000,42500000.0,,4150900000.0,3996700000.0,17182100000,852000000.0,343900000.0,90100000.0,-70100000.0,,,,,1215900000.0,-511100000.0,35000000.0,0.0,-457800000.0,-412300000.0,300000000.0,-844200000.0,-955200000.0,-249900000,2018-06-29,48.08000183105469,49.2599983215332,48.08000183105469,48.849998474121094,45.84888458251953,17413000.0
2018-09-30,6303700000.0,-356900000.0,5946800000.0,-5032800000.0,-4575200000.0,,-326600000.0,914000000.0,60000000.0,-63900000.0,974000000,-42300000.0,931700000,-175600000.0,756100000,,755500000,755500000,8937800000.0,693100000.0,1400500000.0,12494200000.0,5929100000.0,267700000.0,5465400000.0,11662200000.0,24156400000,3477700000.0,349900000.0,5684200000.0,9090200000.0,17296400000.0,22980600000,42400000.0,,1457400000.0,1175800000.0,24156400000,756100000.0,344400000.0,64500000.0,7268399999.0,,,,,8433399999.0,-568600000.0,-104600000.0,0.0,-664800000.0,-483200000.0,2687600000.0,-3049600000.0,-875100000.0,6864199999,2018-09-28,57.38999938964844,57.38999938964844,56.77999877929688,56.84000015258789,53.71942520141602,8975900.0
2018-12-31,6632700000.0,-2758700000.0,3874000000.0,-2882900000.0,-2456300000.0,,-333400000.0,991100000.0,17600000.0,-75000000.0,1008700000,-43200000.0,965500000,-205100000.0,760400000,,760600000,760600000,4991800000.0,721400000.0,1354600000.0,7676300000.0,6039300000.0,265000000.0,6000700000.0,12305000000.0,19981300000,3664500000.0,0.0,5427500000.0,9130700000.0,17432600000.0,22860100000,42300000.0,,-2584000000.0,-2878800000.0,19981300000,760400000.0,350800000.0,-242500000.0,1510300000.0,,,,,2379000000.0,-431400000.0,-76600000.0,0.0,-510400000.0,-446700000.0,-350000000.0,-5006300000.0,-5858600000.0,-3994700000,2018-12-31,63.77000045776367,64.61000061035156,63.65999984741211,64.40000152587889,61.19116973876953,7689800.0
2019-03-31,6305900000.0,-2603800000.0,3702100000.0,-2863700000.0,-2425200000.0,,-356200000.0,838400000.0,3600000.0,-73900000.0,842000000,-22000000.0,820000000,-161200000.0,658800000,,663200000,663200000,2131700000.0,703600000.0,1443000000.0,4952300000.0,6135500000.0,251900000.0,6302200000.0,12689600000.0,17641900000,3666000000.0,75000000.0,5273400000.0,9141500000.0,17403700000.0,22677100000,42300000.0,,-4807700000.0,-5035200000.0,17641900000,658600000.0,372700000.0,-219300000.0,-421600000.0,,,,,390400000.0,-414200000.0,144700000.0,48500000.0,-200600000.0,-447800000.0,75000000.0,-2545900000.0,-2919300000.0,-2706500000,2019-03-29,74.01000213623047,74.4800033569336,73.52999877929688,74.33999633789062,71.00453186035156,9099500.0
2019-06-30,6823000000.0,-2808600000.0,4014400000.0,-2931400000.0,-2498700000.0,,-343100000.0,1083000000.0,29800000.0,-86400000.0,1112800000,564100000.0,1676900000,-303700000.0,1373200000,,1372800000,1372800000,4835400000.0,790600000.0,1517200000.0,7734800000.0,6187800000.0,222600000.0,6749200000.0,13159600000.0,20894400000,4384100000.0,0.0,5895800000.0,11159100000.0,19317600000.0,25213400000,42300000.0,,-4013900000.0,-4319000000.0,20894400000,1373200000.0,360100000.0,-1026700000.0,462800000.0,,,,,1169400000.0,-435100000.0,37300000.0,635700000.0,204500000.0,-436200000.0,1921000000.0,-62200000.0,1355100000.0,2708200000,2019-06-28,83.55999755859375,83.95999908447266,83.31999969482422,83.83000183105469,80.440185546875,6735300.0
2019-09-30,6747000000.0,-355800000.0,6391200000.0,-5388000000.0,-4937500000.0,,-344600000.0,1003200000.0,12500000.0,-95700000.0,1015700000,-11900000.0,1003800000,-201600000.0,802200000,,802600000,802600000,2757100000.0,879200000.0,1529400000.0,5653900000.0,6431700000.0,220000000.0,6914000000.0,13565700000.0,19219600000,2943400000.0,1291700000.0,6168700000.0,11167000000.0,19281900000.0,25450600000,42300000.0,,-5771200000.0,-6231000000.0,19219600000,802400000.0,365700000.0,-157100000.0,97200000.0,,,,,1108200000.0,-525900000.0,2500000.0,100000.0,-504300000.0,-430600000.0,0.0,-2198100000.0,-2634100000.0,-2076700000,2019-09-30,88.41000366210938,88.55999755859375,87.61000061035156,88.41999816894531,85.1661605834961,6588300.0
2019-12-31,7097100000.0,-2236400000.0,4860700000.0,-3708500000.0,-3255700000.0,,-351000000.0,1152200000.0,-2100000.0,-91900000.0,1150100000,-6300000.0,1143800000,-258500000.0,885300000,,885700000,885700000,3108900000.0,908100000.0,1408700000.0,5899700000.0,6390900000.0,199800000.0,15240900000.0,21831600000.0,27731300000,2723400000.0,2410600000.0,8675500000.0,10653200000.0,25814900000.0,34490400000,42300000.0,,-6414800000.0,-6759100000.0,27731300000,885300000.0,369200000.0,402100000.0,179500000.0,,,,,1836100000.0,-394300000.0,26600000.0,,-386300000.0,-484200000.0,497900000.0,-1058300000.0,-1123000000.0,353900000,2019-12-31,87.44000244140625,87.98999786376953,87.30999755859375,87.91999816894531,85.10787963867188,4115600.0
2020-03-31,5995700000.0,-1997700000.0,3998000000.0,-3579200000.0,-3127900000.0,,-356300000.0,418800000.0,-29300000.0,-99200000.0,389500000,700000.0,390200000,-65400000.0,324800000,,328400000,328400000,2625200000.0,941000000.0,1492200000.0,5749900000.0,6387000000.0,198800000.0,15143200000.0,21729000000.0,27478900000,2536700000.0,2443200000.0,8265800000.0,11658700000.0,26746000000.0,35011800000,42300000.0,,-7050600000.0,-7532900000.0,27478900000,324800000.0,377700000.0,438000000.0,-2501800000.0,,,,,-1361300000.0,-364000000.0,6300001.0,,-361599999.0,-481000000.0,2348900000.0,-575200000.0,1273100000.0,-468199999,2020-03-31,67.18000030517578,68.31999969482422,65.30999755859375,65.73999786376953,63.93389892578125,20109800.0
2020-06-30,4222100000.0,-1484000000.0,2738100000.0,-3432300000.0,-2937700000.0,,-361000000.0,-694200000.0,-39700000.0,-120800000.0,-733900000,-78100000.0,-812000000,133900000.0,-678100000,,-678400000,-678400000,4195800000.0,881100000.0,1583800000.0,7581000000.0,6295600000.0,223400000.0,15040600000.0,21559600000.0,29140600000,2372500000.0,2277000000.0,8002000000.0,14645600000.0,29762900000.0,37764900000,116600000.0,,-8208300000.0,-8624300000.0,29140600000,-678100000.0,377100000.0,441900000.0,-508600000.0,,,,,-367700000.0,-380100000.0,-186800001.0,,-583800001.0,-479000000.0,2817300000.0,33500000.0,2342900000.0,1393599999,2020-06-30,73.58000183105469,73.87999725341797,72.80999755859375,73.58999633789062,71.97268676757812,11324000.0
