Report Date,Revenue,Cost of Revenue,Gross Profit,Operating Expenses,"Selling, General & Administrative",Research & Development,Depreciation & Amortization,Operating Income (Loss),Non-Operating Income (Loss),"Interest Expense, Net","Pretax Income (Loss), Adj.",Abnormal Gains (Losses),Pretax Income (Loss),"Income Tax (Expense) Benefit, Net",Income (Loss) from Continuing Operations,Net Extraordinary Gains (Losses),Net Income,Net Income (Common),"Cash, Cash Equivalents & Short Term Investments",Accounts & Notes Receivable,Inventories,Total Current Assets,"Property, Plant & Equipment, Net",Long Term Investments & Receivables,Other Long Term Assets,Total Noncurrent Assets,Total Assets,Payables & Accruals,Short Term Debt,Total Current Liabilities,Long Term Debt,Total Noncurrent Liabilities,Total Liabilities,Share Capital & Additional Paid-In Capital,Treasury Stock,Retained Earnings,Total Equity,Total Liabilities & Equity,Net Income/Starting Line,Depreciation & Amortization,Non-Cash Items,Change in Working Capital,Change in Accounts Receivable,Change in Inventories,Change in Accounts Payable,Change in Other,Net Cash from Operating Activities,Change in Fixed Assets & Intangibles,Net Change in Long Term Investment,Net Cash from Acquisitions & Divestitures,Net Cash from Investing Activities,Dividends Paid,Cash from (Repayment of) Debt,Cash from (Repurchase of) Equity,Net Cash from Financing Activities,Net Change in Cash,Price Date,Open,High,Low,Close,Adj Close,Volume
2009-09-30,1996909000.0,-1067926000.0,928983000.0,-661115000.0,-654246000.0,,,267868000.0,-9220000.0,-8471000.0,258648000,,258648000,-83440000.0,175208000,,175208000,175208000,32770000.0,901199000.0,726493000.0,1922714000.0,832613000.0,,1694123000.0,2526736000.0,4449450000,728420000.0,421558000.0,1886116000.0,289421000.0,860482000.0,2746598000,1298003000.0,-3753043000.0,4492042000.0,1702852000.0,4449450000,175208000.0,43034000.0,21279000.0,109696000.0,,,,109696000.0,349217000.0,-22413000.0,,-35000.0,-14327000.0,-41444000.0,-91764000.0,-211863000.0,-341031000.0,-16489000,2009-09-30,20.106666564941406,20.233333587646484,19.876667022705078,20.053333282470703,17.381845474243164,3253200.0
2009-12-31,1598836000.0,-840598000.0,758238000.0,-631975000.0,-618680000.0,,,126263000.0,-9043000.0,-8997000.0,117220000,-36067000.0,81153000,-15815000.0,65338000,,65338000,65338000,69329000.0,696055000.0,738488000.0,1770019000.0,818685000.0,,1735151000.0,2553836000.0,4323855000,674766000.0,34941000.0,1393668000.0,782670000.0,1439237000.0,2832905000,1297610000.0,-4007633000.0,4518428000.0,1490950000.0,4323855000,65338000.0,42474000.0,8689000.0,127044000.0,108190000.0,145867000.0,-82607000.0,-44406000.0,243545000.0,-23924000.0,,-1347000.0,-24204000.0,-37927000.0,105678000.0,-244874000.0,-182906000.0,36559000,2009-12-31,20.753332138061523,20.78333282470703,20.546667098999023,20.549999237060547,17.918704986572266,1656300.0
2010-03-31,1565482000.0,-873514000.0,691968000.0,-614781000.0,-612875000.0,,,77187000.0,-17729000.0,-11570000.0,59458000,,59458000,-26855000.0,32603000,,32603000,32603000,91173000.0,797816000.0,787316000.0,1950398000.0,807722000.0,,1751026000.0,2558748000.0,4509146000,705309000.0,257654000.0,1557742000.0,783082000.0,1456258000.0,3014000000,1331047000.0,-4040580000.0,4511663000.0,1495146000.0,4509146000,32603000.0,39850000.0,6718000.0,-194989000.0,,,,-194989000.0,-115818000.0,-24903000.0,,,-42538000.0,-39368000.0,223776000.0,-6025000.0,175546000.0,21844000,2010-03-31,22.26666641235352,22.676666259765625,22.209999084472656,22.559999465942386,19.782381057739254,3322800.0
2010-06-30,2143064000.0,-1171171000.0,971893000.0,-696340000.0,-691215000.0,,,275553000.0,-16305000.0,-26340000.0,259248000,,259248000,-77542000.0,181706000,,181706000,181706000,48401000.0,986327000.0,793828000.0,2139922000.0,827513000.0,,1772851000.0,2600364000.0,4740286000,881141000.0,208756000.0,1833541000.0,699815000.0,1375519000.0,3209060000,1391734000.0,-4190479000.0,4653954000.0,1531226000.0,4740286000,181706000.0,39562000.0,14187000.0,116819000.0,,,,116819000.0,352274000.0,-21441000.0,,-49061000.0,-111912000.0,-39415000.0,-130957000.0,-106992000.0,-289581000.0,-42772000,2010-06-30,23.35333251953125,23.696666717529297,23.020000457763672,23.06333351135254,20.31742286682129,5087700.0
2010-09-30,2172259000.0,-1200674000.0,971585000.0,-702855000.0,-703672000.0,,,268730000.0,-13351000.0,-11310000.0,255379000,,255379000,-80121000.0,175258000,,175258000,175258000,64948000.0,1069890000.0,858988000.0,2325102000.0,912880000.0,,1942701000.0,2855581000.0,5180683000,927616000.0,360870000.0,2125101000.0,705472000.0,1412446000.0,3537547000,1413536000.0,-4268545000.0,4790309000.0,1643136000.0,5180683000,175258000.0,43035000.0,9429000.0,13432000.0,,,,13432000.0,241154000.0,-24938000.0,,-215279000.0,-252598000.0,-38903000.0,141062000.0,-68159000.0,37093000.0,16547000,2010-09-30,25.24333381652832,25.386667251586914,24.92333221435547,25.046667098999023,22.179203033447266,2644200.0
2010-12-31,1895619000.0,-1049987000.0,845632000.0,-717949000.0,-720360000.0,,,127683000.0,-19500000.0,-21375000.0,108183000,-4484000.0,103699000,-30781000.0,72918000,,72918000,72918000,58585000.0,916661000.0,917701000.0,2213722000.0,952118000.0,,2003395000.0,2955513000.0,5169235000,909649000.0,396467000.0,2063940000.0,648326000.0,1495855000.0,3559795000,1454255000.0,-4390983000.0,4824489000.0,1609440000.0,5169235000,72918000.0,52864000.0,25534000.0,77664000.0,-111113000.0,-82060000.0,155116000.0,115721000.0,228980000.0,-45545000.0,,-33821000.0,-82901000.0,-38738000.0,-20670000.0,-92292000.0,-146626000.0,-6363000,2010-12-31,27.96999931335449,28.07999992370605,27.873332977294922,27.916667938232425,24.84220695495605,966300.0
2011-03-31,1855586000.0,-1058178000.0,797408000.0,-692295000.0,-691123000.0,,,105113000.0,-10400000.0,-10675000.0,94713000,,94713000,-26397000.0,68316000,,68316000,68316000,53947000.0,1012150000.0,1064103000.0,2466400000.0,946419000.0,,2030834000.0,2977253000.0,5443653000,954217000.0,688410000.0,2327162000.0,650881000.0,1508599000.0,3835761000,1368059000.0,,497381000.0,1607892000.0,5443653000,68316000.0,43726000.0,10639000.0,-275847000.0,,,,-275847000.0,-153166000.0,-20726000.0,,,-29000000.0,-39004000.0,282868000.0,-67371000.0,181344000.0,-4638000,2011-03-31,28.03000068664551,28.149999618530273,27.85333251953125,27.99666786193848,25.02206611633301,2137500.0
2011-06-30,2354751000.0,-1331996000.0,1022755000.0,-754857000.0,-755555000.0,,,267898000.0,-10882000.0,-11747000.0,257016000,,257016000,-77901000.0,179115000,,179115000,179115000,71563000.0,1183825000.0,1067011000.0,2638182000.0,958306000.0,,2037281000.0,2995587000.0,5633769000,1019310000.0,580637000.0,2389812000.0,644255000.0,1497145000.0,3886957000,1396234000.0,-41700000.0,637434000.0,1746812000.0,5633769000,179115000.0,44208000.0,5501000.0,32508000.0,,,,32508000.0,261332000.0,-41590000.0,,-2612000.0,-56391000.0,-38845000.0,-117208000.0,-27180000.0,-179927000.0,17616000,2011-06-30,27.649999618530273,28.0,27.56666755676269,27.95666694641113,25.09331321716309,4016700.0
2011-09-30,2484920000.0,-1446621000.0,1038299000.0,-761779000.0,-760179000.0,,,276520000.0,-16244000.0,-10452000.0,260276000,,260276000,-80399000.0,179877000,,179877000,179877000,46026000.0,1173581000.0,966756000.0,2509393000.0,939486000.0,,2041260000.0,2980746000.0,5490139000,996734000.0,527583000.0,2354729000.0,641257000.0,1485483000.0,3840212000,1411404000.0,-237752000.0,779509000.0,1649927000.0,5490139000,179877000.0,48136000.0,7211000.0,102573000.0,,,,102573000.0,337797000.0,-22369000.0,,-27235000.0,-95549000.0,-37802000.0,-42091000.0,-192688000.0,-270912000.0,-25537000,2011-09-30,25.149999618530273,25.489999771118164,24.753332138061523,24.773332595825195,22.345067977905273,5034000.0
2011-12-31,2070442000.0,-1184342000.0,886100000.0,-754614000.0,-753957000.0,,,131486000.0,3549000.0,-9623000.0,135035000,-5492000.0,129543000,-114991000.0,14552000,,14552000,14552000,32696000.0,989873000.0,926809000.0,2261593000.0,956530000.0,,2011129000.0,2967659000.0,5229252000,965149000.0,354136000.0,2162661000.0,639231000.0,1549672000.0,3712333000,1405079000.0,-276654000.0,756372000.0,1516919000.0,5229252000,14552000.0,44834000.0,28656000.0,201807000.0,-93697000.0,-19222000.0,64053000.0,250673000.0,289849000.0,-56274000.0,,-14589000.0,-96829000.0,-37861000.0,-176019000.0,-10597000.0,-205714000.0,-13330000,2011-12-30,29.88999938964844,29.933332443237305,29.71666717529297,29.75666618347168,26.95431900024414,1128900.0
2012-03-31,2136344000.0,-1226505000.0,909839000.0,-762716000.0,-757679000.0,,,147123000.0,-4808000.0,-10337000.0,142315000,,142315000,-42099000.0,100216000,,100216000,100216000,25493000.0,1135174000.0,1017195000.0,2477126000.0,950782000.0,,2029011000.0,2979793000.0,5456919000,999685000.0,683928000.0,2395212000.0,637884000.0,1553110000.0,3948322000,1500629000.0,-471765000.0,816053000.0,1508597000.0,5456919000,100216000.0,44483000.0,923000.0,-300461000.0,,,,-300461000.0,-154839000.0,-29203000.0,,,-26041000.0,-40363000.0,326495000.0,-113909000.0,175795000.0,-7203000,2012-03-30,36.53666687011719,36.643333435058594,36.0966682434082,36.223331451416016,32.940479278564446,3410100.0
2012-06-30,2573022000.0,-1422425000.0,1150597000.0,-813293000.0,-810207000.0,,,337304000.0,-9501000.0,-10230000.0,327803000,,327803000,-99990000.0,227813000,,227813000,227813000,46616000.0,1237832000.0,1031478000.0,2624002000.0,938395000.0,,2063978000.0,3002373000.0,5626375000,1102148000.0,609231000.0,2531803000.0,635589000.0,1555319000.0,4087122000,1538891000.0,-654043000.0,1003693000.0,1539253000.0,5626375000,227813000.0,43987000.0,3780000.0,81371000.0,,,,81371000.0,356951000.0,-31790000.0,,-43993000.0,-64097000.0,-40075000.0,-76620000.0,-160532000.0,-271733000.0,21123000,2012-06-29,44.040000915527344,44.12666702270508,43.563331604003906,44.11666870117188,40.25100708007813,3109800.0
2012-09-30,2603226000.0,-1452944000.0,1150282000.0,-800909000.0,-799786000.0,,,349373000.0,-6375000.0,-10358000.0,342998000,,342998000,-108045000.0,234953000,,234953000,234953000,55181000.0,1263079000.0,963695000.0,2609395000.0,943601000.0,,2072269000.0,3015870000.0,5625265000,1034921000.0,334084000.0,2292024000.0,635348000.0,1553831000.0,3845855000,1662860000.0,-724673000.0,1198573000.0,1779410000.0,5625265000,234953000.0,44965000.0,10569000.0,76666000.0,,,,76666000.0,367153000.0,-30931000.0,,-2900000.0,-84901000.0,-40156000.0,-275940000.0,3804000.0,-273688000.0,8565000,2012-09-28,49.54333114624024,49.72000122070313,49.106666564941406,49.63666534423828,45.41262817382813,2207700.0
2012-12-31,2221870000.0,-1226362000.0,995508000.0,-887978000.0,-891976000.0,,,107530000.0,-9251000.0,-11863000.0,98279000,-4086000.0,94193000,-26141000.0,68052000,,68052000,68052000,862590000.0,1032508000.0,920324000.0,3149238000.0,965896000.0,,2119603000.0,3085499000.0,6234737000,922999000.0,72724000.0,1876436000.0,1632165000.0,2566497000.0,4442933000,1785411000.0,-849685000.0,1226467000.0,1791804000.0,6234737000,68052000.0,45767000.0,-842000.0,205644000.0,-33578000.0,19929000.0,-51124000.0,270417000.0,318621000.0,-55511000.0,,-52349000.0,-167416000.0,-40345000.0,726923000.0,-66003000.0,656204000.0,807409000,2012-12-31,50.12666702270508,51.53333282470703,50.106666564941406,51.27333450317383,47.03064346313477,2525400.0
2013-03-31,2167168000.0,-1204317000.0,962851000.0,-782626000.0,-778679000.0,,,180225000.0,-11841000.0,-15311000.0,168384000,,168384000,-52199000.0,116185000,,116185000,116185000,613930000.0,1130940000.0,1013666000.0,3086752000.0,954917000.0,,2124551000.0,3079468000.0,6166220000,1023284000.0,71690000.0,1782606000.0,1632198000.0,2570659000.0,4353265000,1841530000.0,-950496000.0,1290907000.0,1812955000.0,6166220000,116185000.0,46556000.0,14447000.0,-268319000.0,,,,-268319000.0,-91131000.0,-30241000.0,,,-48009000.0,-51745000.0,398000.0,-60704000.0,-107405000.0,-248660000,2013-03-28,56.4000015258789,56.66666793823242,56.0099983215332,56.29666519165039,51.80087280273438,1641300.0
2013-06-30,2713889000.0,-1480310000.0,1233579000.0,-837609000.0,-837124000.0,,,395970000.0,-15086000.0,-15069000.0,380884000,,380884000,-123597000.0,257287000,,257287000,257287000,741084000.0,1299679000.0,984844000.0,3342435000.0,952191000.0,,2113878000.0,3066069000.0,6408504000,1117459000.0,53296000.0,1967505000.0,1631951000.0,2573469000.0,4540974000,1885514000.0,-1101633000.0,1496639000.0,1867530000.0,6408504000,257287000.0,45872000.0,15250000.0,74797000.0,,,,74797000.0,393206000.0,-39299000.0,,-5000000.0,-79385000.0,-51555000.0,-18754000.0,-131196000.0,-189352000.0,127154000,2013-06-28,59.56999969482422,59.71333312988281,58.856666564941406,58.86666870117188,54.30592346191406,1940400.0
2013-09-30,2847417000.0,-1551459000.0,1295958000.0,-890524000.0,-889690000.0,,,405434000.0,-17972000.0,-15394000.0,387462000,,387462000,-124496000.0,262966000,,262966000,262966000,1035713000.0,1348607000.0,1017618000.0,3770715000.0,1010928000.0,,2139945000.0,3150873000.0,6921588000,1121001000.0,297662000.0,2406273000.0,1631988000.0,2645664000.0,5051937000,1911401000.0,-1361234000.0,1708553000.0,1869651000.0,6921588000,262966000.0,46738000.0,22103000.0,144029000.0,,,,144029000.0,475836000.0,-35662000.0,,-87780000.0,-126460000.0,-51052000.0,245457000.0,-251149000.0,-50767000.0,294629000,2013-09-30,59.70000076293945,60.77333450317383,59.253334045410156,60.72666549682617,56.181617736816406,3126900.0
2013-12-31,2457058000.0,-1332880000.0,1124178000.0,-959441000.0,-962188000.0,,,164737000.0,-15509000.0,-16940000.0,149228000,,149228000,-33105000.0,116123000,,116123000,116123000,744889000.0,1097751000.0,970815000.0,3158717000.0,1021383000.0,,2202407000.0,3223790000.0,6382507000,998484000.0,599499000.0,2528557000.0,1122373000.0,2079415000.0,4607972000,1960703000.0,-1639174000.0,1774050000.0,1774535000.0,6382507000,116123000.0,48628000.0,-1923000.0,143027000.0,-41473000.0,25031000.0,34685000.0,124784000.0,305855000.0,-58433000.0,,12840000.0,-84460000.0,-50626000.0,-205926000.0,-256461000.0,-505784000.0,-290824000,2013-12-31,60.88666534423828,61.26666641235352,60.87333297729492,61.16666793823242,56.74245834350586,1034700.0
2014-03-31,2366556000.0,-1300655000.0,1065901000.0,-883516000.0,-884088000.0,,,182385000.0,-16308000.0,-16394000.0,166077000,,166077000,-50620000.0,115457000,,115457000,115457000,366465000.0,1174116000.0,1096783000.0,2967478000.0,1004394000.0,,2217353000.0,3221747000.0,6189225000,1130338000.0,589601000.0,2452644000.0,1122396000.0,2083542000.0,4536186000,2064915000.0,-1917046000.0,1834417000.0,1653039000.0,6189225000,115457000.0,48960000.0,8020000.0,-255556000.0,,,,-255556000.0,-83119000.0,-29364000.0,,,-45069000.0,-55090000.0,-9612000.0,-207734000.0,-254306000.0,-378424000,2014-03-31,65.16000366210939,65.78333282470703,64.91000366210939,65.70999908447266,61.12649917602539,1197600.0
2014-06-30,3042995000.0,-1633342000.0,1409653000.0,-969953000.0,-969183000.0,,,439700000.0,-10470000.0,-16374000.0,429230000,,429230000,-137783000.0,291447000,,291447000,291447000,267198000.0,1402803000.0,1091182000.0,3108118000.0,1006296000.0,,2226586000.0,3232882000.0,6341000000,1244574000.0,566864000.0,2725284000.0,1122420000.0,2090757000.0,4816041000,2094761000.0,-2326404000.0,2072118000.0,1524959000.0,6341000000,291447000.0,49699000.0,17095000.0,56458000.0,,,,56458000.0,414699000.0,-37133000.0,,,-38916000.0,-53746000.0,-23065000.0,-398316000.0,-471358000.0,-99267000,2014-06-30,69.33333587646484,69.33333587646484,68.83999633789061,68.97000122070311,64.33579254150389,2029200.0
2014-09-30,3150570000.0,-1679615000.0,1470955000.0,-996239000.0,-984366000.0,,,474716000.0,-668000.0,-16025000.0,474048000,,474048000,-147808000.0,326240000,,326240000,326240000,261346000.0,1408967000.0,1046642000.0,3079735000.0,1013285000.0,,2223985000.0,3237270000.0,6317005000,1266167000.0,557899000.0,2868382000.0,1122699000.0,2096687000.0,4965069000,2133704000.0,-2754998000.0,2345016000.0,1351936000.0,6317005000,326240000.0,49713000.0,29090000.0,144687000.0,,,,144687000.0,549730000.0,-68369000.0,,,-81558000.0,-53342000.0,-3560000.0,-414828000.0,-460829000.0,-5852000,2014-09-30,73.48999786376953,73.91666412353516,72.93333435058594,72.99666595458984,68.27019500732422,1645800.0
2014-12-31,2569412000.0,-1351437000.0,1217975000.0,-1010740000.0,-985329000.0,,,207235000.0,-18364000.0,-15412000.0,188871000,,188871000,-56128000.0,132743000,,132743000,132743000,40732000.0,1130565000.0,1033527000.0,2565566000.0,1021030000.0,,2112737000.0,3133767000.0,5699333000,1042182000.0,682701000.0,2680666000.0,1115996000.0,2022197000.0,4702863000,2194164000.0,-3150410000.0,2424674000.0,996470000.0,5699333000,132743000.0,50573000.0,16535000.0,367000.0,-80252000.0,-101112000.0,78603000.0,103128000.0,200218000.0,-64163000.0,,,-144507000.0,-53085000.0,128473000.0,-367716000.0,-280582000.0,-220614000,2014-12-31,88.32333374023438,88.75,87.68000030517578,87.68000030517578,82.19302368164062,1078200.0
2015-03-31,2450284000.0,-1317835000.0,1132449000.0,-927524000.0,-929197000.0,,,204925000.0,-11684000.0,-12351000.0,193241000,,193241000,-61837000.0,131404000,,131404000,131404000,64013000.0,1234612000.0,1161250000.0,2764576000.0,998432000.0,,2089838000.0,3088270000.0,5852846000,1174840000.0,1408512000.0,3379045000.0,1116337000.0,2004629000.0,5383674000,2302262000.0,-3798254000.0,2493469000.0,469172000.0,5852846000,131404000.0,49405000.0,18455000.0,-254332000.0,,,,-254332000.0,-55068000.0,-36226000.0,,,-36282000.0,-62609000.0,731637000.0,-577417000.0,111135000.0,23281000,2015-03-31,93.98999786376952,95.31666564941406,93.98332977294922,94.83333587646484,89.10617065429688,1859700.0
2015-06-30,3132139000.0,-1602153000.0,1529986000.0,-1009195000.0,-999224000.0,,,520791000.0,-13009000.0,-12885000.0,507782000,,507782000,-157845000.0,349937000,,349937000,349937000,75068000.0,1454045000.0,1131976000.0,3003914000.0,1005319000.0,,2119342000.0,3124661000.0,6128575000,1253894000.0,1162463000.0,3357239000.0,1116667000.0,2013994000.0,5371233000,2356591000.0,-3863351000.0,2780764000.0,757342000.0,6128575000,349937000.0,48896000.0,-10157000.0,15412000.0,,,,15412000.0,404088000.0,-43295000.0,,,-44725000.0,-62642000.0,-247001000.0,-44612000.0,-335331000.0,11055000,2015-06-30,92.57333374023438,92.97000122070312,91.66666412353516,91.67333221435548,86.33736419677734,1514400.0
2015-09-30,3152285000.0,-1577733000.0,1574552000.0,-1002742000.0,-993625000.0,,,571810000.0,-21088000.0,-16995000.0,550722000,,550722000,-176231000.0,374491000,,374491000,374491000,91029000.0,1413946000.0,1052830000.0,2922562000.0,1015167000.0,,2151249000.0,3166416000.0,6088978000,1216342000.0,39988000.0,2294196000.0,1907106000.0,2818617000.0,5112813000,2402719000.0,-3950402000.0,3093265000.0,976165000.0,6088978000,374491000.0,48640000.0,-623000.0,130976000.0,,,,130976000.0,553484000.0,-67310000.0,,,-80770000.0,-61991000.0,-321491000.0,-70038000.0,-447194000.0,15961000,2015-09-30,73.98332977294922,75.0566635131836,73.76333618164062,74.26000213623047,70.11094665527344,7592400.0
2015-12-31,2604596000.0,-1281970000.0,1322626000.0,-1004712000.0,-963622000.0,,-28237000.0,317914000.0,-20693000.0,-19560000.0,297221000,0.0,297221000,-99204000.0,198017000,0.0,198017000,198017000,205744000.0,1114275000.0,1018530000.0,2657180000.0,1041862000.0,,2079895000.0,3121757000.0,5778937000,1157561000.0,42616000.0,2141859000.0,1907278000.0,2769168000.0,4911027000,2446187000.0,-4220058000.0,3228876000.0,867910000.0,5778937000,198017000.0,51619000.0,56622000.0,238701000.0,-56873000.0,-40733000.0,160111000.0,176196000.0,544959000.0,-76209000.0,,0.0,-126856000.0,-62405000.0,4143000.0,-253234000.0,-308963000.0,114715000,2015-12-31,87.13666534423828,87.83333587646484,86.52999877929688,86.53333282470703,81.90440368652344,1854300.0
2016-03-31,2574024000.0,-1312279000.0,1261745000.0,-1019909000.0,-1002355000.0,,,241836000.0,-25471000.0,-25732000.0,216365000,,216365000,-51489000.0,164876000,,164876000,164876000,70548000.0,1290749000.0,1147361000.0,2888625000.0,1057025000.0,,2092659000.0,3149684000.0,6038309000,1152923000.0,130854000.0,2262561000.0,1908774000.0,2774925000.0,5037486000,2488684000.0,-4235794000.0,3316018000.0,1000823000.0,6038309000,164876000.0,48677000.0,21768000.0,-297380000.0,,,,-297380000.0,-62059000.0,-51011000.0,,,-61537000.0,-77734000.0,85770000.0,19717000.0,-23680000.0,-135196000,2016-03-31,94.663330078125,95.163330078125,93.8766632080078,94.88999938964844,90.10547637939452,2161500.0
2016-06-30,3219525000.0,-1583624000.0,1635901000.0,-1056813000.0,-1048496000.0,,-5584000.0,579088000.0,-39874000.0,-40878000.0,539214000,,539214000,-161150000.0,378064000,,378064000,378064000,402656000.0,1473078000.0,1152232000.0,3483942000.0,1072257000.0,,2109478000.0,3181735000.0,6665677000,1289406000.0,61382000.0,2625213000.0,1909217000.0,2793835000.0,5419048000,2528858000.0,-4236235000.0,3616095000.0,1246629000.0,6665677000,378064000.0,49413000.0,57796000.0,86769000.0,,,,86769000.0,572042000.0,-61031000.0,,,-87455000.0,-77987000.0,-70536000.0,23991000.0,-147177000.0,332108000,2016-06-30,97.1500015258789,98.05999755859376,96.32333374023438,97.88999938964844,93.22175598144531,1875300.0
2016-09-30,3279462000.0,-1643037000.0,1636425000.0,-1059077000.0,-1050081000.0,,-8183000.0,577348000.0,-41728000.0,-44100000.0,535620000,,535620000,-148887000.0,386733000,,386733000,386733000,702569000.0,1458073000.0,1112512000.0,3708231000.0,1083922000.0,,2125618000.0,3209540000.0,6917771000,1224358000.0,52004000.0,2515807000.0,1909713000.0,2804181000.0,5319988000,2567653000.0,-4236335000.0,3924686000.0,1597783000.0,6917771000,386733000.0,49772000.0,50093000.0,-30047000.0,,,,-30047000.0,456551000.0,-55514000.0,,,-87707000.0,-78142000.0,-9337000.0,22629000.0,-64849000.0,299913000,2016-09-30,92.91000366210938,93.23332977294922,91.62999725341795,92.22000122070312,88.075927734375,2174400.0
2016-12-31,2782591000.0,-1395404000.0,1387187000.0,-1042233000.0,-1039328000.0,,-11637000.0,344954000.0,-30232000.0,-43378000.0,314722000,-10688000.0,304034000,-101004000.0,203030000,0.0,203030000,203030000,889793000.0,1230987000.0,1068326000.0,3627298000.0,1095888000.0,,2029335000.0,3125223000.0,6752521000,1034608000.0,741214000.0,2829179000.0,1211326000.0,2044901000.0,4874080000,2605127000.0,-4235832000.0,4049497000.0,1878441000.0,6752521000,203030000.0,49616000.0,-31602000.0,120994000.0,-113855000.0,-52577000.0,-118893000.0,406319000.0,342038000.0,-33036000.0,,,-67075000.0,-78219000.0,-7407000.0,20494000.0,-71647000.0,187224000,2016-12-30,90.80999755859376,90.80999755859376,89.3499984741211,89.58000183105469,85.82587432861328,1761000.0
2017-03-31,2761387000.0,-1418334000.0,1343053000.0,-1017467000.0,-1011021000.0,,-6170000.0,325586000.0,-18981000.0,-25695000.0,306605000,,306605000,-67453000.0,239152000,,239152000,239152000,1017808000.0,1356851000.0,1247688000.0,3876664000.0,1063095000.0,,2049144000.0,3112239000.0,6988903000,1221778000.0,742695000.0,2939002000.0,1211512000.0,1984551000.0,4923553000,2664396000.0,-4258831000.0,4209198000.0,2065350000.0,6988903000,239152000.0,50765000.0,-1609000.0,-56492000.0,,,,-56492000.0,231816000.0,-6717000.0,,,-29911000.0,-79450000.0,255000.0,41762000.0,-60142000.0,128015000,2017-03-31,103.30999755859376,103.76000213623048,103.1433334350586,103.39666748046876,99.3337173461914,840300.0
2017-06-30,3735817000.0,-2001200000.0,1734617000.0,-1184472000.0,-1153779000.0,,-28918000.0,550145000.0,-41142000.0,-56729000.0,509003000,,509003000,-148352000.0,360651000,-41540000.0,319111000,319111000,210049000.0,2377874000.0,1854937000.0,4854001000.0,1889917000.0,,13973480000.0,15863397000.0,20717398000,1783648000.0,753005000.0,4151913000.0,10751284000.0,14174225000.0,18326138000,2723828000.0,-4262120000.0,4448788000.0,2391260000.0,20717398000,360651000.0,79288000.0,104803000.0,-190425000.0,,,,-190425000.0,354317000.0,-39787000.0,,-8806282000.0,-8834319000.0,-79484000.0,7755159000.0,37395000.0,7663905000.0,-807759000,2017-06-30,117.90333557128906,118.24333190917969,116.8566665649414,116.98666381835938,112.67399597167969,2954700.0
2017-09-30,4507020000.0,-2605193000.0,1901827000.0,-1395222000.0,-1307402000.0,,-83711000.0,506605000.0,-78883000.0,-91593000.0,427722000,,427722000,-111116000.0,316606000,0.0,316606000,316606000,207937000.0,2426222000.0,1704213000.0,4683904000.0,1895549000.0,,14200204000.0,16095753000.0,20779657000,1832434000.0,865552000.0,4371661000.0,10083828000.0,13667007000.0,18038668000,2771365000.0,-4263388000.0,4685313000.0,2740989000.0,20779657000,316606000.0,150960000.0,129151000.0,75982000.0,,,,75982000.0,672699000.0,-57374000.0,,-4032000.0,-46463000.0,-80082000.0,-550679000.0,14634000.0,-613709000.0,-2112000,2017-09-29,119.00333404541016,121.32666778564452,118.84333038330078,119.34666442871094,115.24154663085938,2349900.0
2017-12-31,3979564000.0,-2240261000.0,1739303000.0,-1428109000.0,-1325439000.0,,-87965000.0,311194000.0,-83192000.0,-89454000.0,228002000,-2022000.0,225980000,627099000.0,853079000,0.0,853079000,853079000,204213000.0,2104555000.0,1742465000.0,4406930000.0,1877115000.0,,13615472000.0,15492587000.0,19899517000,1791552000.0,634910000.0,3987180000.0,9885745000.0,12264463000.0,16251643000,2840744000.0,-4266416000.0,5458416000.0,3647874000.0,19899517000,853079000.0,210748000.0,-675500000.0,236809000.0,-49850000.0,-89959000.0,166687000.0,209931000.0,625136000.0,-71643000.0,,-1000.0,-136669000.0,-80013000.0,-426058000.0,49788000.0,-475964000.0,-3724000,2017-12-29,137.93333435058594,138.56666564941406,136.46333312988278,136.67999267578122,132.26992797851562,1086600.0
2018-03-31,3965006000.0,-2278159000.0,1686847000.0,-1302604000.0,-1214565000.0,,-85049000.0,384243000.0,-80657000.0,-91547000.0,303586000,,303586000,-53459000.0,250127000,,250127000,250127000,158613000.0,2326411000.0,2001630000.0,4886903000.0,1840005000.0,,13640778000.0,15480783000.0,20367686000,1975323000.0,921189000.0,4327152000.0,9891017000.0,12350488000.0,16677640000,2879082000.0,-4528018000.0,5674637000.0,3690046000.0,20367686000,250127000.0,156640000.0,15828000.0,-381846000.0,,,,-381846000.0,40749000.0,-34901000.0,,,-40551000.0,-81028000.0,288058000.0,-219553000.0,-27449000.0,-45600000,2018-03-29,129.32333374023438,131.81666564941406,129.04666137695312,130.7066650390625,126.76264190673828,1682700.0
2018-06-30,4773796000.0,-2735168000.0,2038628000.0,-1408733000.0,-1307861000.0,,-73893000.0,629895000.0,-91809000.0,-93507000.0,538086000,,538086000,-134482000.0,403604000,0.0,403604000,403604000,154973000.0,2625066000.0,1874651000.0,5037205000.0,1776378000.0,,13341149000.0,15117527000.0,20154732000,2049123000.0,651897000.0,4190087000.0,9722918000.0,12217556000.0,16407643000,2913160000.0,-4621250000.0,5997628000.0,3747089000.0,20154732000,403604000.0,146435000.0,77141000.0,-88833000.0,,,,-88833000.0,538347000.0,-52571000.0,,0.0,-66432000.0,-80613000.0,-415867000.0,-81183000.0,-489264000.0,-3640000,2018-06-29,135.19999694824222,137.64332580566406,135.19999694824222,135.85667419433594,132.05526733398438,2359500.0
2018-09-30,4731470000.0,-2721066000.0,2010404000.0,-1364669000.0,-1273066000.0,,-80077000.0,645735000.0,-93449000.0,-92281000.0,552286000,-136333000.0,415953000,-61926000.0,354027000,0.0,354027000,354027000,181511000.0,2584280000.0,1861328000.0,5038032000.0,1766354000.0,,13176310000.0,14942664000.0,19980696000,2302057000.0,960695000.0,4842065000.0,8710831000.0,11163792000.0,16005857000,2970265000.0,-4655587000.0,6270757000.0,3974839000.0,19980696000,354027000.0,147458000.0,-39441000.0,390075000.0,,,,390075000.0,852119000.0,-40358000.0,,0.0,-8295000.0,-80898000.0,-700779000.0,6687000.0,-808773000.0,26538000,2018-09-28,151.80332946777344,152.6666717529297,151.20333862304688,151.73666381835938,147.78067016601562,2406900.0
2018-12-31,4064228000.0,-2381507000.0,1682721000.0,-1464994000.0,-1238308000.0,,-79081000.0,217727000.0,-115685000.0,-89365000.0,102042000,33000.0,102075000,-1133000.0,100942000,0.0,100942000,100942000,155500000.0,2018800000.0,1815300000.0,4344500000.0,1776800000.0,,13013000000.0,14789800000.0,19134300000,1935700000.0,635600000.0,4297700000.0,8708100000.0,11105900000.0,15403600000,3014800000.0,-4900700000.0,6246500000.0,3730700000.0,19134300000,100942000.0,145767000.0,180972000.0,84804000.0,18400000.0,-119500000.0,113800000.0,72104000.0,512485000.0,-84770000.0,,0.0,-136322000.0,-80361000.0,-330112000.0,-228551000.0,-421214000.0,-25998000,2018-12-31,130.24667358398438,131.27333068847656,129.663330078125,131.15333557128906,127.99930572509766,1544400.0
2019-03-31,4040861000.0,-2305784000.0,1735077000.0,-1322330000.0,-1244017000.0,,-78771000.0,412747000.0,-113893000.0,-90994000.0,298854000,,298854000,-53617000.0,245237000,,245237000,245237000,94393000.0,2339551000.0,1993437000.0,4815144000.0,1762998000.0,,14383499000.0,16146497000.0,20961641000,1894005000.0,1128729000.0,3552473000.0,8702630000.0,13949107000.0,17501580000,3064193000.0,-5358887000.0,6386948000.0,3460061000.0,20961641000,245237000.0,143487000.0,60904000.0,-485578000.0,,,,-485578000.0,-35950000.0,-48610000.0,,,-72205000.0,-104762000.0,496181000.0,-280282000.0,51371000.0,-61112000,2019-03-29,143.75,143.92999267578125,142.72666931152344,143.57000732421875,140.4783935546875,2536200.0
2019-06-30,4877860000.0,-2696425000.0,2181435000.0,-1416491000.0,-1331288000.0,,-78081000.0,764944000.0,-89243000.0,-89198000.0,675701000,,675701000,-204698000.0,471003000,,471003000,471003000,145577000.0,2659051000.0,1894865000.0,5089964000.0,1773586000.0,,14322586000.0,16096172000.0,21186136000,2067854000.0,2246612000.0,4887357000.0,7209481000.0,12551297000.0,17438654000,3129598000.0,-5504293000.0,6752956000.0,3747482000.0,21186136000,471003000.0,143113000.0,400000.0,179435000.0,,,,179435000.0,793951000.0,-76519000.0,,,-105039000.0,-104995000.0,-376352000.0,-104698000.0,-635969000.0,51184000,2019-06-28,151.67333984375,152.76333618164062,150.81333923339844,152.76333618164062,149.86672973632812,1647300.0
2019-09-30,4867700000.0,-2642100000.0,2225600000.0,-1434700000.0,-1345200000.0,,-77500000.0,790900000.0,-115800000.0,-85300000.0,675100000,34700000.0,709800000,-133300000.0,576500000,,576500000,576500000,189600000.0,2479000000.0,1825000000.0,4907700000.0,1798300000.0,,14158300000.0,15956600000.0,20864300000,2040400000.0,865300000.0,4865800000.0,8043000000.0,11975600000.0,16841400000,3198500000.0,-5632800000.0,7224300000.0,4022900000.0,20864300000,576460000.0,142800000.0,285396000.0,-101257000.0,,,,-101257000.0,903399000.0,-92771000.0,,-72600000.0,-111256000.0,-105143000.0,-553729000.0,-81620000.0,-757102000.0,44028000,2019-09-30,181.97332763671875,183.5066680908203,181.8433380126953,183.2899932861328,180.20980834960938,1012200.0
2019-12-31,4114379000.0,-2220391000.0,1893988000.0,-1453279000.0,-1354395000.0,,-78448000.0,440709000.0,-21164000.0,-83808000.0,419545000,-122100000.0,297445000,-48885000.0,248560000,,248560000,248560000,161800000.0,2088900000.0,1889600000.0,4631700000.0,1835200000.0,,14029300000.0,15864500000.0,20496200000,1888300000.0,634500000.0,4521900000.0,8050700000.0,11851000000.0,16372900000,3272400000.0,-5836500000.0,7366900000.0,4123300000.0,20496200000,248600000.0,145500000.0,315500000.0,-49700000.0,-73200000.0,-75500000.0,36200000.0,62800000.0,659900000.0,-104100000.0,,-4700000.0,-174100000.0,-105900000.0,-245500000.0,-157600000.0,-504699999.0,-27799999,2019-12-31,192.6999969482422,194.6100006103516,192.27999877929688,194.51333618164062,191.6116485595703,867300.0
2020-03-31,4146700000.0,-2257000000.0,1889700000.0,-1389400000.0,-1307600000.0,,-78100000.0,500300000.0,-108000000.0,-86200000.0,392300000,,392300000,-70600000.0,321700000,,321700000,321700000,238500000.0,2291500000.0,1954800000.0,4928000000.0,1829500000.0,,13812800000.0,15642300000.0,20570300000,2823600000.0,1481000000.0,5220200000.0,8289200000.0,12061000000.0,17281200000,3335200000.0,-6707700000.0,7562700000.0,3289100000.0,20570300000,321700000.0,144600000.0,143900000.0,-555300000.0,,,,-555300000.0,54900000.0,-104300000.0,,,-97900000.0,-122900000.0,1077500000.0,-802900000.0,115700000.0,76700000,2020-03-31,158.8300018310547,160.5833282470703,152.51666259765625,153.17333984375,151.27420043945312,3840600.0
2020-06-30,4604000000.0,-2395100000.0,2208900000.0,-1367600000.0,-1291300000.0,,-77400000.0,841300000.0,-93900000.0,-88100000.0,747400000,,747400000,-151500000.0,595900000,,595900000,595900000,188100000.0,2472500000.0,1788600000.0,4883200000.0,1798600000.0,,13812700000.0,15611300000.0,20494500000,2807000000.0,560200000.0,4459600000.0,8289400000.0,12165000000.0,16624600000,3409100000.0,-6708000000.0,8036000000.0,3869900000.0,20494500000,595900000.0,143500000.0,113200000.0,167100000.0,,,,167100000.0,1019700000.0,-13200000.0,,,-48900000.0,-122700000.0,-938200000.0,47600000.0,-1001800000.0,-50400000,2020-06-30,189.1999969482422,193.2933349609375,187.9066619873047,192.61666870117188,190.68101501464844,1443300.0
