Report Date,Revenue,Cost of Revenue,Gross Profit,Operating Expenses,"Selling, General & Administrative",Research & Development,Depreciation & Amortization,Operating Income (Loss),Non-Operating Income (Loss),"Interest Expense, Net","Pretax Income (Loss), Adj.",Abnormal Gains (Losses),Pretax Income (Loss),"Income Tax (Expense) Benefit, Net",Income (Loss) from Continuing Operations,Net Extraordinary Gains (Losses),Net Income,Net Income (Common),"Cash, Cash Equivalents & Short Term Investments",Accounts & Notes Receivable,Inventories,Total Current Assets,"Property, Plant & Equipment, Net",Long Term Investments & Receivables,Other Long Term Assets,Total Noncurrent Assets,Total Assets,Payables & Accruals,Short Term Debt,Total Current Liabilities,Long Term Debt,Total Noncurrent Liabilities,Total Liabilities,Share Capital & Additional Paid-In Capital,Treasury Stock,Retained Earnings,Total Equity,Total Liabilities & Equity,Net Income/Starting Line,Depreciation & Amortization,Non-Cash Items,Change in Working Capital,Change in Accounts Receivable,Change in Inventories,Change in Accounts Payable,Change in Other,Net Cash from Operating Activities,Change in Fixed Assets & Intangibles,Net Change in Long Term Investment,Net Cash from Acquisitions & Divestitures,Net Cash from Investing Activities,Dividends Paid,Cash from (Repayment of) Debt,Cash from (Repurchase of) Equity,Net Cash from Financing Activities,Net Change in Cash,Price Date,Open,High,Low,Close,Adj Close,Volume
2010-04-30,1069079000.0,-638972000.0,430107000.0,-254623000.0,-229648000.0,,-18398000.0,175484000.0,-13647000.0,-14101000.0,161837000,5519000.0,167356000,-46750000.0,120606000,,120606000,120606000,283570000.0,238867000.0,654939000.0,1223630000.0,858313000.0,,5892910000.0,6751223000.0,7974853000,415750000.0,10000000.0,478897000.0,900000000.0,2169636000.0,2648533000,4604907000.0,,746063000.0,5326320000.0,7974853000,120606000.0,51604000.0,-44368000.0,74062000.0,,,,,201904000.0,-24126000.0,0.0,0.0,-4478000.0,-41638000.0,0.0,-35000.0,-41564000.0,158009000,2010-04-30,61.58000183105469,61.93999862670898,61.040000915527344,61.06999969482422,45.31262969970703,754800.0
2010-07-31,1047312000.0,-638877000.0,408435000.0,-222508000.0,-203261000.0,,-18497000.0,185927000.0,-15413000.0,-16106000.0,170514000,-20760000.0,149754000,-46873000.0,102881000,,102881000,102881000,579848000.0,305418000.0,765927000.0,1700628000.0,847192000.0,,5871284000.0,6718476000.0,8419104000,262838000.0,10000000.0,454236000.0,1300000000.0,2569760000.0,3023996000,4617652000.0,,800571000.0,5395108000.0,8419104000,102881000.0,57310000.0,-1233000.0,-186196000.0,,,,,-27238000.0,-26656000.0,-57037000.0,0.0,-83653000.0,-47594000.0,400000000.0,-3708000.0,350911000.0,239203000,2010-07-30,60.77999877929688,61.75,60.349998474121094,61.43000030517578,45.89259338378906,550300.0
2010-10-31,1278913000.0,-784243000.0,494670000.0,-243516000.0,-222821000.0,,-18501000.0,251154000.0,-18309000.0,-17933000.0,232845000,-11118000.0,221727000,-72001000.0,149726000,,149726000,149726000,535549000.0,415826000.0,822614000.0,1854186000.0,841095000.0,,5858069000.0,6699164000.0,8553350000,308084000.0,0.0,476919000.0,1300000000.0,2572422000.0,3049341000,4622602000.0,,902528000.0,5504009000.0,8553350000,149726000.0,57774000.0,7583000.0,-168299000.0,,,,,46784000.0,-35078000.0,9000000.0,0.0,-26107000.0,-47739000.0,-10000000.0,661000.0,-56815000.0,-35310000,2010-10-29,63.52999877929688,64.55000305175781,63.34000015258789,64.27999877929689,48.35149765014648,758700.0
2011-01-31,1312351000.0,-837937000.0,474414000.0,-233137000.0,-214325000.0,,-18515000.0,241277000.0,-17183000.0,-17353000.0,224094000,-28315000.0,195779000,-63784000.0,131995000,,131995000,131995000,588182000.0,289548000.0,735275000.0,1689060000.0,841067000.0,,5828621000.0,6669688000.0,8358748000,257136000.0,0.0,422757000.0,1300000000.0,2572690000.0,2995447000,4489697000.0,,887844000.0,5363301000.0,8358748000,131995000.0,62167000.0,24156000.0,156516000.0,,,,,374834000.0,-44397000.0,9500000.0,0.0,-35007000.0,-47732000.0,0.0,-234313000.0,-279528000.0,62120000,2011-01-31,61.90999984741211,62.2400016784668,61.59000015258789,62.15999984741211,47.048789978027344,785800.0
2011-04-30,1187124000.0,-766143000.0,420981000.0,-238339000.0,-222693000.0,,-18287000.0,182642000.0,-16195000.0,-15708000.0,166447000,-16507000.0,149940000,-55042000.0,94898000,,94898000,94898000,319845000.0,344410000.0,863579000.0,1636999000.0,867882000.0,,5819704000.0,6687586000.0,8324585000,410053000.0,0.0,482676000.0,1304039000.0,2549546000.0,3032222000,4425135000.0,,866933000.0,5292363000.0,8324585000,94898000.0,62349000.0,-54106000.0,-105921000.0,,,,,-2780000.0,-68169000.0,20037000.0,0.0,-48133000.0,-50935000.0,0.0,-137240000.0,-184968000.0,-229813000,2011-04-29,74.91999816894531,75.45999908447266,74.55999755859375,75.06999969482422,57.21574401855469,506000.0
2011-07-31,1188883000.0,-757799000.0,431084000.0,-235799000.0,-216552000.0,,-20235000.0,195285000.0,-13877000.0,-15120000.0,181408000,-14582000.0,166826000,-55303000.0,111523000,,111523000,111523000,102475000.0,350293000.0,1213821000.0,1739772000.0,925687000.0,,6116564000.0,7042251000.0,8782023000,407819000.0,,875234000.0,1318489000.0,2558535000.0,3433769000,4435420000.0,,922944000.0,5348254000.0,8782023000,111523000.0,58219000.0,3975000.0,-231955000.0,,,,,-58238000.0,-67502000.0,18600000.0,-362846000.0,-411766000.0,-50159000.0,,-5143000.0,253932000.0,-217370000,2011-07-29,77.97000122070312,78.69999694824219,77.30999755859375,77.91999816894531,59.73656845092773,580300.0
2011-10-31,1513905000.0,-1015236000.0,498669000.0,-258541000.0,-236602000.0,,-20559000.0,240128000.0,-18413000.0,-19124000.0,221715000,-28514000.0,193201000,-65954000.0,127247000,,127247000,127247000,496288000.0,462169000.0,1143951000.0,2193707000.0,948225000.0,,6073488000.0,7021713000.0,9215420000,357676000.0,,544921000.0,2071852000.0,3307150000.0,3852071000,4418068000.0,,977704000.0,5363349000.0,9215420000,127247000.0,61498000.0,19865000.0,-108156000.0,,,,,100454000.0,-67302000.0,0.0,0.0,-42548000.0,-54666000.0,748560000.0,-38931000.0,340628000.0,393813000,2011-10-31,76.56999969482422,77.58999633789062,76.12000274658203,77.0199966430664,59.4448127746582,679100.0
2012-01-31,1467641000.0,-1001956000.0,465685000.0,-245897000.0,-225016000.0,,-22031000.0,219788000.0,-23131000.0,-23135000.0,196657000,-19422000.0,177235000,-60391000.0,116844000,,116844000,116844000,370428000.0,364724000.0,990815000.0,1805993000.0,1064299000.0,,6365582000.0,7429881000.0,9235874000,286506000.0,,494335000.0,2071202000.0,3357399000.0,3851734000,4400862000.0,,1018576000.0,5384140000.0,9235874000,116844000.0,58613000.0,7024000.0,226824000.0,,,,,409305000.0,-59303000.0,0.0,-379509000.0,-437583000.0,-54564000.0,0.0,-44729000.0,-97107000.0,-125860000,2012-01-31,78.54000091552734,79.12000274658203,78.20999908447266,78.77999877929688,61.174888610839844,603700.0
2012-04-30,1355371000.0,-905609000.0,449762000.0,-238263000.0,-214530000.0,,-25275000.0,211499000.0,-21679000.0,-22421000.0,189820000,-25882000.0,163938000,-59852000.0,104086000,,104086000,104086000,229700000.0,347500000.0,961600000.0,1643500000.0,1096100000.0,,6375600000.0,7471700000.0,9115200000,473000000.0,50000000.0,616900000.0,2020500000.0,3334900000.0,3951800000,4288800000.0,,961200000.0,5163400000.0,9115200000,104086000.0,68670000.0,-10464000.0,117087000.0,,,,,279379000.0,-76093000.0,0.0,5055000.0,-144003000.0,-54311000.0,40000.0,-224197000.0,-277853000.0,-140683000,2012-04-30,79.4000015258789,79.66999816894531,78.98999786376953,79.62999725341797,62.21140670776367,548000.0
2012-07-31,1369700000.0,-899900000.0,469800000.0,-255400000.0,-232200000.0,,-24200000.0,214400000.0,-23200000.0,-23600000.0,191200000,-23900000.0,167300000,-56400000.0,110900000,,110900000,110900000,311474000.0,390924000.0,1019339000.0,1800328000.0,1101036000.0,,6360746000.0,7461782000.0,9262110000,398241000.0,50000000.0,710469000.0,2019875000.0,3328188000.0,4038657000,4295789000.0,,1013831000.0,5223453000.0,9262110000,110900000.0,63900000.0,4300000.0,-2400000.0,,,,,176700000.0,-46000000.0,,,-28300000.0,-52800000.0,,-4000000.0,-64600000.0,81800000,2012-07-31,77.12999725341797,77.16000366210938,76.58000183105469,76.80000305175781,60.38100814819336,465400.0
2012-10-31,1628700000.0,-1086800000.0,541900000.0,-282800000.0,-257200000.0,,-24200000.0,259100000.0,-23400000.0,-23900000.0,235700000,-11500000.0,224200000,-75400000.0,148800000,,148800000,148800000,203555000.0,469367000.0,975427000.0,1736062000.0,1113446000.0,,6339245000.0,7452691000.0,9188753000,421287000.0,50000000.0,706066000.0,2019196000.0,3329940000.0,4036006000,4221500000.0,,1013241000.0,5152747000.0,9188753000,148800000.0,62300000.0,1300000.0,-29500000.0,,,,,182900000.0,-51900000.0,,0.0,-63700000.0,-57400000.0,,-170500000.0,-227700000.0,-107900000,2012-10-31,85.41000366210938,86.62999725341797,84.79000091552734,85.63999938964844,67.79010772705078,597000.0
2013-01-31,1559600000.0,-1023400000.0,536200000.0,-271100000.0,-251000000.0,,-24200000.0,265100000.0,-24300000.0,-23800000.0,240800000,-6800000.0,234000000,-79800000.0,154200000,,154200000,154200000,438814000.0,360205000.0,878156000.0,1745945000.0,1121615000.0,,6316894000.0,7438509000.0,9184454000,341413000.0,50000000.0,593463000.0,2018508000.0,3330755000.0,3924218000,4225834000.0,,1111042000.0,5260236000.0,9184454000,154200000.0,61400000.0,-16900000.0,125300000.0,,,,,324000000.0,-45500000.0,,0.0,-34200000.0,-56300000.0,,900000.0,-54900000.0,235200000,2013-01-31,88.87000274658203,89.01000213623047,88.62999725341797,88.62999725341797,70.57853698730469,744000.0
2013-04-30,1339700000.0,-860000000.0,479700000.0,-258400000.0,-233500000.0,,-24200000.0,221300000.0,-22200000.0,-22100000.0,199100000,-7300000.0,191800000,-61500000.0,130300000,,130300000,130300000,256400000.0,313700000.0,945500000.0,1595200000.0,1142500000.0,,6294100000.0,7436600000.0,9031800000,468100000.0,50000000.0,596800000.0,1967800000.0,3286200000.0,3883000000,4151700000.0,,1075500000.0,5148800000.0,9031800000,130300000.0,63300000.0,-18800000.0,-2600000.0,,,,,172200000.0,-59800000.0,0.0,0.0,-59400000.0,-56300000.0,-50000000.0,-188400000.0,-293800000.0,-182400000,2013-04-30,102.16000366210938,103.6500015258789,101.91999816894531,103.2300033569336,82.67776489257812,519000.0
2013-07-31,1350900000.0,-858000000.0,492900000.0,-273800000.0,-250200000.0,,-24500000.0,219100000.0,-23800000.0,-23800000.0,195300000,-5800000.0,189500000,-62900000.0,126600000,,126600000,126600000,157500000.0,357300000.0,1059300000.0,1629900000.0,1139200000.0,,6264800000.0,7404000000.0,9033900000,347900000.0,150000000.0,803100000.0,1867100000.0,3155700000.0,3958800000,4114600000.0,,1040800000.0,5075100000.0,9033900000,126600000.0,62100000.0,4700000.0,-111300000.0,,,,,82100000.0,-35200000.0,,,-42300000.0,-55400000.0,,-165300000.0,-135600000.0,-98900000,2013-07-31,112.7300033569336,113.18000030517578,112.0,112.5199966430664,90.5687255859375,542200.0
2013-10-31,1559900000.0,-1007300000.0,552600000.0,-294900000.0,-270300000.0,,-24700000.0,257700000.0,-20800000.0,-20500000.0,236900000,-6900000.0,230000000,-76600000.0,153400000,,153400000,153400000,150500000.0,464200000.0,1023700000.0,1762300000.0,1163200000.0,,6320500000.0,7483700000.0,9246000000,333000000.0,150000000.0,896000000.0,1883600000.0,3182100000.0,4078100000,4118700000.0,,1133200000.0,5167900000.0,9246000000,153400000.0,64200000.0,5600000.0,-137300000.0,,,,,85900000.0,-46800000.0,,-102000000.0,-150600000.0,-61000000.0,207000000.0,100000.0,59700000.0,-7000000,2013-10-31,111.2699966430664,111.61000061035156,110.62999725341795,111.20999908447266,89.97242736816406,460400.0
2014-01-31,1465500000.0,-920300000.0,545200000.0,-274600000.0,-250300000.0,,-24900000.0,270600000.0,-17000000.0,-18400000.0,253600000,-7100000.0,246500000,-79800000.0,166700000,,166700000,166700000,168600000.0,365200000.0,864800000.0,1508100000.0,1185300000.0,,6295600000.0,7480900000.0,8989000000,275500000.0,150000000.0,608300000.0,1879400000.0,3175900000.0,3784200000,4099100000.0,,1201000000.0,5204800000.0,8989000000,166700000.0,65000000.0,3100000.0,186300000.0,,,,,421100000.0,-65100000.0,,200000.0,-64300000.0,-61000000.0,-207000000.0,-61400000.0,-329300000.0,18100000,2014-01-31,96.62000274658205,97.76000213623048,96.3000030517578,96.38999938964844,78.40595245361328,932600.0
2014-04-30,1234300000.0,-794000000.0,440300000.0,-243100000.0,-218000000.0,,-24800000.0,197200000.0,-7700000.0,-16700000.0,189500000,-5800000.0,183700000,-65200000.0,118500000,,118500000,118500000,153500000.0,309400000.0,931000000.0,1539100000.0,1265600000.0,,6255500000.0,7521100000.0,9060200000,464000000.0,343200000.0,885800000.0,1873100000.0,3144800000.0,4030600000,3991200000.0,,1091000000.0,5029600000.0,9060200000,118500000.0,65100000.0,-8800000.0,92100000.0,,,,,266900000.0,-121700000.0,10000000.0,0.0,-113100000.0,-60600000.0,198400000.0,-281900000.0,-170300000.0,-15100000,2014-04-30,96.6500015258789,96.9499969482422,96.06999969482422,96.68000030517578,79.12995147705078,579500.0
2014-07-31,1323800000.0,-845100000.0,478700000.0,-278500000.0,-253400000.0,,-24900000.0,200200000.0,-16100000.0,-17400000.0,184100000,-8600000.0,175500000,-59500000.0,116000000,,116000000,116000000,149400000.0,392500000.0,1084500000.0,1728200000.0,1274700000.0,,6247300000.0,7522000000.0,9250200000,339300000.0,0.0,1019300000.0,1881100000.0,3146500000.0,4165800000,4003700000.0,,1137700000.0,5084400000.0,9250200000,116000000.0,63200000.0,6000000.0,-193300000.0,,,,,-8100000.0,-47800000.0,,0.0,-52100000.0,-58900000.0,121600000.0,-10600000.0,59900000.0,-4100000,2014-07-31,102.11000061035156,102.11000061035156,99.54000091552734,99.63999938964844,82.02648162841797,834500.0
2014-10-31,1481800000.0,-945300000.0,536500000.0,-278900000.0,-252400000.0,,-25200000.0,257600000.0,-15900000.0,-16200000.0,241700000,-2800000.0,238900000,-80600000.0,158300000,,158300000,158300000,105300000.0,453200000.0,1065200000.0,1725800000.0,1305000000.0,,6304000000.0,7609000000.0,9334800000,288500000.0,545900000.0,1004100000.0,1890800000.0,3165700000.0,4169800000,4008300000.0,,1231000000.0,5165000000.0,9334800000,158300000.0,63100000.0,4800000.0,-134200000.0,,,,,92000000.0,-64700000.0,,-80300000.0,-142000000.0,-65000000.0,75900000.0,-700000.0,11800000.0,-44100000,2014-10-31,103.87999725341795,104.51000213623048,103.4499969482422,104.0,86.15321350097656,651700.0
2015-01-31,1440000000.0,-917100000.0,522900000.0,-261900000.0,-237300000.0,,-25200000.0,261000000.0,-16700000.0,-16800000.0,244300000,-5900000.0,238400000,-77500000.0,160900000,,160900000,160900000,111700000.0,373900000.0,944200000.0,1515600000.0,1323300000.0,,6256700000.0,7580000000.0,9095600000,249700000.0,288000000.0,710100000.0,1891800000.0,3161300000.0,3871400000,4007800000.0,,1326000000.0,5224200000.0,9095600000,160900000.0,63100000.0,4500000.0,145700000.0,,,,,374200000.0,-48000000.0,,-200000.0,-5400000.0,-65100000.0,-281900000.0,-4000000.0,-350100000.0,6400000,2015-01-30,104.43000030517578,104.44000244140624,103.01000213623048,103.1500015258789,85.97452545166016,453600.0
2015-04-30,1447100000.0,-1016500000.0,430600000.0,-319600000.0,-288200000.0,,-34400000.0,111000000.0,-200300000.0,-29500000.0,-89300000,-40500000.0,-129800000,39500000.0,-90300000,,-90300000,-90300000,125600000.0,430100000.0,1163600000.0,1983900000.0,1678300000.0,,13144100000.0,14822400000.0,16806300000,684600000.0,226000000.0,1022600000.0,5944900000.0,8696800000.0,9719400000,6037600000.0,,1159200000.0,7086900000.0,16806300000,-90300000.0,77800000.0,158700000.0,81300000.0,,,,,227500000.0,-84600000.0,,-1240000000.0,-1342700000.0,-65000000.0,1250600000.0,-9000000.0,1135700000.0,13900000,2015-04-30,116.0,117.0,115.22000122070312,115.91999816894531,97.16776275634766,871100.0
2015-07-31,1952000000.0,-1223300000.0,728700000.0,-438700000.0,-387600000.0,,-53000000.0,290000000.0,-44300000.0,-44400000.0,245700000,-22900000.0,222800000,-86400000.0,136400000,,136400000,136400000,133600000.0,507900000.0,1150800000.0,2025500000.0,1656800000.0,,13076100000.0,14732900000.0,16758400000,460600000.0,302600000.0,1059100000.0,5694700000.0,8569300000.0,9628400000,6046900000.0,,1214000000.0,7130000000.0,16758400000,136400000.0,108700000.0,4600000.0,57300000.0,,,,,307000000.0,-53000000.0,,7900000.0,-38100000.0,-76400000.0,-173400000.0,-6900000.0,-256200000.0,8000000,2015-07-31,111.05999755859376,112.08000183105469,110.5500030517578,111.69000244140624,94.13939666748048,1219400.0
2015-10-31,2077700000.0,-1290400000.0,787300000.0,-442900000.0,-389800000.0,,-53000000.0,344400000.0,-44200000.0,-42600000.0,300200000,-30600000.0,269600000,-93600000.0,176000000,,176000000,176000000,139000000.0,605400000.0,1051400000.0,2006000000.0,1661500000.0,,13027300000.0,14688800000.0,16694800000,481900000.0,370000000.0,1132700000.0,5494500000.0,8328900000.0,9461600000,6052100000.0,,1309900000.0,7233200000.0,16694800000,176000000.0,107700000.0,10200000.0,-18400000.0,,,,,275500000.0,-64200000.0,,0.0,-57900000.0,-80100000.0,-132600000.0,-500000.0,-213200000.0,5400000,2015-10-30,116.41000366210938,118.18000030517578,115.93000030517578,117.38999938964844,99.55623626708984,882900.0
2016-01-31,1973900000.0,-1210100000.0,763800000.0,-404100000.0,-381100000.0,,-52200000.0,359700000.0,-43000000.0,-43600000.0,316700000,-41400000.0,275300000,-90000000.0,185300000,,185300000,185300000,140500000.0,503800000.0,942000000.0,1798400000.0,1623900000.0,,12859200000.0,14483100000.0,16281500000,516300000.0,138000000.0,1006000000.0,5146300000.0,7950000000.0,8956000000,6057300000.0,,1415000000.0,7325500000.0,16281500000,185300000.0,107300000.0,-13300000.0,263000000.0,,,,,542300000.0,-43400000.0,,0.0,126700000.0,-80000000.0,-582000000.0,-400000.0,-662300000.0,1500000,2016-01-29,127.05999755859376,128.42999267578122,126.33000183105469,128.32000732421878,109.46402740478516,1024000.0
2016-04-30,1807600000.0,-1119600000.0,688000000.0,-400900000.0,-351800000.0,,-50200000.0,287100000.0,-35900000.0,-40500000.0,251200000,-41000000.0,210200000,-19200000.0,191000000,,191000000,191000000,109800000.0,450100000.0,899400000.0,1573400000.0,1627700000.0,,12783000000.0,14410700000.0,15984100000,789200000.0,284000000.0,1213000000.0,5146000000.0,7762600000.0,8975600000,5889200000.0,,1267700000.0,7008500000.0,15984100000,191000000.0,106400000.0,-92600000.0,131400000.0,,,,,336200000.0,-36800000.0,,0.0,-9000000.0,-80100000.0,146000000.0,-433300000.0,-367200000.0,-30700000,2016-04-29,127.30999755859376,128.24000549316406,125.79000091552734,126.9800033569336,108.89381408691406,684400.0
2016-07-31,1815800000.0,-1093100000.0,722700000.0,-406700000.0,-356000000.0,,-51700000.0,316000000.0,-40400000.0,-41500000.0,275600000,-22200000.0,253400000,-83400000.0,170000000,,170000000,170000000,109600000.0,523000000.0,1014600000.0,1740700000.0,1598500000.0,,12722600000.0,14321100000.0,16061800000,628300000.0,306000000.0,1288400000.0,5045700000.0,7677500000.0,8965900000,5898300000.0,,1343500000.0,7095900000.0,16061800000,170000000.0,105700000.0,8000000.0,-44800000.0,,,,,238900000.0,-50200000.0,,,-62500000.0,-77800000.0,-78000000.0,-18100000.0,-173200000.0,-200000,2016-07-29,152.30999755859375,154.49000549316406,152.30999755859375,154.16000366210938,132.88067626953122,997600.0
2016-10-31,1913900000.0,-1171000000.0,742900000.0,-413000000.0,-363100000.0,,-51800000.0,329900000.0,-37800000.0,-41000000.0,292100000,-26600000.0,265500000,-88200000.0,177300000,,177300000,177300000,121800000.0,517800000.0,1028400000.0,1805200000.0,1586700000.0,,12666300000.0,14253000000.0,16058200000,615800000.0,406000000.0,1306300000.0,4945400000.0,7571800000.0,8878100000,5902800000.0,,1433400000.0,7180100000.0,16058200000,177300000.0,104800000.0,7200000.0,-152900000.0,,,,,136400000.0,-33800000.0,,,-33800000.0,-87100000.0,0.0,-700000.0,-87900000.0,12200000,2016-10-31,131.78999328613278,132.07000732421878,130.80000305175778,131.30999755859378,113.73908996582031,638400.0
2017-01-31,1878800000.0,-1155900000.0,722900000.0,-391500000.0,-337200000.0,,-51700000.0,331400000.0,-40100000.0,-40300000.0,291300000,-93700000.0,197600000,-63000000.0,134600000,,134600000,134600000,139600000.0,421400000.0,995600000.0,1690900000.0,1574300000.0,,12546500000.0,14120800000.0,15811700000,576100000.0,142000000.0,997200000.0,4945000000.0,7572600000.0,8569800000,5907600000.0,,1480700000.0,7241900000.0,15811700000,134600000.0,104300000.0,80300000.0,100300000.0,,,,,419500000.0,-52200000.0,,,-51800000.0,-87200000.0,-264000000.0,-200000.0,-351300000.0,17800000,2017-01-31,133.77000427246094,135.91000366210938,133.77000427246094,135.85000610351562,118.34671783447266,1590800.0
2017-04-30,1783800000.0,-1137000000.0,646800000.0,-371400000.0,-323300000.0,,-52100000.0,275400000.0,-45900000.0,-40300000.0,229500000,-67600000.0,161900000,-51500000.0,110400000,,110400000,110400000,166800000.0,438700000.0,905700000.0,1641800000.0,1617500000.0,,12380400000.0,13997900000.0,15639700000,756500000.0,953000000.0,1832600000.0,4445500000.0,6956900000.0,8789500000,5753100000.0,,1240500000.0,6850200000.0,15639700000,110400000.0,104200000.0,-43600000.0,93200000.0,,,,,264200000.0,-55700000.0,,0.0,-41600000.0,-87200000.0,312000000.0,-418600000.0,-193700000.0,27200000,2017-04-28,126.23999786376952,126.8000030517578,125.7699966430664,126.72000122070312,110.98910522460938,760800.0
2017-07-31,1748900000.0,-1086800000.0,662100000.0,-399800000.0,-348800000.0,,-51500000.0,262300000.0,-46200000.0,-42000000.0,216100000,-27100000.0,189000000,-62200000.0,126800000,,126800000,126800000,183200000.0,433700000.0,981300000.0,1692100000.0,1595700000.0,,12353800000.0,13949500000.0,15641600000,640000000.0,783200000.0,1750900000.0,4444800000.0,6958800000.0,8709700000,5760800000.0,,1277800000.0,6931900000.0,15641600000,126800000.0,106000000.0,6600000.0,64900000.0,,,,,304300000.0,-69600000.0,,0.0,-38100000.0,-84900000.0,-170100000.0,-6600000.0,-260100000.0,16400000,2017-07-31,122.4499969482422,122.48999786376952,121.75,121.9000015258789,107.40936279296876,776600.0
2017-10-31,1923600000.0,-1168600000.0,755000000.0,-413200000.0,-359500000.0,,-51600000.0,341800000.0,-40300000.0,-41600000.0,301500000,-9700000.0,291800000,-97200000.0,194600000,,194600000,194600000,180300000.0,481600000.0,1011700000.0,1785800000.0,1615700000.0,,12300500000.0,13916200000.0,15702000000,645600000.0,963500000.0,1854500000.0,4294100000.0,6811200000.0,8665700000,5766200000.0,,1383800000.0,7036300000.0,15702000000,194600000.0,102200000.0,7600000.0,-174100000.0,,,,,130300000.0,-60400000.0,,0.0,-68200000.0,-88500000.0,30100000.0,-100000.0,-61100000.0,-2900000,2017-10-31,103.4000015258789,106.12999725341795,103.0999984741211,106.0500030517578,94.04582214355469,1748000.0
2018-01-31,1903300000.0,-1174800000.0,728500000.0,-382000000.0,-330600000.0,,-51600000.0,346500000.0,-48000000.0,-43100000.0,298500000,-182500000.0,116000000,715300000.0,831300000,,831300000,831300000,186200000.0,422700000.0,909100000.0,1609900000.0,1633700000.0,,12085600000.0,13719300000.0,15329200000,588500000.0,254000000.0,1089900000.0,4688500000.0,6435100000.0,7525000000,5768600000.0,,2126700000.0,7804200000.0,15329200000,831300000.0,103700000.0,-635500000.0,169500000.0,,,,,469000000.0,-71400000.0,,0.0,-65500000.0,-88000000.0,-310700000.0,-200000.0,-404000000.0,5900000,2018-01-31,127.66000366210938,127.95999908447266,126.29000091552734,126.88999938964844,113.38233947753906,4547100.0
2018-04-30,2262200000.0,-1492100000.0,770100000.0,-522900000.0,-469700000.0,,-85600000.0,247200000.0,-92500000.0,-81200000.0,154700000,-49899999.0,104800001,-743100000.0,-638299999,,-638299999,-638299999,192600000.0,385600000.0,854400000.0,1555000000.0,1729100000.0,,12017100000.0,13746200000.0,15301200000,782100000.0,144000000.0,1033800000.0,4688000000.0,6376300000.0,7410100000,5768600000.0,,2239200000.0,7891100000.0,15301200000,-638300000.0,134400000.0,709400000.0,32100000.0,,,,,237600000.0,-158400000.0,,-1903000000.0,-1752400000.0,-116500000.0,1532700000.0,1500000.0,1424200000.0,-110700000,2018-04-30,116.77999877929688,116.86000061035156,113.70999908447266,114.08000183105469,102.6038589477539,1146700.0
2018-07-31,1902500000.0,-1224300000.0,678200000.0,-443600000.0,-383300000.0,,-60500000.0,234600000.0,-53800000.0,-53600000.0,180800000,-7700000.0,173100000,-40100000.0,133000000,,133000000,133000000,192000000.0,504200000.0,1017400000.0,1805800000.0,1827900000.0,,13879300000.0,15707200000.0,17513000000,673700000.0,530000000.0,1544000000.0,6184900000.0,8038200000.0,9582200000,5774000000.0,,2275600000.0,7930800000.0,17513000000,133000000.0,111900000.0,5700000.0,-7600000.0,,,,,243000000.0,-101300000.0,,-1905000000.0,-2031500000.0,-88400000.0,1886000000.0,-4700000.0,1790500000.0,-600000,2018-07-31,111.37000274658205,112.4000015258789,110.22000122070312,111.12000274658205,100.63142395019531,1294200.0
2018-10-31,2021500000.0,-1250200000.0,771300000.0,-415400000.0,-382400000.0,,-59700000.0,355900000.0,-61100000.0,-53600000.0,294800000,-25400000.0,269400000,-80900000.0,188500000,,188500000,188500000,171200000.0,561900000.0,966200000.0,1787200000.0,1818700000.0,,13568300000.0,15387000000.0,17174200000,671600000.0,390000000.0,1434500000.0,5885100000.0,7709700000.0,9144200000,5778800000.0,,2367600000.0,8030000000.0,17174200000,188500000.0,111200000.0,-18800000.0,-78000000.0,,,,,202900000.0,-77800000.0,,2000000.0,312600000.0,-96500000.0,-440000000.0,-300000.0,-534300000.0,-20800000,2018-10-31,108.9800033569336,109.66000366210938,105.51000213623048,108.31999969482422,98.8419189453125,2108900.0
2019-01-31,2011900000.0,-1238100000.0,773800000.0,-430200000.0,-373100000.0,,-59700000.0,343600000.0,-60400000.0,-51600000.0,283200000,-126000000.0,157200000,-35800000.0,121400000,,121400000,121400000,206500000.0,502600000.0,924700000.0,1726200000.0,1847900000.0,,13353500000.0,15201400000.0,16927600000,636700000.0,803300000.0,1816400000.0,5285800000.0,7089600000.0,8906000000,5782300000.0,,2392600000.0,8021600000.0,16927600000,121400000.0,110900000.0,93700000.0,95100000.0,,,,,421100000.0,-87600000.0,,0.0,-103900000.0,-96500000.0,-186000000.0,-200000.0,-282600000.0,35300000,2019-01-31,103.25,105.27999877929688,102.8499984741211,104.87999725341795,96.4222412109375,930400.0
2019-04-30,1865100000.0,-1086400000.0,778700000.0,-420800000.0,-335500000.0,,-56400000.0,357900000.0,-21100000.0,-30400000.0,336800000,90200000.0,427000000,-90400000.0,336600000,,336600000,336600000,101300000.0,503800000.0,910300000.0,1625200000.0,1912400000.0,,13173700000.0,15086100000.0,16711300000,733700000.0,1224500000.0,2341500000.0,4686300000.0,6399300000.0,8740800000,5784700000.0,,2367600000.0,7970500000.0,16711300000,336600000.0,112500000.0,-217500000.0,156200000.0,,,,,387800000.0,-2600000.0,,1903000000.0,1551300000.0,-115400000.0,-1547600000.0,8100000.0,-1662300000.0,275900000,2019-04-30,122.3499984741211,123.06999969482422,121.3000030517578,122.62999725341795,113.67230987548828,1240600.0
2019-07-31,1778900000.0,-1079300000.0,699600000.0,-438700000.0,-380500000.0,,-58800000.0,260900000.0,-50900000.0,-49400000.0,210000000,-3300000.0,206700000,-52100000.0,154600000,,154600000,154600000,48800000.0,473700000.0,1013300000.0,1613500000.0,1909200000.0,,13268900000.0,15178100000.0,16791600000,708400000.0,1094900000.0,2290800000.0,4685300000.0,6493100000.0,8783900000,5802500000.0,,2421900000.0,8007700000.0,16791600000,154600000.0,109600000.0,6400000.0,-49100000.0,,,,,221500000.0,-73000000.0,,0.0,-52100000.0,-96500000.0,-130000000.0,4100000.0,-222600000.0,-52500000,2019-07-31,113.0999984741211,113.70999908447266,110.08000183105469,111.19000244140624,103.75969696044922,1001100.0
2019-10-31,1957800000.0,-1203800000.0,754000000.0,-420900000.0,-361500000.0,,-58800000.0,333100000.0,-50700000.0,-49100000.0,282400000,-3300000.0,279100000,-67900000.0,211200000,,211200000,211200000,48800000.0,522400000.0,1013300000.0,1659200000.0,1915500000.0,,13216300000.0,15131800000.0,16791000000,736000000.0,1127400000.0,2310100000.0,4584500000.0,6385600000.0,8695700000,5810700000.0,,2533000000.0,8095300000.0,16791000000,211200000.0,111400000.0,13900000.0,-112500000.0,,,,,224000000.0,-63400000.0,,0.0,-52100000.0,-100100000.0,-72900000.0,-600000.0,-172600000.0,0,2019-10-31,106.79000091552734,107.31999969482422,105.01000213623048,105.68000030517578,99.38944244384766,1142000.0
2020-01-31,1972300000.0,-1212300000.0,760000000.0,-415300000.0,-358900000.0,,-58800000.0,344700000.0,-46500000.0,-45100000.0,298200000,-55700000.0,242500000,-55100000.0,187400000,,187400000,187400000,74400000.0,477300000.0,958800000.0,1602700000.0,1911700000.0,,13121800000.0,15033500000.0,16636200000,773700000.0,809800000.0,2077400000.0,4583300000.0,6388400000.0,8465800000,5816200000.0,,2620500000.0,8170400000.0,16636200000,187400000.0,112100000.0,67800000.0,154300000.0,,,,,521600000.0,-56500000.0,,,-73400000.0,-100100000.0,-319700000.0,-800000.0,-420900000.0,25600000,2020-01-31,105.72000122070312,105.95999908447266,103.55999755859376,103.61000061035156,98.2601089477539,2069700.0
2020-04-30,2092000000.0,-1303600000.0,788400000.0,-435100000.0,-373400000.0,,-59900000.0,353300000.0,-48300000.0,-45600000.0,305000000,-6600000.0,298400000,-72100000.0,226300000,,226300000,226300000,391100000.0,551400000.0,895300000.0,1972700000.0,1969400000.0,,13028300000.0,14997700000.0,16970400000,1149600000.0,248000000.0,1587100000.0,5373300000.0,7192400000.0,8779500000,5823100000.0,,2746800000.0,8190900000.0,16970400000,226300000.0,113400000.0,-225000000.0,173000000.0,,,,,287700000.0,-76400000.0,,,-93900000.0,-100100000.0,235000000.0,200000.0,127400000.0,316700000,2020-04-30,113.88999938964844,116.33999633789062,112.5999984741211,114.91000366210938,109.85977172851562,2795900.0
2020-07-31,1971800000.0,-1196400000.0,775400000.0,-414300000.0,-357500000.0,,-59600000.0,361100000.0,-47500000.0,-46100000.0,313600000,0.0,313600000,-76600000.0,237000000,,237000000,237000000,396600000.0,497600000.0,995000000.0,1984800000.0,1948600000.0,,12968900000.0,14917500000.0,16902300000,968900000.0,695800000.0,2073100000.0,4672800000.0,6484000000.0,8557100000,5823800000.0,,2882300000.0,8345200000.0,16902300000,237000000.0,113700000.0,9700000.0,48600000.0,,,,,409000000.0,-76600000.0,,,-49200000.0,-100100000.0,-252200000.0,-4600000.0,-357300000.0,5500000,2020-07-31,109.20999908447266,109.51000213623048,107.8499984741211,109.3499984741211,105.328369140625,1773200.0
