Report Date,Revenue,Cost of Revenue,Gross Profit,Operating Expenses,"Selling, General & Administrative",Research & Development,Depreciation & Amortization,Operating Income (Loss),Non-Operating Income (Loss),"Interest Expense, Net","Pretax Income (Loss), Adj.",Abnormal Gains (Losses),Pretax Income (Loss),"Income Tax (Expense) Benefit, Net",Income (Loss) from Continuing Operations,Net Extraordinary Gains (Losses),Net Income,Net Income (Common),"Cash, Cash Equivalents & Short Term Investments",Accounts & Notes Receivable,Inventories,Total Current Assets,"Property, Plant & Equipment, Net",Long Term Investments & Receivables,Other Long Term Assets,Total Noncurrent Assets,Total Assets,Payables & Accruals,Short Term Debt,Total Current Liabilities,Long Term Debt,Total Noncurrent Liabilities,Total Liabilities,Share Capital & Additional Paid-In Capital,Treasury Stock,Retained Earnings,Total Equity,Total Liabilities & Equity,Net Income/Starting Line,Depreciation & Amortization,Non-Cash Items,Change in Working Capital,Change in Accounts Receivable,Change in Inventories,Change in Accounts Payable,Change in Other,Net Cash from Operating Activities,Change in Fixed Assets & Intangibles,Net Change in Long Term Investment,Net Cash from Acquisitions & Divestitures,Net Cash from Investing Activities,Dividends Paid,Cash from (Repayment of) Debt,Cash from (Repurchase of) Equity,Net Cash from Financing Activities,Net Change in Cash,Price Date,Open,High,Low,Close,Adj Close,Volume
2009-06-30,5528000000.0,-4432000000.0,1096000000.0,-328000000.0,-131000000.0,-197000000.0,,828000000.0,-61000000.0,-61000000.0,767000000,,767000000,-152000000.0,615000000,,613000000,613000000,4411000000.0,6107000000.0,2021000000.0,13655000000.0,,464000000.0,18841000000.0,19305000000.0,32960000000,5887000000.0,1574000000.0,7461000000.0,4291000000.0,6765000000.0,14226000000,4718000000.0,-4668000000.0,20940000000.0,18734000000.0,32960000000,616000000.0,626000000.0,-16000000.0,287000000.0,,,,,1513000000.0,-504000000.0,,-186000000.0,-897000000.0,-251000000.0,-369000000.0,27000000.0,-593000000.0,24000000,2009-06-30,55.0,55.63000106811523,53.04999923706055,54.11000061035156,40.46738815307617,10819200.0
2009-09-30,5430000000.0,-4144000000.0,1286000000.0,-326000000.0,-128000000.0,-198000000.0,,1034000000.0,-54000000.0,-54000000.0,980000000,0.0,980000000,-191000000.0,789000000,,787000000,787000000,4229000000.0,6087000000.0,1967000000.0,13382000000.0,,625000000.0,19068000000.0,19693000000.0,33075000000,5915000000.0,1200000000.0,7115000000.0,4312000000.0,6497000000.0,13612000000,4746000000.0,-4568000000.0,21475000000.0,19463000000.0,33075000000,788000000.0,613000000.0,-176000000.0,55000000.0,,,,,1280000000.0,-467000000.0,,-277000000.0,-863000000.0,-256000000.0,-391000000.0,114000000.0,-533000000.0,-115000000,2009-09-30,60.91999816894531,61.04999923706055,58.90999984741211,59.599998474121094,44.73697280883789,8466700.0
2009-12-31,5744000000.0,-4433000000.0,1311000000.0,-89000000.0,128000000.0,-217000000.0,,1284000000.0,-51000000.0,-51000000.0,1233000000,-238000000.0,995000000,-175000000.0,820000000,-22000000.0,796000000,796000000,4616000000.0,6088000000.0,1866000000.0,13650000000.0,,738000000.0,19077000000.0,19815000000.0,33465000000,6134000000.0,1125000000.0,7259000000.0,4355000000.0,6977000000.0,14236000000,4777000000.0,-5002000000.0,22019000000.0,19229000000.0,33465000000,820000000.0,628000000.0,-39000000.0,558000000.0,,,,,1967000000.0,-676000000.0,,-39000000.0,-1093000000.0,-248000000.0,-35000000.0,-450000000.0,-733000000.0,96000000,2009-12-31,65.63999938964844,66.0,65.05000305175781,65.08999633789061,49.02092361450195,3451200.0
2010-03-31,5598000000.0,-4415000000.0,1183000000.0,-279000000.0,-72000000.0,-207000000.0,,968000000.0,-45000000.0,-45000000.0,923000000,-35000000.0,888000000,-214000000.0,674000000,,672000000,672000000,4203000000.0,5972000000.0,1851000000.0,13065000000.0,,708000000.0,19110000000.0,19818000000.0,32883000000,5820000000.0,934000000.0,6754000000.0,4052000000.0,6590000000.0,13344000000,4841000000.0,-5221000000.0,22440000000.0,19539000000.0,32883000000,674000000.0,620000000.0,-31000000.0,-274000000.0,,,,,989000000.0,-449000000.0,,-117000000.0,-199000000.0,-254000000.0,-291000000.0,-222000000.0,-767000000.0,23000000,2010-03-31,63.43000030517578,63.56000137329102,62.93999862670898,63.459999084472656,47.94881820678711,11957700.0
2010-06-30,5937000000.0,-4652000000.0,1285000000.0,-290000000.0,-74000000.0,-216000000.0,,1046000000.0,-53000000.0,-53000000.0,993000000,,993000000,-177000000.0,816000000,,818000000,818000000,3078000000.0,6234000000.0,1865000000.0,12230000000.0,,652000000.0,20135000000.0,20787000000.0,33017000000,6009000000.0,767000000.0,6776000000.0,3729000000.0,6357000000.0,13133000000,4920000000.0,-5420000000.0,23007000000.0,19884000000.0,33017000000,817000000.0,638000000.0,-56000000.0,-102000000.0,,,,,1297000000.0,-634000000.0,,-917000000.0,-499000000.0,-251000000.0,-111000000.0,-486000000.0,-834000000.0,-37000000,2010-06-30,55.34000015258789,56.61999893188477,55.02000045776367,55.34000015258789,41.96035385131836,13046800.0
2010-09-30,6845000000.0,-5471000000.0,1374000000.0,-315000000.0,-75000000.0,-240000000.0,,1113000000.0,-47000000.0,-47000000.0,1066000000,874000000.0,1940000000,-209000000.0,1731000000,,1734000000,1734000000,2625000000.0,8600000000.0,3941000000.0,16446000000.0,,600000000.0,32808000000.0,33408000000.0,49854000000,7811000000.0,1916000000.0,10061000000.0,4820000000.0,8677000000.0,18738000000,11874000000.0,-2803000000.0,24454000000.0,31116000000.0,49854000000,1731000000.0,693000000.0,-1442000000.0,-172000000.0,,,,,810000000.0,-824000000.0,,390000000.0,442000000.0,-251000000.0,-222000000.0,-268000000.0,-741000000.0,511000000,2010-09-30,62.209999084472656,62.959999084472656,61.290000915527344,61.61000061035156,46.89104461669922,10171200.0
2010-12-31,8292000000.0,-6559000000.0,1733000000.0,-346000000.0,-90000000.0,-256000000.0,,1433000000.0,-62000000.0,-62000000.0,1371000000,-60000000.0,1311000000,-279000000.0,1032000000,12000000.0,1043000000,1043000000,4990000000.0,8278000000.0,3804000000.0,18098000000.0,,484000000.0,33185000000.0,33669000000.0,51767000000,8270000000.0,2595000000.0,10865000000.0,5517000000.0,9458000000.0,20323000000,11920000000.0,-3136000000.0,25210000000.0,31444000000.0,51767000000,1031000000.0,806000000.0,-299000000.0,875000000.0,,,,,2413000000.0,-1005000000.0,,-58000000.0,-2680000000.0,-284000000.0,1557000000.0,-340000000.0,933000000.0,650000000,2010-12-31,83.31999969482422,83.81999969482422,83.0,83.5,63.72755813598633,3385000.0
2011-03-31,8716000000.0,-7055000000.0,1661000000.0,-347000000.0,-93000000.0,-254000000.0,,1345000000.0,-73000000.0,-73000000.0,1272000000,-34000000.0,1238000000,-295000000.0,943000000,,944000000,944000000,4163000000.0,8891000000.0,4092000000.0,18211000000.0,,458000000.0,33703000000.0,34161000000.0,52372000000,8210000000.0,2189000000.0,10399000000.0,6422000000.0,10347000000.0,20746000000,11983000000.0,-3740000000.0,25814000000.0,31626000000.0,52372000000,943000000.0,788000000.0,57000000.0,-952000000.0,,,,,836000000.0,-770000000.0,,-74000000.0,-385000000.0,-291000000.0,152000000.0,-608000000.0,-747000000.0,-289000000,2011-03-31,94.26000213623048,95.29000091552734,93.1500015258789,93.26000213623048,71.37387084960938,7492400.0
2011-06-30,8990000000.0,-7023000000.0,1967000000.0,-420000000.0,-139000000.0,-281000000.0,,1576000000.0,-69000000.0,-69000000.0,1507000000,-32000000.0,1475000000,-366000000.0,1109000000,233000000.0,1339000000,1339000000,4933000000.0,9356000000.0,4306000000.0,19942000000.0,,318000000.0,33759000000.0,34077000000.0,54019000000,8559000000.0,3817000000.0,12376000000.0,5745000000.0,9581000000.0,21957000000,12044000000.0,-4417000000.0,26815000000.0,32062000000.0,54019000000,1096000000.0,801000000.0,-112000000.0,-554000000.0,,,,,1231000000.0,-946000000.0,,-49000000.0,-1493000000.0,-340000000.0,786000000.0,-682000000.0,-236000000.0,-97000000,2011-06-30,85.5,86.79000091552734,85.5,86.4000015258789,66.31838226318361,8670400.0
2011-09-30,9546000000.0,-7444000000.0,2102000000.0,-353000000.0,-87000000.0,-266000000.0,,1783000000.0,-70000000.0,-70000000.0,1713000000,-26000000.0,1687000000,-398000000.0,1289000000,16000000.0,1301000000,1301000000,6064000000.0,9493000000.0,4469000000.0,21260000000.0,,255000000.0,34066000000.0,34321000000.0,55581000000,8564000000.0,2743000000.0,11307000000.0,8740000000.0,12651000000.0,23958000000,11606000000.0,-5088000000.0,27780000000.0,31623000000.0,55581000000,1289000000.0,826000000.0,-115000000.0,-349000000.0,,,,,1651000000.0,-1041000000.0,,-25000000.0,-1869000000.0,-337000000.0,2175000000.0,-646000000.0,576000000.0,354000000,2011-09-30,60.0,61.25,59.38000106811523,59.72999954223633,45.99603652954102,14907900.0
2011-12-31,9327000000.0,-7280000000.0,2047000000.0,-358000000.0,-98000000.0,-260000000.0,,1725000000.0,-86000000.0,-86000000.0,1639000000,-21000000.0,1618000000,-433000000.0,1185000000,232000000.0,1413000000,1413000000,4827000000.0,9500000000.0,4700000000.0,20539000000.0,,256000000.0,34406000000.0,34662000000.0,55201000000,9161000000.0,1377000000.0,10538000000.0,8556000000.0,13271000000.0,23809000000,11639000000.0,-5679000000.0,28860000000.0,31392000000.0,55201000000,1198000000.0,859000000.0,-46000000.0,151000000.0,,,,,2162000000.0,-1247000000.0,,-38000000.0,-151000000.0,-332000000.0,-1340000000.0,-624000000.0,-2293000000.0,-27000000,2011-12-30,67.23999786376953,68.54000091552734,67.13999938964844,68.30999755859375,52.79387664794922,5536100.0
2012-03-31,9918000000.0,-7811000000.0,2107000000.0,-372000000.0,-97000000.0,-275000000.0,,1782000000.0,-80000000.0,-80000000.0,1702000000,-15000000.0,1687000000,-400000000.0,1287000000,19000000.0,1301000000,1301000000,4085000000.0,10401000000.0,5118000000.0,21292000000.0,,281000000.0,34793000000.0,35074000000.0,56366000000,9074000000.0,1728000000.0,10802000000.0,8439000000.0,13076000000.0,23878000000,11685000000.0,-5767000000.0,29794000000.0,32488000000.0,56366000000,1287000000.0,851000000.0,-28000000.0,-1352000000.0,,,,,758000000.0,-960000000.0,,,-744000000.0,-334000000.0,99000000.0,-121000000.0,-356000000.0,-359000000,2012-03-30,69.87999725341797,70.41999816894531,68.80000305175781,69.93000030517578,54.236976623535156,10874100.0
2012-06-30,10341000000.0,-8119000000.0,2222000000.0,-388000000.0,-101000000.0,-287000000.0,,1879000000.0,-78000000.0,-78000000.0,1801000000,-22000000.0,1779000000,-439000000.0,1340000000,75000000.0,1403000000,1403000000,3493000000.0,10802000000.0,4762000000.0,21040000000.0,,261000000.0,35712000000.0,35973000000.0,57013000000,9005000000.0,2521000000.0,11526000000.0,7953000000.0,12520000000.0,24046000000,11761000000.0,-6209000000.0,30830000000.0,32967000000.0,57013000000,1286000000.0,855000000.0,-249000000.0,-1253000000.0,,,,,639000000.0,-1120000000.0,,-682000000.0,-1181000000.0,-367000000.0,603000000.0,-469000000.0,-219000000.0,175000000,2012-06-29,64.41999816894531,65.48000335693361,64.01999664306639,64.91000366210939,50.55027770996094,10193500.0
2012-09-30,10498000000.0,-8237000000.0,2261000000.0,-386000000.0,-95000000.0,-291000000.0,,1919000000.0,-89000000.0,-89000000.0,1830000000,-32000000.0,1798000000,-436000000.0,1362000000,65000000.0,1424000000,1424000000,4760000000.0,11450000000.0,4921000000.0,22951000000.0,,246000000.0,36244000000.0,36490000000.0,59441000000,9740000000.0,1792000000.0,11532000000.0,9397000000.0,13598000000.0,25130000000,11840000000.0,-6200000000.0,31889000000.0,34311000000.0,59441000000,1363000000.0,864000000.0,-109000000.0,-79000000.0,,,,,2039000000.0,-1081000000.0,,-31000000.0,-2112000000.0,-366000000.0,591000000.0,4000000.0,230000000.0,331000000,2012-09-28,73.31999969482422,73.31999969482422,71.98999786376953,72.33000183105469,56.53781509399414,5769000.0
2012-12-31,10974000000.0,-8718000000.0,2256000000.0,-412000000.0,-112000000.0,-300000000.0,,1880000000.0,-93000000.0,-93000000.0,1787000000,-92000000.0,1695000000,-425000000.0,1270000000,101000000.0,1362000000,1362000000,6274000000.0,11351000000.0,4785000000.0,24156000000.0,,245000000.0,37146000000.0,37391000000.0,61547000000,10247000000.0,2121000000.0,12368000000.0,9509000000.0,14321000000.0,26689000000,11912000000.0,-6160000000.0,32887000000.0,34858000000.0,61547000000,1323000000.0,1077000000.0,390000000.0,689000000.0,,,,,3479000000.0,-1533000000.0,-372000000.0,-132000000.0,-3508000000.0,-365000000.0,343000000.0,24000000.0,6000000.0,53000000,2012-12-31,67.87000274658203,69.34999847412111,67.63999938964844,69.30000305175781,54.38079833984375,6375100.0
2013-03-31,10570000000.0,-8409000000.0,2161000000.0,-387000000.0,-95000000.0,-292000000.0,,1807000000.0,-98000000.0,-98000000.0,1709000000,-92000000.0,1617000000,-406000000.0,1211000000,56000000.0,1259000000,1259000000,5561000000.0,11502000000.0,4973000000.0,23727000000.0,,266000000.0,37435000000.0,37701000000.0,61428000000,9809000000.0,2962000000.0,12771000000.0,8138000000.0,12876000000.0,25647000000,11946000000.0,-6139000000.0,33729000000.0,35781000000.0,61428000000,1211000000.0,896000000.0,-11000000.0,-958000000.0,,,,,1138000000.0,-894000000.0,,-39000000.0,-106000000.0,-365000000.0,-393000000.0,-27000000.0,-785000000.0,224000000,2013-03-28,74.97000122070312,75.63999938964844,74.5,74.88999938964844,58.9937515258789,7267200.0
2013-06-30,11182000000.0,-8712000000.0,2470000000.0,-393000000.0,-100000000.0,-293000000.0,,2107000000.0,-98000000.0,-98000000.0,2009000000,664000000.0,2673000000,-449000000.0,2224000000,-124000000.0,2095000000,2095000000,5925000000.0,11277000000.0,4955000000.0,23799000000.0,,417000000.0,39035000000.0,39452000000.0,63251000000,9596000000.0,2858000000.0,12454000000.0,9098000000.0,13749000000.0,26203000000,12025000000.0,-6605000000.0,35409000000.0,37048000000.0,63251000000,2225000000.0,1007000000.0,-650000000.0,75000000.0,,,,,2657000000.0,-906000000.0,-367000000.0,-678000000.0,-2059000000.0,-416000000.0,801000000.0,-476000000.0,-91000000.0,457000000,2013-06-28,71.80999755859375,72.27999877929688,71.5999984741211,71.66000366210938,56.692344665527344,7497100.0
2013-09-30,11608000000.0,-8926000000.0,2682000000.0,-396000000.0,-110000000.0,-286000000.0,,2329000000.0,-98000000.0,-98000000.0,2231000000,,2231000000,-506000000.0,1725000000,,1715000000,1715000000,6435000000.0,12057000000.0,4895000000.0,25093000000.0,,363000000.0,39667000000.0,40030000000.0,65123000000,10255000000.0,2498000000.0,12753000000.0,9916000000.0,14339000000.0,27092000000,12108000000.0,-7208000000.0,36711000000.0,38031000000.0,65123000000,1724000000.0,988000000.0,-170000000.0,234000000.0,,,,,2776000000.0,-953000000.0,-266000000.0,-427000000.0,-1571000000.0,-415000000.0,342000000.0,-608000000.0,-678000000.0,563000000,2013-09-30,87.48999786376953,88.87999725341797,87.16000366210938,88.36000061035156,70.17334747314453,5597200.0
2013-12-31,11906000000.0,-9284000000.0,2622000000.0,-414000000.0,-111000000.0,-303000000.0,,2267000000.0,-97000000.0,-97000000.0,2170000000,0.0,2170000000,-487000000.0,1683000000,-1000000.0,1663000000,1663000000,8370000000.0,11497000000.0,4603000000.0,26225000000.0,,363000000.0,40512000000.0,40875000000.0,67100000000,10742000000.0,2783000000.0,13525000000.0,10393000000.0,13940000000.0,27465000000,12192000000.0,-8135000000.0,37966000000.0,39635000000.0,67100000000,1683000000.0,988000000.0,635000000.0,813000000.0,,,,,4119000000.0,-1190000000.0,-269000000.0,-66000000.0,-3143000000.0,-412000000.0,700000000.0,-948000000.0,-645000000.0,323000000,2013-12-31,89.5,90.20999908447266,89.06999969482422,90.11000061035156,71.81739044189453,3397400.0
2014-03-31,11239000000.0,-8745000000.0,2494000000.0,-390000000.0,-106000000.0,-284000000.0,,2180000000.0,-103000000.0,-103000000.0,2077000000,0.0,2077000000,-469000000.0,1608000000,,1592000000,1592000000,7078000000.0,11680000000.0,4731000000.0,25353000000.0,,358000000.0,41006000000.0,41364000000.0,66717000000,10530000000.0,1369000000.0,11899000000.0,11120000000.0,14638000000.0,26537000000,12246000000.0,-8723000000.0,39036000000.0,40180000000.0,66717000000,1608000000.0,1001000000.0,30000000.0,-802000000.0,,,,,1837000000.0,-864000000.0,-202000000.0,-239000000.0,172000000.0,-410000000.0,-686000000.0,-619000000.0,-1708000000.0,280000000,2014-03-31,97.83000183105469,98.27999877929688,97.22000122070312,97.5,78.0531234741211,5278100.0
2014-06-30,12054000000.0,-9269000000.0,2785000000.0,-432000000.0,-123000000.0,-309000000.0,,2417000000.0,-90000000.0,-90000000.0,2327000000,,2327000000,-506000000.0,1821000000,-205000000.0,1595000000,1595000000,6699000000.0,12251000000.0,4770000000.0,25414000000.0,,480000000.0,42192000000.0,42672000000.0,68086000000,10746000000.0,1505000000.0,12251000000.0,11740000000.0,15133000000.0,27384000000,12338000000.0,-9514000000.0,40111000000.0,40702000000.0,68086000000,1821000000.0,996000000.0,105000000.0,-540000000.0,,,,,2382000000.0,-922000000.0,-175000000.0,-232000000.0,-2608000000.0,-522000000.0,259000000.0,-963000000.0,-1265000000.0,-1485000000,2014-06-30,117.48999786376952,118.12999725341795,117.02999877929688,117.9499969482422,94.7886962890625,6529400.0
2014-09-30,12646000000.0,-9689000000.0,2957000000.0,-426000000.0,-125000000.0,-301000000.0,,2610000000.0,-90000000.0,-90000000.0,2520000000,,2520000000,-556000000.0,1964000000,,1949000000,1949000000,6759000000.0,12352000000.0,4702000000.0,25473000000.0,,473000000.0,42374000000.0,42847000000.0,68320000000,10937000000.0,1451000000.0,12388000000.0,11626000000.0,15245000000.0,27633000000,12428000000.0,-10725000000.0,41543000000.0,40687000000.0,68320000000,1964000000.0,1032000000.0,-9000000.0,76000000.0,,,,,3063000000.0,-980000000.0,-192000000.0,-85000000.0,-517000000.0,-519000000.0,30000000.0,-1205000000.0,-1700000000.0,851000000,2014-09-30,103.62999725341795,104.37999725341795,101.31999969482422,101.69000244140624,82.0194091796875,8082800.0
2014-12-31,12641000000.0,-9695000000.0,2946000000.0,-444000000.0,-121000000.0,-323000000.0,,2574000000.0,-86000000.0,-86000000.0,2488000000,-1773000000.0,715000000,-397000000.0,318000000,0.0,302000000,302000000,7501000000.0,11171000000.0,4628000000.0,24694000000.0,,442000000.0,41768000000.0,42210000000.0,66904000000,11411000000.0,2765000000.0,14176000000.0,10565000000.0,14679000000.0,28855000000,12495000000.0,-11772000000.0,41333000000.0,38049000000.0,66904000000,318000000.0,1065000000.0,1828000000.0,702000000.0,,,,,3913000000.0,-1210000000.0,-171000000.0,-452000000.0,-2627000000.0,-517000000.0,360000000.0,-1066000000.0,-1223000000.0,12000000,2014-12-31,85.72000122070312,86.43000030517578,84.80000305175781,85.41000366210938,69.21066284179689,5346800.0
2015-03-31,10248000000.0,-8096000000.0,2152000000.0,-386000000.0,-119000000.0,-267000000.0,,1815000000.0,-82000000.0,-82000000.0,1733000000,-439000000.0,1294000000,-306000000.0,988000000,,975000000,975000000,6803000000.0,10443000000.0,4666000000.0,23394000000.0,,436000000.0,41581000000.0,42017000000.0,65411000000,10744000000.0,3828000000.0,14572000000.0,8898000000.0,12973000000.0,27545000000,12535000000.0,-12263000000.0,41669000000.0,37866000000.0,65411000000,988000000.0,1042000000.0,478000000.0,-738000000.0,,,,,1770000000.0,-606000000.0,-109000000.0,-44000000.0,-1237000000.0,-512000000.0,-474000000.0,-537000000.0,-1525000000.0,-1009000000,2015-03-31,83.72000122070312,84.26000213623047,83.3499984741211,83.44000244140625,68.00895690917969,7304700.0
2015-06-30,9010000000.0,-7136000000.0,1874000000.0,-399000000.0,-120000000.0,-279000000.0,,1522000000.0,-86000000.0,-86000000.0,1436000000,,1436000000,-302000000.0,1134000000,,1124000000,1124000000,7274000000.0,9569000000.0,4581000000.0,22861000000.0,,469000000.0,41423000000.0,41892000000.0,64753000000,9543000000.0,4231000000.0,13774000000.0,9110000000.0,12794000000.0,26568000000,12586000000.0,-12671000000.0,42158000000.0,38185000000.0,64753000000,1134000000.0,1047000000.0,66000000.0,67000000.0,,,,,2314000000.0,-587000000.0,-113000000.0,-127000000.0,-79000000.0,-639000000.0,499000000.0,-446000000.0,-586000000.0,1420000000,2015-06-30,86.37999725341797,86.48999786376953,85.01000213623047,86.19000244140625,70.63951110839844,8043500.0
2015-09-30,8472000000.0,-6798000000.0,1674000000.0,-395000000.0,-122000000.0,-273000000.0,,1339000000.0,-86000000.0,-86000000.0,1253000000,,1253000000,-250000000.0,1003000000,,989000000,989000000,6605000000.0,9372000000.0,4228000000.0,21532000000.0,,439000000.0,41371000000.0,41810000000.0,63342000000,9249000000.0,4761000000.0,14010000000.0,7487000000.0,11153000000.0,25163000000,12642000000.0,-13023000000.0,42515000000.0,38179000000.0,63342000000,1003000000.0,1026000000.0,96000000.0,418000000.0,,,,,2543000000.0,-590000000.0,-128000000.0,-118000000.0,-710000000.0,-635000000.0,-1167000000.0,-378000000.0,-2192000000.0,-369000000,2015-09-30,69.27999877929689,69.80000305175781,67.75,68.97000122070311,56.90041732788086,11785800.0
2015-12-31,7745000000.0,-6291000000.0,1454000000.0,-408000000.0,-133000000.0,-275000000.0,,1126000000.0,-92000000.0,-92000000.0,1034000000,-2136000000.0,-1102000000,112000000.0,-990000000,,-1016000000,-1016000000,13034000000.0,8780000000.0,3756000000.0,26912000000.0,,418000000.0,40675000000.0,41093000000.0,68005000000,9564000000.0,4557000000.0,14121000000.0,14442000000.0,17979000000.0,32100000000,12693000000.0,-13372000000.0,40870000000.0,35905000000.0,68005000000,-990000000.0,963000000.0,2228000000.0,-23000000.0,,,,,2178000000.0,-627000000.0,-603000000.0,-154000000.0,-8226000000.0,-633000000.0,6933000000.0,-373000000.0,5677000000.0,-379000000,2015-12-31,69.37000274658203,70.37999725341797,69.0,69.75,57.91840744018555,5271100.0
2016-03-31,6520000000.0,-5460000000.0,1060000000.0,-350000000.0,-110000000.0,-240000000.0,,755000000.0,-133000000.0,-133000000.0,622000000,,622000000,-99000000.0,523000000,,501000000,501000000,14432000000.0,8382000000.0,3612000000.0,27700000000.0,,401000000.0,41040000000.0,41441000000.0,69141000000,8626000000.0,4254000000.0,12880000000.0,17233000000.0,20599000000.0,33479000000,12700000000.0,-13620000000.0,40745000000.0,35662000000.0,69141000000,523000000.0,967000000.0,51000000.0,-331000000.0,,,,,1210000000.0,-549000000.0,-597000000.0,-81000000.0,-3513000000.0,-629000000.0,2481000000.0,-312000000.0,1587000000.0,-713000000,2016-03-31,74.29000091552734,75.02999877929688,73.4800033569336,73.75,61.68800354003906,8608700.0
2016-06-30,7164000000.0,-6465000000.0,699000000.0,-360000000.0,-103000000.0,-257000000.0,,393000000.0,-149000000.0,-149000000.0,244000000,-2758000000.0,-2514000000,368000000.0,-2146000000,,-2160000000,-2160000000,11192000000.0,9374000000.0,5001000000.0,27195000000.0,,386000000.0,53590000000.0,53976000000.0,81171000000,11238000000.0,3371000000.0,14609000000.0,18252000000.0,23583000000.0,38192000000,12835000000.0,-3636000000.0,37889000000.0,42979000000.0,81171000000,-2146000000.0,1113000000.0,2981000000.0,-316000000.0,,,,,1632000000.0,-449000000.0,-132000000.0,-2139000000.0,2735000000.0,-626000000.0,-2886000000.0,1000000.0,-3510000000.0,867000000,2016-06-30,77.95999908447266,79.13999938964844,77.8499984741211,79.08000183105469,66.57368469238281,4941300.0
2016-09-30,7019000000.0,-6291000000.0,728000000.0,-345000000.0,-92000000.0,-253000000.0,,437000000.0,-149000000.0,-149000000.0,288000000,-88000000.0,200000000,-10000000.0,190000000,,176000000,176000000,10756000000.0,9565000000.0,4572000000.0,26425000000.0,,354000000.0,53815000000.0,54169000000.0,80594000000,11233000000.0,3739000000.0,14972000000.0,17538000000.0,23048000000.0,38020000000,12823000000.0,-3571000000.0,37370000000.0,42574000000.0,80594000000,191000000.0,998000000.0,283000000.0,-66000000.0,,,,,1406000000.0,-403000000.0,-140000000.0,-31000000.0,186000000.0,-696000000.0,-357000000.0,-7000000.0,-1116000000.0,494000000,2016-09-30,77.83999633789062,78.98999786376953,77.61000061035156,78.63999938964844,66.62516021728516,6485700.0
2016-12-31,7107000000.0,-6193000000.0,914000000.0,-360000000.0,-98000000.0,-262000000.0,,601000000.0,-139000000.0,-139000000.0,462000000,-675000000.0,-213000000,19000000.0,-194000000,,-204000000,-204000000,9257000000.0,9387000000.0,4225000000.0,23927000000.0,,238000000.0,53791000000.0,54029000000.0,77956000000,11906000000.0,3153000000.0,15059000000.0,16463000000.0,21368000000.0,36427000000,12801000000.0,-3550000000.0,36470000000.0,41529000000.0,77956000000,-195000000.0,1016000000.0,725000000.0,467000000.0,,,,,2013000000.0,-654000000.0,-162000000.0,-147000000.0,-32000000.0,-696000000.0,-1615000000.0,-45000000.0,-2389000000.0,-512000000,2016-12-30,84.30000305175781,84.5,83.66000366210938,83.94999694824219,71.544677734375,4149700.0
2017-03-31,6894000000.0,-6076000000.0,818000000.0,-309000000.0,-98000000.0,-211000000.0,,555000000.0,-139000000.0,-139000000.0,416000000,-82000000.0,334000000,-50000000.0,284000000,,279000000,279000000,7353000000.0,8636000000.0,4288000000.0,21883000000.0,,238000000.0,54054000000.0,54292000000.0,76175000000,11327000000.0,2449000000.0,13776000000.0,16538000000.0,21345000000.0,35121000000,12780000000.0,-3697000000.0,36052000000.0,41054000000.0,76175000000,284000000.0,989000000.0,168000000.0,-785000000.0,,,,,656000000.0,-381000000.0,-144000000.0,-273000000.0,-55000000.0,-696000000.0,-682000000.0,-237000000.0,-1637000000.0,-1027000000,2017-03-31,77.55000305175781,78.37000274658203,77.33000183105469,78.0999984741211,66.96668243408203,5858500.0
2017-06-30,7462000000.0,-6468000000.0,994000000.0,-306000000.0,-110000000.0,-196000000.0,,750000000.0,-142000000.0,-142000000.0,608000000,-591000000.0,17000000,-98000000.0,-81000000,,-74000000,-74000000,6218000000.0,8925000000.0,4338000000.0,21273000000.0,,13000000.0,53576000000.0,53589000000.0,74862000000,11303000000.0,2224000000.0,13527000000.0,16600000000.0,21383000000.0,34910000000,12843000000.0,-4049000000.0,35284000000.0,39952000000.0,74862000000,-81000000.0,986000000.0,582000000.0,-629000000.0,,,,,858000000.0,-503000000.0,-184000000.0,-91000000.0,473000000.0,-697000000.0,-265000000.0,-390000000.0,-1332000000.0,1000000,2017-06-30,65.84999847412111,66.11000061035156,65.37999725341797,65.83999633789061,56.85999298095703,7981900.0
2017-09-30,7905000000.0,-6797000000.0,1108000000.0,-304000000.0,-115000000.0,-189000000.0,,868000000.0,-142000000.0,-142000000.0,726000000,-49000000.0,677000000,-121000000.0,556000000,,545000000,545000000,4952000000.0,9436000000.0,4308000000.0,19914000000.0,,,53655000000.0,53655000000.0,73569000000,11725000000.0,1289000000.0,13014000000.0,15871000000.0,20545000000.0,33559000000,12863000000.0,-3966000000.0,35136000000.0,40010000000.0,73569000000,555000000.0,956000000.0,75000000.0,312000000.0,,,,,1898000000.0,-598000000.0,-164000000.0,-18000000.0,221000000.0,-693000000.0,-1688000000.0,20000000.0,-2342000000.0,-213000000,2017-09-29,69.02999877929689,69.76999664306639,68.26000213623047,69.76000213623047,60.72339248657226,6559100.0
2017-12-31,8179000000.0,-7202000000.0,977000000.0,-300000000.0,-109000000.0,-191000000.0,,729000000.0,-143000000.0,-143000000.0,586000000,-2797000000.0,-2211000000,-61000000.0,-2272000000,,-2255000000,-2255000000,5089000000.0,8084000000.0,4046000000.0,18497000000.0,,,53490000000.0,53490000000.0,71987000000,11958000000.0,3324000000.0,15282000000.0,14875000000.0,19444000000.0,34726000000,12975000000.0,-4049000000.0,32190000000.0,37261000000.0,71987000000,-2271000000.0,906000000.0,3197000000.0,419000000.0,,,,,2251000000.0,-625000000.0,-1117000000.0,-465000000.0,-2418000000.0,-692000000.0,1023000000.0,-65000000.0,278000000.0,109000000,2017-12-29,67.45999908447266,67.72000122070311,66.80000305175781,67.38999938964844,59.11797714233398,5918800.0
2018-03-31,7829000000.0,-6802000000.0,1027000000.0,-283000000.0,-111000000.0,-172000000.0,,786000000.0,-143000000.0,-143000000.0,643000000,,643000000,-113000000.0,530000000,,525000000,525000000,4165000000.0,8472000000.0,4174000000.0,18055000000.0,,,53423000000.0,53423000000.0,71478000000,11609000000.0,4586000000.0,16195000000.0,13526000000.0,17957000000.0,34152000000,12998000000.0,-3937000000.0,32022000000.0,37326000000.0,71478000000,530000000.0,874000000.0,64000000.0,-900000000.0,,,,,568000000.0,-454000000.0,-240000000.0,-13000000.0,282000000.0,-692000000.0,-144000000.0,30000000.0,-787000000.0,66000000,2018-03-29,63.66999816894531,65.20999908447266,63.47999954223633,64.77999877929689,57.229393005371094,7282800.0
2018-06-30,8303000000.0,-7179000000.0,1124000000.0,-289000000.0,-114000000.0,-175000000.0,,875000000.0,-144000000.0,-144000000.0,731000000,-184000000.0,547000000,-106000000.0,441000000,,430000000,430000000,3049000000.0,8606000000.0,4120000000.0,16900000000.0,,,53256000000.0,53256000000.0,70156000000,11330000000.0,3736000000.0,15066000000.0,13865000000.0,18193000000.0,33259000000,13030000000.0,-4001000000.0,31760000000.0,36897000000.0,70156000000,441000000.0,876000000.0,196000000.0,-526000000.0,,,,,987000000.0,-520000000.0,-194000000.0,-34000000.0,-112000000.0,-693000000.0,-415000000.0,-97000000.0,-1264000000.0,-404000000,2018-06-29,67.01999664306639,67.84999847412111,67.01000213623047,67.02999877929689,59.6489372253418,5350900.0
2018-09-30,8504000000.0,-7324000000.0,1180000000.0,-282000000.0,-105000000.0,-177000000.0,,934000000.0,-147000000.0,-147000000.0,787000000,,787000000,-129000000.0,658000000,,644000000,644000000,2854000000.0,8409000000.0,4108000000.0,16483000000.0,,,53563000000.0,53563000000.0,70046000000,11385000000.0,3215000000.0,14600000000.0,14159000000.0,18498000000.0,33098000000,13058000000.0,-3924000000.0,31712000000.0,36948000000.0,70046000000,657000000.0,887000000.0,73000000.0,210000000.0,,,,,1827000000.0,-565000000.0,-285000000.0,-243000000.0,-895000000.0,-692000000.0,-224000000.0,23000000.0,-900000000.0,32000000,2018-09-28,61.02999877929688,61.709999084472656,60.86000061035156,60.91999816894531,54.64433288574219,7206600.0
2018-12-31,8179000000.0,-7173000000.0,1006000000.0,-292000000.0,-114000000.0,-178000000.0,,745000000.0,-141000000.0,-141000000.0,604000000,43000000.0,647000000,-99000000.0,548000000,,539000000,539000000,2777000000.0,7881000000.0,4010000000.0,15731000000.0,,,54776000000.0,54776000000.0,70507000000,12079000000.0,1407000000.0,13486000000.0,14644000000.0,20435000000.0,33921000000,13132000000.0,-4006000000.0,31658000000.0,36586000000.0,70507000000,549000000.0,919000000.0,-223000000.0,1086000000.0,,,,,2331000000.0,-621000000.0,-262000000.0,577000000.0,-315000000.0,-693000000.0,-1265000000.0,-95000000.0,-2069000000.0,-388000000,2018-12-31,36.65999984741211,36.810001373291016,35.2599983215332,36.08000183105469,32.71653366088867,19349800.0
2019-03-31,7879000000.0,-6952000000.0,927000000.0,-285000000.0,-112000000.0,-173000000.0,,656000000.0,-147000000.0,-147000000.0,509000000,,509000000,-79000000.0,430000000,,421000000,421000000,2155000000.0,8171000000.0,4224000000.0,15773000000.0,,,54548000000.0,54548000000.0,70321000000,11598000000.0,99000000.0,11697000000.0,16449000000.0,22100000000.0,33797000000,13000000000.0,-3756000000.0,31386000000.0,36524000000.0,70321000000,430000000.0,903000000.0,111000000.0,-1154000000.0,,,,,290000000.0,-413000000.0,-151000000.0,-5000000.0,-194000000.0,-692000000.0,406000000.0,9000000.0,-297000000.0,-203000000,2019-03-29,44.22999954223633,44.349998474121094,43.22000122070313,43.56999969482422,39.96567153930664,7984800.0
2019-06-30,8269000000.0,-7252000000.0,1017000000.0,-293000000.0,-114000000.0,-179000000.0,,749000000.0,-156000000.0,-156000000.0,593000000,,593000000,-99000000.0,494000000,,492000000,492000000,2348000000.0,8471000000.0,4389000000.0,16333000000.0,,,54258000000.0,54258000000.0,70591000000,11675000000.0,98000000.0,11773000000.0,16978000000.0,22545000000.0,34318000000,13037000000.0,-3827000000.0,31186000000.0,36273000000.0,70591000000,493000000.0,938000000.0,83000000.0,-433000000.0,,,,,1081000000.0,-404000000.0,-181000000.0,-12000000.0,-617000000.0,-693000000.0,509000000.0,-102000000.0,-234000000.0,236000000,2019-06-28,39.22999954223633,39.77999877929688,39.18999862670898,39.7400016784668,36.97340774536133,9742700.0
2019-09-30,8541000000.0,-7385000000.0,1156000000.0,-296000000.0,-120000000.0,-176000000.0,,881000000.0,-160000000.0,-160000000.0,721000000,-12692000000.0,-11971000000,598000000.0,-11373000000,,-11383000000,-11383000000,2292000000.0,8332000000.0,4341000000.0,16151000000.0,,,41839000000.0,41839000000.0,57990000000,12143000000.0,340000000.0,12483000000.0,16333000000.0,21180000000.0,33663000000,13012000000.0,-3641000000.0,19111000000.0,24327000000.0,57990000000,-11373000000.0,900000000.0,11996000000.0,285000000.0,,,,,1808000000.0,-413000000.0,-194000000.0,-4000000.0,-997000000.0,-692000000.0,-382000000.0,34000000.0,-1090000000.0,-283000000,2019-09-30,34.150001525878906,34.470001220703125,33.810001373291016,34.169998168945305,32.288997650146484,9583500.0
2019-12-31,8228000000.0,-7131000000.0,1097000000.0,-317000000.0,-128000000.0,-189000000.0,,806000000.0,-146000000.0,-146000000.0,660000000,-209000000.0,451000000,-109000000.0,342000000,,333000000,333000000,2167000000.0,7747000000.0,4130000000.0,15530000000.0,,,40782000000.0,40782000000.0,56312000000,12574000000.0,524000000.0,13098000000.0,14770000000.0,19038000000.0,32136000000,13078000000.0,-3631000000.0,18751000000.0,24176000000.0,56312000000,343000000.0,848000000.0,86000000.0,975000000.0,,,,,2252000000.0,-494000000.0,-255000000.0,-2000000.0,-203000000.0,-692000000.0,-1372000000.0,0.0,-2097000000.0,-346000000,2019-12-31,40.0099983215332,40.22000122070313,39.52999877929688,40.20000076293945,38.5167236328125,10649000.0
2020-03-31,7455000000.0,-6624000000.0,831000000.0,-300000000.0,-127000000.0,-173000000.0,,570000000.0,-136000000.0,-136000000.0,434000000,-8523000000.0,-8089000000,721000000.0,-7368000000,,-7376000000,-7376000000,3344000000.0,7486000000.0,4148000000.0,16266000000.0,,,32328000000.0,32328000000.0,48594000000,12029000000.0,1233000000.0,13262000000.0,15409000000.0,19349000000.0,32611000000,12963000000.0,-3360000000.0,10681000000.0,15983000000.0,48594000000,-7368000000.0,792000000.0,7840000000.0,-480000000.0,,,,,784000000.0,-407000000.0,-1104000000.0,298000000.0,-1312000000.0,-692000000.0,1419000000.0,59000000.0,777000000.0,487000000,2020-03-31,13.880000114440918,13.890000343322756,13.300000190734865,13.489999771118164,13.11605739593506,25754200.0
2020-06-30,5356000000.0,-4925000000.0,431000000.0,-223000000.0,-81000000.0,-142000000.0,,241000000.0,-144000000.0,-144000000.0,97000000,-3724000000.0,-3627000000,199000000.0,-3428000000,,-3434000000,-3434000000,3589000000.0,5808000000.0,3601000000.0,14379000000.0,,,30288000000.0,30288000000.0,44667000000,11062000000.0,603000000.0,11665000000.0,16763000000.0,20546000000.0,32211000000,13044000000.0,-3339000000.0,7073000000.0,12456000000.0,44667000000,-3428000000.0,604000000.0,3544000000.0,83000000.0,,,,,803000000.0,-251000000.0,-219000000.0,-30000000.0,-547000000.0,-694000000.0,569000000.0,0.0,-167000000.0,176000000,2020-06-30,17.780000686645508,18.51000022888184,17.59000015258789,18.38999938964844,18.002328872680664,18613000.0
