Report Date,Revenue,Cost of Revenue,Gross Profit,Operating Expenses,"Selling, General & Administrative",Research & Development,Depreciation & Amortization,Operating Income (Loss),Non-Operating Income (Loss),"Interest Expense, Net","Pretax Income (Loss), Adj.",Abnormal Gains (Losses),Pretax Income (Loss),"Income Tax (Expense) Benefit, Net",Income (Loss) from Continuing Operations,Net Extraordinary Gains (Losses),Net Income,Net Income (Common),"Cash, Cash Equivalents & Short Term Investments",Accounts & Notes Receivable,Inventories,Total Current Assets,"Property, Plant & Equipment, Net",Long Term Investments & Receivables,Other Long Term Assets,Total Noncurrent Assets,Total Assets,Payables & Accruals,Short Term Debt,Total Current Liabilities,Long Term Debt,Total Noncurrent Liabilities,Total Liabilities,Share Capital & Additional Paid-In Capital,Treasury Stock,Retained Earnings,Total Equity,Total Liabilities & Equity,Net Income/Starting Line,Depreciation & Amortization,Non-Cash Items,Change in Working Capital,Change in Accounts Receivable,Change in Inventories,Change in Accounts Payable,Change in Other,Net Cash from Operating Activities,Change in Fixed Assets & Intangibles,Net Change in Long Term Investment,Net Cash from Acquisitions & Divestitures,Net Cash from Investing Activities,Dividends Paid,Cash from (Repayment of) Debt,Cash from (Repurchase of) Equity,Net Cash from Financing Activities,Net Change in Cash,Price Date,Open,High,Low,Close,Adj Close,Volume
2009-06-30,1634300000.0,-536300000.0,1098000000.0,-708200000.0,-617100000.0,-82600000.0,-8500000.0,389800000.0,10200000.0,,400000000,,400000000,-108700000.0,291300000,,291300000,291300000,2427900000.0,1097300000.0,991700000.0,5240300000.0,950300000.0,,1732900000.0,2683200000.0,7923500000,488100000.0,19400000.0,1075100000.0,,790900000.0,1866000000,906600000.0,,4961900000.0,6057500000.0,7923500000,291300000.0,38900000.0,73200000.0,-221000000.0,,,,,182400000.0,-30200000.0,-153300000.0,-9100000.0,-192600000.0,,-1800000.0,3700000.0,-26600000.0,-19500000,2009-06-30,40.150001525878906,40.349998474121094,39.40999984741211,39.7400016784668,33.9041748046875,2443300.0
2009-09-30,1653300000.0,-538700000.0,1114600000.0,-736200000.0,-643900000.0,-83700000.0,-8600000.0,378400000.0,3000000.0,,381400000,-67000000.0,314400000,-85400000.0,229000000,,229000000,229000000,2929400000.0,1113500000.0,977300000.0,5761800000.0,954100000.0,,1743300000.0,2697400000.0,8459200000,513900000.0,18100000.0,1198000000.0,,820300000.0,2018300000,923400000.0,,5190900000.0,6440900000.0,8459200000,229000000.0,41100000.0,137600000.0,58100000.0,,,,,465800000.0,-28000000.0,-146300000.0,-6000000.0,-180300000.0,,-1900000.0,1000000.0,-19000000.0,294000000,2009-09-30,45.66999816894531,45.849998474121094,45.0,45.43000030517578,38.758602142333984,2797100.0
2009-12-31,1834100000.0,-593500000.0,1240600000.0,-727000000.0,-628400000.0,-89300000.0,-9300000.0,513600000.0,9600000.0,,523200000,0.0,523200000,-217600000.0,305600000,,305600000,305600000,2954800000.0,1147100000.0,943000000.0,5851200000.0,947600000.0,,2272500000.0,3220100000.0,9071300000,748700000.0,18000000.0,1441000000.0,,1035200000.0,2476200000,939700000.0,,5397400000.0,6595100000.0,9071300000,305600000.0,47100000.0,-56400000.0,244100000.0,,,,,540400000.0,-41900000.0,-230200000.0,-552300000.0,-824400000.0,-39400000.0,-200000.0,-6000000.0,-13700000.0,-301200000,2009-12-31,50.70000076293945,50.959999084472656,50.36999893188477,50.36999893188477,43.18745040893555,1115200.0
2010-03-31,1799100000.0,-581400000.0,1217700000.0,-771300000.0,-667800000.0,-90000000.0,-13500000.0,446400000.0,-600000.0,,445800000,,445800000,-124100000.0,321700000,,321700000,321700000,3937600000.0,1120600000.0,961000000.0,6875400000.0,925000000.0,,2298000000.0,3223000000.0,10098400000,706200000.0,27600000.0,1404800000.0,996200000.0,2022800000.0,3427600000,965100000.0,,5553700000.0,6670800000.0,10098400000,321700000.0,40800000.0,85600000.0,-173300000.0,,,,,274800000.0,-31100000.0,-516900000.0,-57400000.0,-605400000.0,-59700000.0,1006300000.0,-109800000.0,898000000.0,543800000,2010-03-31,57.2400016784668,57.599998474121094,56.81999969482422,57.22000122070313,49.18859481811523,1251000.0
2010-06-30,1758200000.0,-539300000.0,1218900000.0,-770800000.0,-661800000.0,-94600000.0,-14400000.0,448100000.0,-5500000.0,,442600000,,442600000,-123600000.0,319000000,,319000000,319000000,4028500000.0,1108200000.0,968200000.0,6899800000.0,898700000.0,,2261600000.0,3160300000.0,10060100000,602500000.0,18900000.0,1295100000.0,996300000.0,2019500000.0,3314600000,984200000.0,,5813100000.0,6745500000.0,10060100000,319000000.0,39100000.0,82100000.0,-113500000.0,,,,,326700000.0,-37200000.0,-655400000.0,-4000000.0,-696600000.0,-59500000.0,-7300000.0,1100000.0,-15100000.0,-417300000,2010-06-30,49.9900016784668,50.7400016784668,49.7400016784668,50.06000137329102,43.16278839111328,1995800.0
2010-09-30,1768000000.0,-541000000.0,1227000000.0,-756000000.0,-643000000.0,-99000000.0,-14000000.0,471000000.0,-9000000.0,,462000000,,462000000,-125000000.0,337000000,,337000000,337000000,4514600000.0,1158600000.0,1035300000.0,7543700000.0,931600000.0,,2296600000.0,3228200000.0,10771900000,712800000.0,19100000.0,1406000000.0,996400000.0,2059900000.0,3465900000,1005000000.0,,6091200000.0,7306000000.0,10771900000,337000000.0,40000000.0,58000000.0,-7000000.0,,,,,428000000.0,-4000000.0,-191000000.0,-1000000.0,-196000000.0,-60000000.0,-1000000.0,1000000.0,-124000000.0,140000000,2010-09-30,50.29999923706055,50.88000106811523,49.90999984741211,50.04999923706055,43.28626251220703,2431900.0
2010-12-31,1994700000.0,-624300000.0,1370400000.0,-860900000.0,-734400000.0,-110400000.0,-16100000.0,509500000.0,-6900000.0,,502600000,-124000000.0,378600000,-83300000.0,295300000,,295300000,295300000,4380000000.0,1252000000.0,1057000000.0,7632000000.0,798000000.0,,2465000000.0,3263000000.0,10895000000,827000000.0,25000000.0,1605000000.0,996000000.0,2116000000.0,3721000000,1003000000.0,,6017000000.0,7174000000.0,10895000000,295300000.0,45100000.0,-71700000.0,248800000.0,,,,,517500000.0,-48700000.0,954300000.0,-202600000.0,703000000.0,-58800000.0,17000000.0,-318300000.0,-348900000.0,832500000,2010-12-31,53.93000030517578,54.06000137329102,53.54999923706055,53.70000076293945,46.59819793701172,804200.0
2011-03-31,2015000000.0,-689000000.0,1326000000.0,-903000000.0,-765000000.0,-111000000.0,-27000000.0,423000000.0,-12000000.0,,411000000,,411000000,-104000000.0,307000000,,307000000,307000000,2885900000.0,1310300000.0,1220500000.0,6501200000.0,845000000.0,,3884800000.0,4729800000.0,11231000000,786300000.0,28200000.0,1586800000.0,996600000.0,2191800000.0,3778600000,1021300000.0,,6014800000.0,7452400000.0,11231000000,307000000.0,40000000.0,150000000.0,-293000000.0,,,,,204000000.0,5000000.0,572000000.0,-1455000000.0,-878000000.0,-71000000.0,2000000.0,-250000000.0,-389000000.0,-1023000000,2011-03-31,60.709999084472656,60.97000122070313,60.61000061035156,60.79999923706055,52.91611862182617,2074200.0
2011-06-30,2046000000.0,-713000000.0,1333000000.0,-932000000.0,-786000000.0,-114000000.0,-32000000.0,401000000.0,10000000.0,,411000000,,411000000,-101000000.0,310000000,,310000000,310000000,2675000000.0,1348200000.0,1284400000.0,6502700000.0,886000000.0,,4207700000.0,5093700000.0,11596400000,742600000.0,24400000.0,1603500000.0,996700000.0,2214900000.0,3818400000,1039600000.0,,6254100000.0,7778000000.0,11596400000,310000000.0,39000000.0,155000000.0,-347000000.0,,,,,157000000.0,-44000000.0,-13000000.0,-323000000.0,-380000000.0,-69000000.0,-20000000.0,,-21000000.0,-238000000,2011-06-30,58.40999984741211,58.79999923706055,58.33000183105469,58.68999862670898,51.23889923095703,1493800.0
2011-09-30,2031000000.0,-669000000.0,1362000000.0,-918000000.0,-765000000.0,-122000000.0,-31000000.0,444000000.0,-13000000.0,,431000000,,431000000,-104000000.0,327000000,,327000000,327000000,3213000000.0,1319000000.0,1297000000.0,6931000000.0,888000000.0,,4264000000.0,5152000000.0,12083000000,794000000.0,25000000.0,1562000000.0,1755000000.0,2964000000.0,4526000000,1045000000.0,,6240000000.0,7557000000.0,12083000000,327000000.0,40000000.0,121000000.0,-42000000.0,,,,,446000000.0,-56000000.0,-297000000.0,-144000000.0,-497000000.0,-70000000.0,765000000.0,-289000000.0,388000000.0,313000000,2011-09-30,47.77000045776367,48.38000106811523,47.099998474121094,47.13000106811523,41.29773330688477,2153500.0
2011-12-31,2215000000.0,-740000000.0,1475000000.0,-981000000.0,-834000000.0,-115000000.0,-32000000.0,494000000.0,15000000.0,,509000000,-76000000.0,433000000,-32000000.0,401000000,,401000000,401000000,3418000000.0,1417000000.0,1283000000.0,7207000000.0,888000000.0,,4051000000.0,4939000000.0,12146000000,1025000000.0,17000000.0,1840000000.0,1751000000.0,2623000000.0,4463000000,1060000000.0,,6479000000.0,7683000000.0,12146000000,401000000.0,41000000.0,-174000000.0,359000000.0,,,,,627000000.0,-64000000.0,-172000000.0,-144000000.0,-380000000.0,-69000000.0,-10000000.0,-83000000.0,-139000000.0,95000000,2011-12-30,49.66999816894531,50.25,49.58000183105469,49.709999084472656,43.74477005004883,1578700.0
2012-03-31,2161000000.0,-709000000.0,1452000000.0,-962000000.0,-819000000.0,-112000000.0,-31000000.0,490000000.0,-8000000.0,,482000000,-14000000.0,468000000,-118000000.0,350000000,,350000000,350000000,3297000000.0,1472000000.0,1318000000.0,7229000000.0,909000000.0,,4321000000.0,5230000000.0,12459000000,767000000.0,23000000.0,1549000000.0,1751000000.0,2888000000.0,4437000000,1086000000.0,,6701000000.0,8022000000.0,12459000000,350000000.0,39000000.0,78000000.0,-432000000.0,,,,,35000000.0,-52000000.0,-62000000.0,-9000000.0,-123000000.0,-81000000.0,6000000.0,-50000000.0,-128000000.0,-215000000,2012-03-30,55.33000183105469,55.59000015258789,55.22999954223633,55.47999954223633,49.01101684570313,3054300.0
2012-06-30,2106000000.0,-672000000.0,1434000000.0,-970000000.0,-823000000.0,-116000000.0,-31000000.0,464000000.0,-10000000.0,,454000000,-19000000.0,435000000,-110000000.0,325000000,,325000000,325000000,3460000000.0,1368000000.0,1289000000.0,7198000000.0,898000000.0,,4166000000.0,5064000000.0,12262000000,706000000.0,16000000.0,1489000000.0,1750000000.0,2821000000.0,4310000000,1104000000.0,,6908000000.0,7952000000.0,12262000000,325000000.0,38000000.0,71000000.0,23000000.0,,,,,457000000.0,-51000000.0,436000000.0,-1000000.0,384000000.0,-81000000.0,-5000000.0,-39000000.0,-148000000.0,703000000,2012-06-29,54.70000076293945,55.099998474121094,54.63000106811523,55.099998474121094,48.868736267089844,1835000.0
2012-09-30,2052000000.0,-655000000.0,1397000000.0,-935000000.0,-791000000.0,-114000000.0,-30000000.0,462000000.0,-6000000.0,,456000000,-12000000.0,444000000,-91000000.0,353000000,,353000000,353000000,3863000000.0,1356000000.0,1315000000.0,7640000000.0,929000000.0,,4208000000.0,5137000000.0,12777000000,810000000.0,18000000.0,1576000000.0,1751000000.0,2840000000.0,4416000000,1121000000.0,,7162000000.0,8361000000.0,12777000000,353000000.0,38000000.0,60000000.0,118000000.0,,,,,569000000.0,-58000000.0,-333000000.0,-37000000.0,-428000000.0,-81000000.0,1000000.0,-19000000.0,-110000000.0,30000000,2012-09-28,55.56000137329102,55.90999984741211,55.349998474121094,55.65999984741211,49.55394744873047,1495000.0
2012-12-31,2338000000.0,-745000000.0,1593000000.0,-1094000000.0,-934000000.0,-129000000.0,-31000000.0,499000000.0,-12000000.0,,487000000,-129000000.0,358000000,-88000000.0,270000000,,270000000,270000000,4285000000.0,1430000000.0,1265000000.0,8148000000.0,948000000.0,,4110000000.0,5058000000.0,13206000000,926000000.0,16000000.0,1876000000.0,1746000000.0,2733000000.0,4609000000,1136000000.0,,7332000000.0,8597000000.0,13206000000,270000000.0,39000000.0,139000000.0,148000000.0,,,,,596000000.0,-49000000.0,-413000000.0,-107000000.0,-569000000.0,-81000000.0,-6000000.0,0.0,-63000000.0,-28000000,2012-12-31,54.34000015258789,54.81999969482422,54.06999969482422,54.81999969482422,49.04055404663086,1780100.0
2013-03-31,2190000000.0,-713000000.0,1477000000.0,-1077000000.0,-916000000.0,-129000000.0,-32000000.0,400000000.0,-11000000.0,,389000000,-14000000.0,375000000,-71000000.0,304000000,,304000000,304000000,4487000000.0,1408000000.0,1323000000.0,8421000000.0,1002000000.0,,4666000000.0,5668000000.0,14089000000,792000000.0,34000000.0,1808000000.0,2738000000.0,3825000000.0,5633000000,1143000000.0,,7296000000.0,8456000000.0,14089000000,304000000.0,38000000.0,66000000.0,-172000000.0,,,,,236000000.0,-49000000.0,289000000.0,-600000000.0,-360000000.0,-101000000.0,1009000000.0,-250000000.0,651000000.0,518000000,2013-03-28,64.66999816894531,65.33000183105469,64.40000152587889,65.23999786376953,58.6026382446289,1216900.0
2013-06-30,2212000000.0,-730000000.0,1482000000.0,-1183000000.0,-1015000000.0,-132000000.0,-36000000.0,299000000.0,-21000000.0,,278000000,-9000000.0,269000000,-56000000.0,213000000,,213000000,213000000,4652000000.0,1413000000.0,1345000000.0,8689000000.0,1021000000.0,,4672000000.0,5693000000.0,14382000000,786000000.0,29000000.0,1971000000.0,2742000000.0,3808000000.0,5779000000,1162000000.0,,7410000000.0,8603000000.0,14382000000,213000000.0,43000000.0,259000000.0,-159000000.0,,,,,356000000.0,-47000000.0,-1089000000.0,-62000000.0,-1198000000.0,-100000000.0,2000000.0,,-93000000.0,-942000000,2013-06-28,64.66000366210939,65.45999908447266,64.34999847412111,64.68000030517578,58.33784484863281,2393600.0
2013-09-30,2151000000.0,-682000000.0,1469000000.0,-1306000000.0,-1136000000.0,-136000000.0,-34000000.0,163000000.0,-13000000.0,,150000000,-13000000.0,137000000,-34000000.0,103000000,,103000000,103000000,5138000000.0,1370000000.0,1404000000.0,9187000000.0,1036000000.0,,4660000000.0,5696000000.0,14883000000,837000000.0,31000000.0,2324000000.0,2743000000.0,3822000000.0,6146000000,1180000000.0,,7411000000.0,8737000000.0,14883000000,103000000.0,42000000.0,388000000.0,89000000.0,,,,,622000000.0,-43000000.0,-301000000.0,-24000000.0,-368000000.0,-100000000.0,3000000.0,-2000000.0,-105000000.0,139000000,2013-09-30,67.41999816894531,67.87000274658203,67.15000152587889,67.58999633789061,61.1982536315918,1880000.0
2013-12-31,2468000000.0,-877000000.0,1591000000.0,-575000000.0,-400000000.0,-139000000.0,-36000000.0,1016000000.0,1000000.0,,1017000000,-586000000.0,431000000,-45000000.0,386000000,,386000000,386000000,3980000000.0,1518000000.0,1422000000.0,8335000000.0,1081000000.0,,6327000000.0,7408000000.0,15743000000,1867000000.0,25000000.0,2657000000.0,2739000000.0,4039000000.0,6696000000,1198000000.0,,7617000000.0,9047000000.0,15743000000,386000000.0,46000000.0,168000000.0,72000000.0,,,,,672000000.0,-56000000.0,1399000000.0,-1634000000.0,-291000000.0,-100000000.0,-9000000.0,-65000000.0,-153000000.0,229000000,2013-12-31,75.25,75.25,74.9000015258789,75.13999938964844,68.31064605712889,1006400.0
2014-03-31,2305000000.0,-776000000.0,1529000000.0,-1054000000.0,-859000000.0,-150000000.0,-45000000.0,475000000.0,-24000000.0,,451000000,-344000000.0,107000000,-37000000.0,70000000,,70000000,70000000,4047000000.0,1430000000.0,1498000000.0,8446000000.0,1117000000.0,,6596000000.0,7713000000.0,16159000000,917000000.0,820000000.0,3558000000.0,2244000000.0,3538000000.0,7096000000,1224000000.0,,7571000000.0,9063000000.0,16159000000,70000000.0,46000000.0,391000000.0,-298000000.0,,,,,209000000.0,-70000000.0,-9000000.0,-272000000.0,-351000000.0,-115000000.0,289000000.0,0.0,183000000.0,42000000,2014-03-31,80.77999877929688,81.66999816894531,80.43000030517578,81.47000122070312,74.3502426147461,1112300.0
2014-06-30,2363000000.0,-815000000.0,1548000000.0,-1075000000.0,-870000000.0,-158000000.0,-47000000.0,473000000.0,-30000000.0,,443000000,-276000000.0,167000000,-39000000.0,128000000,,128000000,128000000,4745000000.0,1503000000.0,1587000000.0,9381000000.0,1127000000.0,,6721000000.0,7848000000.0,17229000000,2303000000.0,630000000.0,3713000000.0,3237000000.0,4514000000.0,8227000000,1246000000.0,,7525000000.0,9002000000.0,17229000000,128000000.0,47000000.0,333000000.0,-142000000.0,,,,,366000000.0,-54000000.0,-776000000.0,-185000000.0,-1015000000.0,-116000000.0,804000000.0,-60000000.0,588000000.0,-62000000,2014-06-30,84.08999633789062,84.48999786376953,83.9000015258789,84.31999969482422,77.22667694091797,1586800.0
2014-09-30,2389000000.0,-829000000.0,1560000000.0,-1081000000.0,-878000000.0,-153000000.0,-50000000.0,479000000.0,-25000000.0,,454000000,-29000000.0,425000000,-368000000.0,57000000,,57000000,57000000,4677000000.0,1529000000.0,1666000000.0,9326000000.0,1104000000.0,,7085000000.0,8189000000.0,17515000000,2648000000.0,731000000.0,4211000000.0,3231000000.0,4680000000.0,8891000000,1268000000.0,,7430000000.0,8624000000.0,17515000000,57000000.0,47000000.0,110000000.0,321000000.0,,,,,535000000.0,-48000000.0,-8000000.0,-368000000.0,-424000000.0,-115000000.0,102000000.0,-40000000.0,-67000000.0,37000000,2014-09-30,81.45999908447266,81.62000274658203,80.73999786376953,80.75,74.2357406616211,954600.0
2014-12-31,2618000000.0,-899000000.0,1719000000.0,-1139000000.0,-940000000.0,-153000000.0,-46000000.0,580000000.0,-7000000.0,,573000000,-112000000.0,461000000,-201000000.0,260000000,,260000000,260000000,5000000000.0,1572000000.0,1588000000.0,8684000000.0,1098000000.0,,7497000000.0,8595000000.0,17279000000,2983000000.0,727000000.0,4461000000.0,3246000000.0,4223000000.0,8684000000,1290000000.0,,7559000000.0,8595000000.0,17279000000,260000000.0,50000000.0,339000000.0,23000000.0,,,,,672000000.0,-61000000.0,64000000.0,-91000000.0,-88000000.0,-116000000.0,-36000000.0,0.0,-75000000.0,439000000,2014-12-31,95.9800033569336,96.33000183105469,94.25,94.33000183105469,87.0341567993164,888100.0
2015-03-31,2379000000.0,-826000000.0,1553000000.0,-1093000000.0,-892000000.0,-152000000.0,-49000000.0,460000000.0,-29000000.0,,431000000,-54000000.0,377000000,-153000000.0,224000000,,224000000,224000000,4263000000.0,1521000000.0,1582000000.0,8727000000.0,1069000000.0,,6784000000.0,7853000000.0,16580000000,2686000000.0,225000000.0,3695000000.0,3257000000.0,4564000000.0,8259000000,1315000000.0,,7527000000.0,8321000000.0,16580000000,224000000.0,45000000.0,114000000.0,-3000000.0,,,,,380000000.0,-46000000.0,456000000.0,-84000000.0,326000000.0,-131000000.0,-500000000.0,-130000000.0,-734000000.0,-121000000,2015-03-31,92.87000274658205,93.58000183105469,92.25,92.25,85.43707275390625,1199500.0
2015-06-30,2432000000.0,-827000000.0,1605000000.0,-1064000000.0,-861000000.0,-154000000.0,-49000000.0,541000000.0,-28000000.0,,513000000,-112000000.0,401000000,-9000000.0,392000000,,392000000,392000000,4277000000.0,1500000000.0,1619000000.0,8936000000.0,1102000000.0,,6781000000.0,7883000000.0,16819000000,2757000000.0,227000000.0,3723000000.0,3242000000.0,4591000000.0,8314000000,1336000000.0,,7600000000.0,8505000000.0,16819000000,392000000.0,45000000.0,157000000.0,-237000000.0,,,,,357000000.0,-68000000.0,1976000000.0,-8000000.0,1900000000.0,-130000000.0,2000000.0,-194000000.0,-317000000.0,1952000000,2015-06-30,96.3000030517578,96.4800033569336,95.3499984741211,95.56999969482422,88.82962799072266,980800.0
2015-09-30,2420000000.0,-796000000.0,1624000000.0,-1096000000.0,-887000000.0,-155000000.0,-54000000.0,528000000.0,-33000000.0,,495000000,-150000000.0,345000000,-44000000.0,301000000,,301000000,301000000,3372000000.0,1496000000.0,1665000000.0,8033000000.0,1128000000.0,,6756000000.0,7884000000.0,15917000000,1857000000.0,971000000.0,3553000000.0,2511000000.0,3880000000.0,7433000000,1357000000.0,,7656000000.0,8484000000.0,15917000000,301000000.0,47000000.0,-923000000.0,66000000.0,,,,,-509000000.0,-77000000.0,440000000.0,-48000000.0,315000000.0,-130000000.0,-3000000.0,-122000000.0,-251000000.0,-463000000,2015-09-30,94.29000091552734,94.8499984741211,92.87000274658205,94.0999984741211,87.77582550048828,1693200.0
2015-12-31,2715000000.0,-895000000.0,1820000000.0,-1192000000.0,-970000000.0,-164000000.0,-58000000.0,628000000.0,-36000000.0,,592000000,20000000.0,612000000,-90000000.0,522000000,,522000000,522000000,4079000000.0,1662000000.0,1639000000.0,7943000000.0,1199000000.0,,7081000000.0,8280000000.0,16223000000,2024000000.0,768000000.0,3502000000.0,3230000000.0,4210000000.0,7712000000,1358000000.0,,7792000000.0,8511000000.0,16223000000,522000000.0,50000000.0,185000000.0,-4000000.0,,,,,753000000.0,-79000000.0,-493000000.0,-13000000.0,-585000000.0,-130000000.0,549000000.0,-254000000.0,79000000.0,216000000,2015-12-31,93.62999725341795,93.94000244140624,92.91999816894531,92.94000244140624,87.04585266113281,912900.0
2016-03-31,2495000000.0,-801000000.0,1694000000.0,-1156000000.0,-944000000.0,-159000000.0,-53000000.0,538000000.0,-38000000.0,,500000000,-19000000.0,481000000,-79000000.0,402000000,,402000000,402000000,7483000000.0,1591000000.0,1768000000.0,11325000000.0,1224000000.0,,7119000000.0,8343000000.0,19668000000,1699000000.0,770000000.0,3186000000.0,6706000000.0,7674000000.0,10860000000,1390000000.0,,8040000000.0,8808000000.0,19668000000,402000000.0,49000000.0,45000000.0,-234000000.0,,,,,262000000.0,-115000000.0,195000000.0,-23000000.0,57000000.0,-142000000.0,3455000000.0,-13000000.0,3259000000.0,3597000000,2016-03-31,106.79000091552734,107.9499969482422,106.0999984741211,107.29000091552734,100.85057067871094,1478400.0
2016-06-30,2840000000.0,-998000000.0,1842000000.0,-1314000000.0,-1043000000.0,-183000000.0,-88000000.0,528000000.0,-67000000.0,,461000000,-28000000.0,433000000,-53000000.0,380000000,,380000000,380000000,3656000000.0,1758000000.0,1989000000.0,7824000000.0,1446000000.0,,11250000000.0,12696000000.0,20520000000,1845000000.0,927000000.0,3605000000.0,6717000000.0,7817000000.0,11422000000,1415000000.0,,8278000000.0,9098000000.0,20520000000,380000000.0,57000000.0,123000000.0,-67000000.0,,,,,493000000.0,-114000000.0,341000000.0,-4196000000.0,-3969000000.0,-142000000.0,156000000.0,0.0,-1000000.0,-3486000000,2016-06-30,118.8499984741211,119.83000183105469,118.41000366210938,119.83000183105469,113.01204681396484,1814600.0
2016-09-30,2833000000.0,-960000000.0,1873000000.0,-1330000000.0,-1057000000.0,-184000000.0,-89000000.0,543000000.0,-67000000.0,,476000000,-57000000.0,419000000,-64000000.0,355000000,,355000000,355000000,3022000000.0,1803000000.0,2092000000.0,7366000000.0,1505000000.0,,11316000000.0,12821000000.0,20187000000,2018000000.0,135000000.0,3026000000.0,6713000000.0,7829000000.0,10855000000,1441000000.0,,8491000000.0,9332000000.0,20187000000,355000000.0,59000000.0,146000000.0,-58000000.0,,,,,502000000.0,-118000000.0,97000000.0,-77000000.0,-102000000.0,-142000000.0,-793000000.0,0.0,-948000000.0,-537000000,2016-09-30,116.30999755859376,116.91000366210938,115.97000122070312,116.41000366210938,110.14196014404295,1196900.0
2016-12-31,3157000000.0,-1062000000.0,2095000000.0,-1371000000.0,-1093000000.0,-189000000.0,-89000000.0,724000000.0,-82000000.0,,642000000,-54000000.0,588000000,-78000000.0,510000000,,510000000,510000000,3384000000.0,1967000000.0,2030000000.0,7861000000.0,1569000000.0,,11005000000.0,12574000000.0,20435000000,1997000000.0,228000000.0,3148000000.0,6686000000.0,7737000000.0,10885000000,1469000000.0,,8842000000.0,9550000000.0,20435000000,510000000.0,62000000.0,60000000.0,26000000.0,,,,,658000000.0,-143000000.0,1000000.0,-36000000.0,-177000000.0,-142000000.0,94000000.0,0.0,-52000000.0,363000000,2016-12-30,120.66000366210938,120.86000061035156,119.3499984741211,119.80999755859376,113.75894165039062,988100.0
2017-03-31,2955000000.0,-991000000.0,1964000000.0,-1382000000.0,-1102000000.0,-192000000.0,-88000000.0,582000000.0,-57000000.0,,525000000,-26000000.0,499000000,-55000000.0,444000000,,444000000,444000000,3279000000.0,1875000000.0,2172000000.0,7889000000.0,1655000000.0,,10973000000.0,12628000000.0,20517000000,1636000000.0,35000000.0,2554000000.0,7184000000.0,8259000000.0,10813000000,1476000000.0,,8903000000.0,9704000000.0,20517000000,444000000.0,62000000.0,52000000.0,-407000000.0,,,,,151000000.0,-139000000.0,2000000.0,-9000000.0,-146000000.0,-159000000.0,304000000.0,-230000000.0,-137000000.0,-103000000,2017-03-31,131.53999328613278,132.19999694824222,131.47000122070312,131.64999389648438,125.40260314941406,753500.0
2017-06-30,3012000000.0,-1021000000.0,1991000000.0,-1417000000.0,-1130000000.0,-192000000.0,-95000000.0,574000000.0,-58000000.0,,516000000,-72000000.0,444000000,-53000000.0,391000000,,391000000,391000000,3747000000.0,1905000000.0,2279000000.0,8478000000.0,1758000000.0,,11056000000.0,12814000000.0,21292000000,1752000000.0,774000000.0,3552000000.0,6592000000.0,7705000000.0,11257000000,1489000000.0,,9136000000.0,10035000000.0,21292000000,391000000.0,65000000.0,163000000.0,31000000.0,,,,,650000000.0,-131000000.0,-32000000.0,-29000000.0,-192000000.0,-159000000.0,139000000.0,0.0,-40000000.0,436000000,2017-06-30,138.97000122070312,139.71000671386722,138.77999877929688,138.77999877929688,132.59796142578122,1081900.0
2017-09-30,3006000000.0,-1022000000.0,1984000000.0,-1393000000.0,-1103000000.0,-198000000.0,-92000000.0,591000000.0,-54000000.0,,537000000,-66000000.0,471000000,-37000000.0,434000000,,434000000,434000000,2689000000.0,1965000000.0,2454000000.0,7710000000.0,1852000000.0,,11923000000.0,13775000000.0,21485000000,1669000000.0,632000000.0,3258000000.0,6593000000.0,7802000000.0,11060000000,1512000000.0,,9411000000.0,10425000000.0,21485000000,434000000.0,71000000.0,-183000000.0,-243000000.0,,,,,79000000.0,-142000000.0,1000000.0,-674000000.0,-815000000.0,-159000000.0,-143000000.0,0.0,-345000000.0,-1057000000,2017-09-29,140.41000366210938,142.0800018310547,140.21000671386722,142.02000427246094,136.10394287109378,1204200.0
2017-12-31,3471000000.0,-1230000000.0,2241000000.0,-1518000000.0,-1217000000.0,-205000000.0,-96000000.0,723000000.0,-65000000.0,,658000000,-9000000.0,649000000,-898000000.0,-249000000,,-249000000,-249000000,2793000000.0,2198000000.0,2465000000.0,7993000000.0,1975000000.0,,12229000000.0,14204000000.0,22197000000,1646000000.0,632000000.0,3485000000.0,6590000000.0,8732000000.0,12217000000,1533000000.0,,8986000000.0,9980000000.0,22197000000,-249000000.0,73000000.0,157000000.0,698000000.0,,,,,679000000.0,-186000000.0,-154000000.0,-119000000.0,-460000000.0,-159000000.0,-1000000.0,0.0,-272000000.0,-50000000,2017-12-29,156.1300048828125,156.25999450683594,154.83999633789062,154.83999633789062,148.83944702148438,785700.0
2018-03-31,3241000000.0,-1104000000.0,2137000000.0,-1542000000.0,-1236000000.0,-204000000.0,-102000000.0,595000000.0,-49000000.0,,546000000,-4000000.0,542000000,-99000000.0,443000000,,443000000,443000000,2455000000.0,2108000000.0,2664000000.0,7851000000.0,2054000000.0,,12228000000.0,14282000000.0,22133000000,1583000000.0,1984000000.0,4800000000.0,5920000000.0,8110000000.0,12910000000,1523000000.0,,8201000000.0,9223000000.0,22133000000,443000000.0,74000000.0,110000000.0,-330000000.0,,,,,297000000.0,-121000000.0,-24000000.0,-704000000.0,-849000000.0,-176000000.0,694000000.0,-300000000.0,145000000.0,-363000000,2018-03-29,158.94000244140625,162.36000061035156,158.27999877929688,160.9199981689453,155.14373779296875,1583900.0
2018-06-30,3322000000.0,-1132000000.0,2190000000.0,-1516000000.0,-1190000000.0,-216000000.0,-110000000.0,674000000.0,-49000000.0,,625000000,-2000000.0,623000000,-171000000.0,452000000,,452000000,452000000,1920000000.0,2089000000.0,2740000000.0,7413000000.0,2101000000.0,,12056000000.0,14157000000.0,21570000000,1598000000.0,1277000000.0,4046000000.0,5925000000.0,8064000000.0,12110000000,1540000000.0,,8477000000.0,9460000000.0,21570000000,452000000.0,76000000.0,108000000.0,13000000.0,,,,,649000000.0,-157000000.0,-4000000.0,-63000000.0,-224000000.0,-176000000.0,-706000000.0,0.0,-917000000.0,-538000000,2018-06-29,169.74000549316406,171.07000732421875,168.77999877929688,168.86000061035156,163.2523193359375,1037800.0
2018-09-30,3242000000.0,-1087000000.0,2155000000.0,-1575000000.0,-1242000000.0,-221000000.0,-112000000.0,580000000.0,-42000000.0,,538000000,-4000000.0,534000000,56000000.0,590000000,,590000000,590000000,2210000000.0,2076000000.0,2893000000.0,7918000000.0,2178000000.0,,11988000000.0,14166000000.0,22084000000,1698000000.0,1275000000.0,4153000000.0,5928000000.0,8071000000.0,12224000000,1572000000.0,,8892000000.0,9860000000.0,22084000000,590000000.0,73000000.0,114000000.0,-159000000.0,,,,,618000000.0,-140000000.0,-13000000.0,-3000000.0,-156000000.0,-176000000.0,-1000000.0,0.0,-179000000.0,277000000,2018-09-28,175.0,177.75999450683594,175.0,177.67999267578125,172.2399444580078,1368700.0
2018-12-31,3796000000.0,-1340000000.0,2456000000.0,-1745000000.0,-1431000000.0,-221000000.0,-93000000.0,711000000.0,-41000000.0,,670000000,-13000000.0,657000000,1411000000.0,2068000000,,2068000000,2068000000,3699000000.0,2332000000.0,2955000000.0,9733000000.0,2291000000.0,,15205000000.0,17496000000.0,27229000000,1913000000.0,1373000000.0,4807000000.0,8486000000.0,10692000000.0,15499000000,1596000000.0,,10765000000.0,11730000000.0,27229000000,2068000000.0,500000000.0,-1832000000.0,310000000.0,,,,,1046000000.0,-154000000.0,209000000.0,-1681000000.0,-1628000000.0,-175000000.0,2469000000.0,0.0,2280000000.0,1698000000,2018-12-31,155.3000030517578,158.0399932861328,155.27999877929688,156.75,152.46359252929688,1186200.0
2019-03-31,3516000000.0,-1233000000.0,2283000000.0,-1742000000.0,-1403000000.0,-225000000.0,-114000000.0,541000000.0,-48000000.0,,493000000,-13000000.0,480000000,-68000000.0,412000000,,412000000,412000000,1758000000.0,2284000000.0,3064000000.0,7888000000.0,2297000000.0,,15752000000.0,18049000000.0,25937000000,1496000000.0,521000000.0,3713000000.0,7950000000.0,10531000000.0,14244000000,1575000000.0,,10683000000.0,11693000000.0,25937000000,412000000.0,76000000.0,166000000.0,-341000000.0,,,,,313000000.0,-122000000.0,-1000000.0,-180000000.0,-303000000.0,-195000000.0,-1353000000.0,-307000000.0,-1947000000.0,-1942000000,2019-03-29,197.00999450683597,197.8699951171875,195.8600006103516,197.5200042724609,192.62925720214844,1023800.0
2019-06-30,3650000000.0,-1270000000.0,2380000000.0,-1650000000.0,-1282000000.0,-246000000.0,-122000000.0,730000000.0,-48000000.0,,682000000,-117000000.0,565000000,-85000000.0,480000000,,480000000,480000000,1839000000.0,2408000000.0,3198000000.0,8185000000.0,2387000000.0,,15782000000.0,18169000000.0,26354000000,1587000000.0,539000000.0,3946000000.0,7974000000.0,10465000000.0,14411000000,1606000000.0,,10967000000.0,11943000000.0,26354000000,480000000.0,77000000.0,267000000.0,-310000000.0,,,,,514000000.0,-165000000.0,-2000000.0,-80000000.0,-247000000.0,-195000000.0,18000000.0,0.0,-188000000.0,80000000,2019-06-28,203.0,205.72000122070312,202.27999877929688,205.5800018310547,201.0061492919922,1206200.0
2019-09-30,3587000000.0,-1257000000.0,2330000000.0,-1653000000.0,-1291000000.0,-246000000.0,-116000000.0,677000000.0,-47000000.0,,630000000,-49000000.0,581000000,-115000000.0,466000000,,466000000,466000000,2036000000.0,2438000000.0,3269000000.0,8566000000.0,2460000000.0,,15633000000.0,18093000000.0,26659000000,1705000000.0,526000000.0,3921000000.0,7889000000.0,10423000000.0,14344000000,1630000000.0,,11238000000.0,12315000000.0,26659000000,466000000.0,78000000.0,78000000.0,7000000.0,,,,,629000000.0,-163000000.0,-2000000.0,-21000000.0,-186000000.0,-195000000.0,-13000000.0,0.0,-225000000.0,194000000,2019-09-30,214.2100067138672,217.47000122070312,213.9900054931641,216.3000030517578,211.9971008300781,1338800.0
2019-12-31,4131000000.0,-1428000000.0,2703000000.0,-1746000000.0,-1380000000.0,-254000000.0,-112000000.0,957000000.0,-8000000.0,,949000000,-13000000.0,936000000,-211000000.0,725000000,,725000000,725000000,4425000000.0,2893000000.0,2980000000.0,11058000000.0,2567000000.0,,16542000000.0,19109000000.0,30167000000,3541000000.0,859000000.0,4400000000.0,10231000000.0,12960000000.0,17360000000,1665000000.0,,11748000000.0,12807000000.0,30167000000,725000000.0,547000000.0,-160000000.0,-377000000.0,,,,,735000000.0,-199000000.0,0.0,-521000000.0,-719000000.0,-193000000.0,2641000000.0,0.0,2363000000.0,2389000000,2019-12-31,208.5,210.0200042724609,207.6999969482422,209.94000244140625,206.32708740234372,879100.0
2020-03-31,3588000000.0,-1257000000.0,2331000000.0,-1702000000.0,-1330000000.0,-254000000.0,-118000000.0,629000000.0,-45000000.0,,584000000,6000000.0,590000000,-97000000.0,493000000,,493000000,493000000,4048000000.0,2646000000.0,3359000000.0,10736000000.0,2607000000.0,,16097000000.0,18704000000.0,29440000000,1609000000.0,1103000000.0,4162000000.0,9404000000.0,12163000000.0,16325000000,1714000000.0,,12024000000.0,13115000000.0,29440000000,493000000.0,198000000.0,52000000.0,-152000000.0,,,,,591000000.0,-144000000.0,4000000.0,-23000000.0,-163000000.0,-215000000.0,-496000000.0,,-768000000.0,-373000000,2020-03-31,162.77999877929688,170.9499969482422,162.50999450683594,166.49000549316406,164.21788024902344,2876200.0
2020-06-30,2764000000.0,-1216000000.0,1548000000.0,-1568000000.0,-1225000000.0,-233000000.0,-110000000.0,-20000000.0,-67000000.0,,-87000000,,-87000000,4000000.0,-83000000,,-83000000,-83000000,6619000000.0,2203000000.0,3442000000.0,12801000000.0,2527000000.0,,16155000000.0,18682000000.0,31483000000,1593000000.0,1110000000.0,4405000000.0,11811000000.0,14324000000.0,18729000000,1744000000.0,,11725000000.0,12754000000.0,31483000000,-83000000.0,193000000.0,186000000.0,324000000.0,,,,,620000000.0,-109000000.0,4000000.0,-3000000.0,-117000000.0,-216000000.0,2297000000.0,,2056000000.0,2575000000,2020-06-30,176.86000061035156,181.50999450683597,175.41000366210938,180.19000244140625,178.32101440429688,1442900.0
