Report Date,Revenue,Cost of Revenue,Gross Profit,Operating Expenses,"Selling, General & Administrative",Research & Development,Depreciation & Amortization,Operating Income (Loss),Non-Operating Income (Loss),"Interest Expense, Net","Pretax Income (Loss), Adj.",Abnormal Gains (Losses),Pretax Income (Loss),"Income Tax (Expense) Benefit, Net",Income (Loss) from Continuing Operations,Net Extraordinary Gains (Losses),Net Income,Net Income (Common),"Cash, Cash Equivalents & Short Term Investments",Accounts & Notes Receivable,Inventories,Total Current Assets,"Property, Plant & Equipment, Net",Long Term Investments & Receivables,Other Long Term Assets,Total Noncurrent Assets,Total Assets,Payables & Accruals,Short Term Debt,Total Current Liabilities,Long Term Debt,Total Noncurrent Liabilities,Total Liabilities,Share Capital & Additional Paid-In Capital,Treasury Stock,Retained Earnings,Total Equity,Total Liabilities & Equity,Net Income/Starting Line,Depreciation & Amortization,Non-Cash Items,Change in Working Capital,Change in Accounts Receivable,Change in Inventories,Change in Accounts Payable,Change in Other,Net Cash from Operating Activities,Change in Fixed Assets & Intangibles,Net Change in Long Term Investment,Net Cash from Acquisitions & Divestitures,Net Cash from Investing Activities,Dividends Paid,Cash from (Repayment of) Debt,Cash from (Repurchase of) Equity,Net Cash from Financing Activities,Net Change in Cash,Price Date,Open,High,Low,Close,Adj Close,Volume
2009-09-30,2531100000.0,-1519900000.0,1011200000.0,-722600000.0,-662100000.0,-60500000.0,,288600000.0,-28600000.0,,260000000,-13100000.0,246900000,-25700000.0,221200000,0.0,221200000,221200000,1756300000.0,1482000000.0,1169600000.0,4797600000.0,1272300000.0,,15348600000.0,16620900000.0,21418500000,1384200000.0,70100000.0,1593800000.0,1952200000.0,4425300000.0,6019100000,11817300000.0,-574200000.0,4077500000.0,15399400000.0,21418500000,221200000.0,195500000.0,-51800000.0,21900000.0,5900000.0,34000000.0,-3100000.0,-14900000.0,386600000.0,-40800000.0,200000.0,-9500000.0,-58200000.0,,-14100000.0,5600000.0,-8100000.0,328300000,2009-09-30,43.65999984741211,43.77999877929688,42.86000061035156,43.66999816894531,41.85537338256836,7535900.0
2009-12-31,2641300000.0,-1629900000.0,1011400000.0,-711700000.0,-644700000.0,-67000000.0,,299700000.0,-43300000.0,,256400000,-22200000.0,234200000,12000000.0,246200000,27100000.0,273300000,273300000,1571200000.0,1409600000.0,1131400000.0,4530900000.0,1333400000.0,,15760700000.0,17094100000.0,21625000000,1382000000.0,117500000.0,1639300000.0,2064000000.0,4554800000.0,6194100000,11564600000.0,-576500000.0,4350800000.0,15430900000.0,21625000000,246200000.0,182800000.0,-26100000.0,88100000.0,77400000.0,53900000.0,-76700000.0,33500000.0,538600000.0,-70400000.0,600000.0,-480100000.0,-552700000.0,,-190200000.0,36900000.0,-152400000.0,-181600000,2009-12-31,48.0,48.33000183105469,47.61999893188477,47.68999862670898,45.70833206176758,1578800.0
2010-03-31,2626900000.0,-1560500000.0,1066400000.0,-764400000.0,-698300000.0,-66100000.0,,302000000.0,-24900000.0,,277100000,-17400000.0,259700000,-35100000.0,224600000,7700000.0,232300000,232300000,1440200000.0,1493800000.0,1154600000.0,4528600000.0,1312300000.0,,15783700000.0,17096000000.0,21624600000,1459100000.0,148800000.0,1775700000.0,1930300000.0,4368900000.0,6144600000,11527300000.0,-583100000.0,4583100000.0,15480000000.0,21624600000,224600000.0,193600000.0,-15300000.0,-67300000.0,-103700000.0,-34600000.0,73700000.0,-2700000.0,343100000.0,-48100000.0,,-229100000.0,-277900000.0,,-209700000.0,26800000.0,-178100000.0,-132400000,2010-03-31,51.43999862670898,51.58000183105469,51.18999862670898,51.43999862670898,49.30250549316406,3290600.0
2010-06-30,2595700000.0,-1546800000.0,1048900000.0,-742800000.0,-673200000.0,-69600000.0,,306100000.0,-36800000.0,,269300000,-8200000.0,261100000,-32400000.0,228700000,8600000.0,237300000,237300000,1316600000.0,1472500000.0,1148500000.0,4348000000.0,1297700000.0,,15635200000.0,16932900000.0,21280900000,1346200000.0,106000000.0,1616000000.0,2032800000.0,4319800000.0,5935800000,11445700000.0,-770900000.0,4820400000.0,15345100000.0,21280900000,228700000.0,185300000.0,-56700000.0,-83900000.0,4200000.0,-16300000.0,-22100000.0,-49700000.0,283700000.0,-54900000.0,,-58700000.0,-112600000.0,,-151800000.0,-164900000.0,-313700000.0,-124300000,2010-06-30,49.58000183105469,50.11000061035156,48.97000122070313,49.04999923706055,47.0118179321289,6938200.0
2010-09-30,2628700000.0,-1567200000.0,1061500000.0,-748500000.0,-677000000.0,-71500000.0,,313000000.0,-15400000.0,,297600000,-10300000.0,287300000,-28500000.0,258800000,9700000.0,268500000,268500000,939300000.0,1562100000.0,1207700000.0,4171000000.0,1366000000.0,,16000000000.0,17366000000.0,21537000000,1500700000.0,104400000.0,1770600000.0,2057600000.0,4369800000.0,6140400000,11474900000.0,-1246400000.0,5088900000.0,15396600000.0,21537000000,258800000.0,182400000.0,-33600000.0,10000000.0,-30400000.0,-11100000.0,-4100000.0,55600000.0,432800000.0,-61500000.0,,-257600000.0,-316100000.0,,-9600000.0,-471800000.0,-481300000.0,-377200000,2010-09-30,48.20000076293945,48.9000015258789,47.849998474121094,47.88000106811523,45.89044189453125,2562600.0
2010-12-31,2541800000.0,-1457100000.0,1084700000.0,-757500000.0,-680300000.0,-77200000.0,,327200000.0,-23300000.0,,303900000,-24300000.0,279600000,-5600000.0,274000000,23500000.0,297500000,297500000,926000000.0,1473800000.0,1172900000.0,4135000000.0,1360200000.0,,15854200000.0,17214400000.0,21349400000,1445800000.0,105800000.0,1709800000.0,2031300000.0,4278600000.0,5988400000,10421500000.0,-490500000.0,5386400000.0,15361000000.0,21349400000,274000000.0,178400000.0,-32300000.0,3400000.0,59100000.0,37900000.0,-48000000.0,-45600000.0,438200000.0,-70700000.0,9000000.0,-60800000.0,-152300000.0,,-1600000.0,-325300000.0,-322000000.0,-13100000,2010-12-31,55.61999893188477,55.63000106811523,55.25,55.36000061035156,53.05961608886719,901600.0
2011-03-31,2721400000.0,-1601100000.0,1120300000.0,-783500000.0,-708700000.0,-74800000.0,,336800000.0,-22500000.0,,314300000,-15300000.0,299000000,-51800000.0,247200000,5000000.0,252200000,252200000,2793900000.0,1565500000.0,1264000000.0,6189300000.0,1389000000.0,,15852300000.0,17241300000.0,23430600000,1453400000.0,2499400000.0,4146000000.0,1800800000.0,4029900000.0,8175900000,10488800000.0,-1036700000.0,5638600000.0,15254700000.0,23430600000,247200000.0,184300000.0,-23800000.0,-81800000.0,-64000000.0,-63100000.0,68300000.0,-23000000.0,338600000.0,-62800000.0,,-23700000.0,-88900000.0,,2138100000.0,-493000000.0,1651500000.0,1871600000,2011-03-31,54.86999893188477,55.599998474121094,54.54999923706055,55.54999923706055,53.24171829223633,3493700.0
2011-06-30,2854000000.0,-1693000000.0,1161000000.0,-856100000.0,-772900000.0,-83200000.0,,304900000.0,-10300000.0,,294600000,-39800000.0,254800000,-37700000.0,217100000,306300000.0,523400000,523400000,1363700000.0,1683400000.0,1350400000.0,5004700000.0,1509500000.0,,17559600000.0,19069100000.0,24073800000,1593300000.0,18500000.0,1816800000.0,4008800000.0,6591300000.0,8408100000,10499500000.0,-1261800000.0,6162000000.0,15665700000.0,24073800000,217400000.0,200900000.0,200000.0,-63600000.0,-3900000.0,700000.0,-10900000.0,-49500000.0,354700000.0,-51400000.0,,-2053800000.0,-1277000000.0,,-407000000.0,-127700000.0,-525700000.0,-1432600000,2011-06-30,64.20999908447266,64.73000335693361,63.959999084472656,64.38999938964844,61.71438598632813,1922300.0
2011-09-30,2932900000.0,-1714000000.0,1218900000.0,-891300000.0,-804500000.0,-86800000.0,,327600000.0,-49600000.0,,278000000,-11600000.0,266400000,-100000.0,266300000,-900000.0,265400000,265400000,898300000.0,1811000000.0,1406100000.0,4734600000.0,1629200000.0,,20627700000.0,22256900000.0,26991500000,1581300000.0,1018600000.0,2792500000.0,6115300000.0,9003100000.0,11795600000,10534800000.0,-1486900000.0,6427400000.0,15195900000.0,26991500000,266300000.0,228800000.0,-54400000.0,-84800000.0,-8100000.0,100000.0,-28400000.0,-48400000.0,360700000.0,-59800000.0,,-3599800000.0,-3703500000.0,,3079000000.0,-213100000.0,2871200000.0,-465800000,2011-09-30,50.83000183105469,52.08000183105469,50.43000030517578,50.63999938964844,48.5357437133789,3232600.0
2011-12-31,3050500000.0,-1756700000.0,1293800000.0,-915800000.0,-820400000.0,-95400000.0,,378000000.0,-35600000.0,,342400000,-29800000.0,312600000,-19800000.0,292800000,-3900000.0,288900000,288900000,1020600000.0,1763700000.0,1330100000.0,4821900000.0,1611300000.0,,20400500000.0,22011800000.0,26833700000,1647800000.0,1272800000.0,3113100000.0,5755200000.0,8682500000.0,11795600000,10558400000.0,-1837100000.0,6716300000.0,15038100000.0,26833700000,292500000.0,245600000.0,111700000.0,-9900000.0,-25200000.0,33700000.0,4800000.0,-23200000.0,637000000.0,-78700000.0,19500000.0,800000.0,-72800000.0,0.0,-100900000.0,-345600000.0,-446400000.0,126000000,2011-12-30,44.97999954223633,45.31999969482422,44.70000076293945,44.97000122070313,43.101356506347656,1440200.0
2012-03-31,3056800000.0,-1767100000.0,1289700000.0,-916000000.0,-824300000.0,-91700000.0,,373700000.0,-50400000.0,,323300000,-12200000.0,311100000,-30300000.0,280800000,-3500000.0,277300000,277300000,792600000.0,1894800000.0,1422300000.0,4769500000.0,1665300000.0,,20387900000.0,22053200000.0,26822700000,1693800000.0,924200000.0,2845400000.0,5751000000.0,8688300000.0,11533700000,10640300000.0,-2146000000.0,6945600000.0,15289000000.0,26822700000,280800000.0,242500000.0,-4500000.0,-120900000.0,-58400000.0,-77000000.0,67300000.0,-52800000.0,392000000.0,-65200000.0,,-500000.0,-66200000.0,0.0,-347800000.0,-244900000.0,-585000000.0,-228000000,2012-03-30,56.40999984741211,56.790000915527344,56.2400016784668,56.38000106811523,54.16437530517578,2977700.0
2012-06-30,3108100000.0,-1786800000.0,1321300000.0,-929200000.0,-835000000.0,-94200000.0,,392100000.0,-49400000.0,,342700000,-24300000.0,318400000,-26000000.0,292400000,-58600000.0,233800000,233800000,736600000.0,1803500000.0,1390700000.0,4667000000.0,1602500000.0,,20091800000.0,21694300000.0,26361300000,1701700000.0,786200000.0,2703200000.0,5745900000.0,8563700000.0,11266900000,10666700000.0,-2246200000.0,7131600000.0,15094400000.0,26361300000,292400000.0,241600000.0,-35200000.0,12000000.0,46700000.0,-26300000.0,-19400000.0,11000000.0,507500000.0,-61800000.0,,-178200000.0,-238500000.0,-47700000.0,-136500000.0,-91300000.0,-284000000.0,-56000000,2012-06-29,51.58000183105469,51.93999862670898,51.1500015258789,51.90999984741211,49.99921417236328,2637700.0
2012-09-30,3085700000.0,-1787300000.0,1298400000.0,-931000000.0,-839000000.0,-92000000.0,,367400000.0,-55800000.0,,311600000,-15200000.0,296400000,3000000.0,299400000,-9000000.0,290400000,290400000,836500000.0,1829200000.0,1517000000.0,4947300000.0,1669900000.0,,20960800000.0,22630700000.0,27578000000,1879300000.0,434800000.0,2522500000.0,7037500000.0,9765000000.0,12287500000,10762600000.0,-2646600000.0,7374800000.0,15290500000.0,27578000000,299400000.0,245200000.0,-105700000.0,53000000.0,-4500000.0,-29300000.0,23300000.0,63500000.0,479900000.0,-72100000.0,,-893700000.0,-995400000.0,-47600000.0,931700000.0,-332500000.0,558700000.0,66000000,2012-09-28,59.18000030517578,59.31000137329102,58.459999084472656,58.83000183105469,56.78892135620117,1256300.0
2012-12-31,3259300000.0,-1873200000.0,1386100000.0,-955100000.0,-856600000.0,-98500000.0,,431000000.0,-57100000.0,,373900000,-30400000.0,343500000,42300000.0,385800000,-9400000.0,376400000,376400000,809900000.0,1804900000.0,1443300000.0,4834800000.0,1726400000.0,,20883400000.0,22609800000.0,27444600000,1803700000.0,93100000.0,2093300000.0,7031200000.0,9886600000.0,11979900000,10914600000.0,-2996800000.0,7697300000.0,15464700000.0,27444600000,385800000.0,254400000.0,-17800000.0,44900000.0,28200000.0,72700000.0,-61200000.0,5200000.0,660100000.0,-103200000.0,1900000.0,-11000000.0,-70800000.0,-46900000.0,-345100000.0,-227200000.0,-607400000.0,7300000,2012-12-31,62.81000137329102,63.86999893188477,62.29999923706055,63.77999877929688,61.709266662597656,1451200.0
2013-03-31,3191500000.0,-1855200000.0,1336300000.0,-927700000.0,-829500000.0,-98200000.0,,408600000.0,-44200000.0,,364400000,-21500000.0,342900000,-2100000.0,340800000,-4600000.0,336200000,336200000,1008300000.0,1904500000.0,1474600000.0,5136100000.0,1685800000.0,,20588800000.0,22274600000.0,27410700000,1682700000.0,394000000.0,2302800000.0,6724400000.0,9508400000.0,11811200000,11054800000.0,-3105500000.0,7979500000.0,15599500000.0,27410700000,340800000.0,251000000.0,-20700000.0,-272000000.0,-130800000.0,-67900000.0,42500000.0,-115800000.0,298300000.0,-63000000.0,0.0,-3800000.0,-67200000.0,-54000000.0,-2000000.0,12000000.0,-27800000.0,152900000,2013-03-28,75.22000122070312,76.61000061035156,75.0,76.48999786376953,74.14974975585938,1757100.0
2013-06-30,3240100000.0,-1876900000.0,1363200000.0,-966300000.0,-869600000.0,-96700000.0,,396900000.0,-95400000.0,,301500000,-21500000.0,280000000,-2400000.0,277600000,-200000.0,277400000,277400000,1413100000.0,1901500000.0,1487100000.0,5641500000.0,1688800000.0,,20299200000.0,21988000000.0,27629500000,1754400000.0,393300000.0,2362900000.0,6721100000.0,9463800000.0,11826700000,11162100000.0,-3105900000.0,8202600000.0,15802800000.0,27629500000,277600000.0,249200000.0,-16500000.0,-31000000.0,-8200000.0,-29700000.0,-9200000.0,16100000.0,478400000.0,-65000000.0,500000.0,-900000.0,-65700000.0,-53900000.0,-300000.0,70500000.0,29900000.0,404200000,2013-06-28,84.98999786376953,85.45999908447266,84.62000274658203,84.62999725341797,82.1868667602539,2608500.0
2013-09-30,3191800000.0,-1843900000.0,1347900000.0,-944400000.0,-848500000.0,-95900000.0,,403500000.0,-73100000.0,,330400000,-11400000.0,319000000,-1300000.0,317700000,-100000.0,317600000,317600000,1849800000.0,1945100000.0,1546800000.0,6210400000.0,1708700000.0,,20353400000.0,22062100000.0,28272500000,1861500000.0,393600000.0,2453000000.0,6717900000.0,9382200000.0,11835200000,11231500000.0,-3109500000.0,8465700000.0,16437300000.0,28272500000,317700000.0,250400000.0,-125200000.0,64200000.0,-16300000.0,-32100000.0,15800000.0,96800000.0,505500000.0,-44000000.0,0.0,-800000.0,-60400000.0,-54100000.0,700000.0,32600000.0,-15600000.0,482900000,2013-09-30,92.22000122070312,92.66999816894531,92.0,92.1500015258789,89.63787078857422,1270000.0
2013-12-31,3466900000.0,-1985200000.0,1481700000.0,-1003400000.0,-898700000.0,-104700000.0,,478300000.0,-77400000.0,,400900000,-23300000.0,377600000,-34600000.0,343000000,-900000.0,342100000,342100000,5830500000.0,1942300000.0,1494500000.0,9880700000.0,1767400000.0,,20215300000.0,21982700000.0,31863400000,1939400000.0,987700000.0,3126000000.0,9499600000.0,11881300000.0,15007300000,8592200000.0,-412200000.0,8753300000.0,16856100000.0,31863400000,343000000.0,249300000.0,-259900000.0,397700000.0,7400000.0,57500000.0,-2100000.0,334900000.0,728500000.0,-89700000.0,7100000.0,-5900000.0,-70000000.0,-54200000.0,3356300000.0,25500000.0,3323500000.0,3980400000,2013-12-31,110.91000366210938,111.44000244140624,110.63999938964844,111.3499984741211,108.47522735595705,1147900.0
2014-03-31,3903500000.0,-2283500000.0,1620000000.0,-1326700000.0,-1177000000.0,-149700000.0,,293300000.0,-101100000.0,,192200000,582200000.0,774400000,-231300000.0,543100000,,543100000,543100000,1522700000.0,2695500000.0,2060500000.0,7306100000.0,2488700000.0,,36338900000.0,38827600000.0,46133700000,2889200000.0,2165700000.0,5391500000.0,15196900000.0,20311600000.0,25703100000,11699700000.0,-442600000.0,9236300000.0,20430600000.0,46133700000,543100000.0,365600000.0,-843400000.0,36900000.0,-192600000.0,-32100000.0,-9800000.0,271400000.0,101200000.0,-101300000.0,33000000.0,-11999700000.0,-12067900000.0,-54900000.0,4612100000.0,3029500000.0,7635100000.0,-4328800000,2014-03-31,119.45999908447266,120.55999755859376,119.45999908447266,120.23999786376952,117.27479553222656,1530700.0
2014-06-30,4321900000.0,-2475400000.0,1846500000.0,-1437500000.0,-1253800000.0,-183700000.0,,409000000.0,-111600000.0,,297400000,-60900000.0,236500000,42000000.0,278500000,,278500000,278500000,605900000.0,2660100000.0,1933800000.0,5944400000.0,2472000000.0,,35897000000.0,38369000000.0,44313400000,2818000000.0,3075100000.0,6235600000.0,12502000000.0,17419200000.0,23654800000,11758800000.0,-443100000.0,9454600000.0,20658600000.0,44313400000,278500000.0,434800000.0,-74700000.0,251000000.0,38900000.0,-21700000.0,13200000.0,220600000.0,888700000.0,-66200000.0,32000000.0,-6100000.0,-6200000.0,-59800000.0,-1777800000.0,21100000.0,-1814200000.0,-912300000,2014-06-30,118.1999969482422,118.55999755859376,117.68000030517578,118.0,115.23381042480469,1603200.0
2014-09-30,4171400000.0,-2237800000.0,1933600000.0,-1403900000.0,-1228700000.0,-175200000.0,,529700000.0,-101100000.0,,428600000,110600000.0,539200000,-69300000.0,469900000,1700000.0,471600000,471600000,543600000.0,2507100000.0,1913700000.0,5719900000.0,2406100000.0,,34564800000.0,36970900000.0,42690800000,2807700000.0,3088500000.0,6222100000.0,11388600000.0,15958100000.0,22180200000,11824300000.0,-455400000.0,9866000000.0,20510600000.0,42690800000,469900000.0,455700000.0,-241000000.0,-7000000.0,36400000.0,-55300000.0,-6700000.0,18600000.0,676000000.0,-83700000.0,19400000.0,469700000.0,417400000.0,-60100000.0,-1081000000.0,24100000.0,-1114100000.0,-50600000,2014-09-30,122.3499984741211,122.91999816894531,121.48999786376952,121.6999969482422,118.991455078125,1670100.0
2014-12-31,4492800000.0,-2400900000.0,2091900000.0,-1419100000.0,-1236600000.0,-182500000.0,,672800000.0,-102000000.0,,570800000,-33700000.0,537100000,66900000.0,604000000,-2800000.0,601200000,601200000,1343500000.0,2473600000.0,1859500000.0,6539800000.0,2426500000.0,,33885800000.0,36312300000.0,42852100000,2825500000.0,2212400000.0,5349800000.0,12351600000.0,16954200000.0,22304000000,11882100000.0,-455900000.0,10406900000.0,20548100000.0,42852100000,604000000.0,428700000.0,-14800000.0,-63400000.0,-28100000.0,-700000.0,4500000.0,-39100000.0,953700000.0,-127100000.0,4200000.0,-2200000.0,-126000000.0,-60000000.0,123100000.0,22700000.0,89300000.0,809200000,2014-12-31,127.2300033569336,127.83999633789062,125.26000213623048,125.29000091552734,122.64605712890624,1045900.0
2015-03-31,3918800000.0,-2096300000.0,1822500000.0,-1303200000.0,-1137400000.0,-165800000.0,,519300000.0,-105300000.0,,414000000,-32000000.0,382000000,3100000.0,385100000,0.0,385100000,385100000,873000000.0,2538000000.0,1898800000.0,6180500000.0,2384200000.0,,33292600000.0,35676800000.0,41857300000,2367500000.0,4160600000.0,6861000000.0,10696200000.0,15081500000.0,21942500000,12017500000.0,-988200000.0,10732100000.0,19914800000.0,41857300000,385100000.0,416300000.0,-115100000.0,-604200000.0,-124700000.0,-81300000.0,34800000.0,-433000000.0,80000000.0,-96600000.0,,-298600000.0,-394300000.0,-60800000.0,367500000.0,-440000000.0,-100400000.0,-478900000,2015-03-31,134.55000305175778,136.24000549316406,134.17999267578122,134.33999633789062,131.65945434570312,1431700.0
2015-06-30,4270900000.0,-2329100000.0,1941800000.0,-1325600000.0,-1151000000.0,-174600000.0,,616200000.0,-92200000.0,,524000000,-20400000.0,503600000,8000000.0,511600000,0.0,511600000,511600000,770400000.0,2631000000.0,1962300000.0,6236600000.0,2406900000.0,,33130900000.0,35537800000.0,41774400000,2406300000.0,3359800000.0,6100400000.0,10663700000.0,14994200000.0,21094600000,12079900000.0,-988700000.0,11183700000.0,20679800000.0,41774400000,511600000.0,419700000.0,-96600000.0,-67600000.0,-77000000.0,-40800000.0,-13100000.0,63300000.0,764900000.0,-89700000.0,,0.0,-75000000.0,-59700000.0,-800700000.0,21700000.0,-828900000.0,-96200000,2015-06-30,130.83999633789062,131.25999450683594,129.39999389648438,129.75999450683594,127.31749725341795,1312100.0
2015-09-30,4123200000.0,-2239900000.0,1883300000.0,-1304900000.0,-1133300000.0,-171600000.0,,578400000.0,-94800000.0,,483600000,-15500000.0,468100000,9200000.0,477300000,-1200000.0,476100000,476100000,503400000.0,2543900000.0,1987200000.0,6025900000.0,2392200000.0,,32729000000.0,35121200000.0,41147100000,2380200000.0,3034000000.0,5735100000.0,10277900000.0,14561800000.0,20296900000,12144200000.0,-1007300000.0,11599700000.0,20850200000.0,41147100000,477300000.0,427700000.0,-31100000.0,-126300000.0,55800000.0,-53200000.0,-48600000.0,-80300000.0,743900000.0,-99700000.0,,-7400000.0,-106700000.0,-60200000.0,-779500000.0,14900000.0,-817800000.0,-265000000,2015-09-30,120.47000122070312,122.41999816894531,120.47000122070312,122.27999877929688,120.12598419189452,1944200.0
2015-12-31,4652100000.0,-2543700000.0,2108400000.0,-1370300000.0,-1190300000.0,-180000000.0,,738100000.0,-107700000.0,,630400000,-48100000.0,582300000,23700000.0,606000000,-3800000.0,602200000,602200000,452100000.0,2544900000.0,1991700000.0,5741200000.0,2448800000.0,,32644300000.0,35093100000.0,40834300000,2776600000.0,1051800000.0,4146300000.0,11420200000.0,15337800000.0,19484100000,12213100000.0,-1007900000.0,12142300000.0,21350200000.0,40834300000,606000000.0,424300000.0,-127200000.0,451100000.0,-3100000.0,34300000.0,23900000.0,396000000.0,1353200000.0,-119000000.0,12000000.0,-389000000.0,-517000000.0,-60300000.0,-729300000.0,-24600000.0,-869900000.0,-57900000,2015-12-31,141.97000122070312,143.2100067138672,141.83999633789062,141.85000610351562,139.506103515625,1145000.0
2016-03-31,4294800000.0,-2336900000.0,1957900000.0,-1389400000.0,-1212900000.0,-176500000.0,,568500000.0,-94900000.0,,473600000,-50600000.0,423000000,-20700000.0,402300000,-100000.0,402200000,402200000,826800000.0,2668300000.0,2154900000.0,6539000000.0,2483100000.0,,33930600000.0,36413700000.0,42952700000,2579300000.0,3383000000.0,6322800000.0,11653000000.0,15705500000.0,22028300000,12332100000.0,-2026200000.0,12485200000.0,20924400000.0,42952700000,402300000.0,416100000.0,-57200000.0,-425000000.0,-29900000.0,-56200000.0,34800000.0,-373700000.0,334700000.0,-109100000.0,3900000.0,-1032400000.0,-1138900000.0,-60300000.0,2171400000.0,-968300000.0,1142400000.0,375200000,2016-03-31,140.75,142.2100067138672,140.13999938964844,141.58999633789062,139.40194702148438,1165300.0
2016-06-30,4535200000.0,-2456700000.0,2078500000.0,-1405500000.0,-1223100000.0,-182400000.0,,673000000.0,-116500000.0,,556500000,-35400000.0,521100000,-4300000.0,516800000,-200000.0,516600000,516600000,663100000.0,2709100000.0,2086300000.0,6331000000.0,2451600000.0,,33470800000.0,35922400000.0,42253400000,2653800000.0,2515900000.0,5528200000.0,11631900000.0,15461300000.0,20989500000,12430900000.0,-2027400000.0,12942500000.0,21263900000.0,42253400000,516800000.0,435100000.0,-152400000.0,114500000.0,-65100000.0,30300000.0,5100000.0,144200000.0,913600000.0,-99100000.0,4000000.0,-600000.0,-96400000.0,-59100000.0,-887700000.0,46700000.0,-913300000.0,-151700000,2016-06-30,145.58999633789062,147.77999877929688,145.1300048828125,147.75999450683594,145.62049865722656,2419800.0
2016-09-30,4490900000.0,-2437000000.0,2053900000.0,-1457900000.0,-1274600000.0,-183300000.0,,596000000.0,-113200000.0,,482800000,-54900000.0,427900000,45600000.0,473500000,0.0,473500000,473500000,1970000000.0,2895100000.0,2390900000.0,8204400000.0,2599300000.0,,37207000000.0,39806300000.0,48010700000,2795600000.0,1972100000.0,5259900000.0,16940400000.0,21092200000.0,26352100000,12512100000.0,-2055300000.0,13356500000.0,21658600000.0,48010700000,473500000.0,433000000.0,-148600000.0,47600000.0,-17400000.0,48200000.0,26200000.0,-9400000.0,804400000.0,-79600000.0,3800000.0,-4110000000.0,-4192600000.0,-59800000.0,4783800000.0,-3300000.0,4720700000.0,1310400000,2016-09-30,156.6999969482422,159.52999877929688,156.6999969482422,159.05999755859375,156.91769409179688,1985900.0
2016-12-31,4953100000.0,-2674400000.0,2278700000.0,-1472200000.0,-1260400000.0,-211800000.0,,806500000.0,-109400000.0,,697100000,-48100000.0,649000000,-19600000.0,629400000,-2700000.0,626700000,626700000,786000000.0,3049000000.0,2213000000.0,7021000000.0,2578000000.0,,36309000000.0,38887000000.0,45908000000,3125000000.0,1255000000.0,4866000000.0,15372000000.0,19502000000.0,24368000000,12555000000.0,-2306000000.0,13927000000.0,21540000000.0,45908000000,632400000.0,473800000.0,-29800000.0,127900000.0,-239600000.0,75700000.0,-10100000.0,301900000.0,1205300000.0,-130200000.0,-11700000.0,-35000000.0,-92100000.0,-58800000.0,-1893500000.0,-238100000.0,-2190800000.0,-1188900000,2016-12-30,142.16000366210938,142.33999633789062,140.44999694824222,141.10000610351562,139.34352111816406,1063200.0
2017-03-31,4765000000.0,-2572000000.0,2193000000.0,-1549000000.0,-1334000000.0,-215000000.0,,644000000.0,-117000000.0,,527000000,-24000000.0,503000000,48000000.0,551000000,,551000000,551000000,713300000.0,3096500000.0,2327100000.0,7248100000.0,2563300000.0,,36402200000.0,38965500000.0,46213600000,2881600000.0,1882400000.0,5302900000.0,15188400000.0,19115500000.0,24418400000,12668400000.0,-2819100000.0,14419400000.0,21795200000.0,46213600000,551000000.0,465000000.0,-208000000.0,-446000000.0,-18000000.0,-105000000.0,114000000.0,-437000000.0,361000000.0,-92000000.0,,-301000000.0,-382000000.0,-59000000.0,382000000.0,-442000000.0,-119000000.0,-74000000,2017-03-31,153.38999938964844,154.14999389648438,153.22000122070312,153.60000610351562,151.8308868408203,1219100.0
2017-06-30,4990000000.0,-2707000000.0,2283000000.0,-1513000000.0,-1291000000.0,-222000000.0,,770000000.0,-123000000.0,,647000000,-22000000.0,625000000,-13000000.0,612000000,-1000000.0,611000000,611000000,611000000.0,3258300000.0,2422200000.0,7452500000.0,2599700000.0,,36461500000.0,39061200000.0,46513700000,2993300000.0,1540400000.0,5075800000.0,15255700000.0,19046300000.0,24122100000,12745100000.0,-3069700000.0,14972300000.0,22391600000.0,46513700000,613000000.0,477000000.0,-124000000.0,-117000000.0,-109000000.0,-41000000.0,-65000000.0,98000000.0,849000000.0,-87000000.0,,-6000000.0,-95000000.0,-59000000.0,-696000000.0,-209000000.0,-964000000.0,-108000000,2017-06-30,174.4199981689453,175.2100067138672,173.97999572753906,174.47000122070312,172.60984802246094,819700.0
2017-09-30,5116000000.0,-2816000000.0,2300000000.0,-1617000000.0,-1400000000.0,-217000000.0,,683000000.0,-154000000.0,,529000000,-49000000.0,480000000,54000000.0,534000000,0.0,534000000,534000000,741100000.0,3657000000.0,3125500000.0,8844000000.0,3931600000.0,,43209700000.0,47141300000.0,55985300000,3521700000.0,2762300000.0,7031300000.0,19230400000.0,24252200000.0,31283500000,14540000000.0,-3101100000.0,15445800000.0,24701800000.0,55985300000,534000000.0,517000000.0,-106000000.0,-15000000.0,-34000000.0,-62000000.0,-49000000.0,130000000.0,929000000.0,-110000000.0,,-6853000000.0,-6969000000.0,-59000000.0,4442000000.0,1699000000.0,6081000000.0,129000000,2017-09-29,186.7100067138672,189.57000732421875,186.3500061035156,189.1999969482422,187.3295440673828,1703200.0
2017-12-31,6047000000.0,-3378000000.0,2669000000.0,-1712000000.0,-1479000000.0,-233000000.0,,957000000.0,-137000000.0,,820000000,-2000000.0,818000000,-290000000.0,528000000,-2000000.0,526000000,526000000,1335000000.0,3879000000.0,2971000000.0,9421000000.0,4047000000.0,,43201000000.0,47248000000.0,56669000000,4194000000.0,2135000000.0,7048000000.0,18873000000.0,24208000000.0,31256000000,14605000000.0,-3103000000.0,15914000000.0,25413000000.0,56669000000,530000000.0,574000000.0,-511000000.0,1272000000.0,-201000000.0,127000000.0,274000000.0,1072000000.0,1866000000.0,-212000000.0,,-66000000.0,-283000000.0,-60000000.0,-1102000000.0,20000000.0,-1144000000.0,603000000,2017-12-29,191.94000244140625,191.9499969482422,189.8800048828125,189.8800048828125,188.1501922607422,856600.0
2018-03-31,5853000000.0,-3273000000.0,2580000000.0,-1749000000.0,-1515000000.0,-234000000.0,,831000000.0,-152000000.0,,679000000,-45000000.0,634000000,-55000000.0,579000000,,579000000,579000000,950000000.0,3990000000.0,2891000000.0,9588000000.0,4059000000.0,,42933000000.0,46992000000.0,56580000000,3349000000.0,2814000000.0,7072000000.0,18122000000.0,23385000000.0,30457000000,14748000000.0,-3125000000.0,16542000000.0,26123000000.0,56580000000,579000000.0,575000000.0,-75000000.0,-1001000000.0,-71000000.0,-124000000.0,-94000000.0,-712000000.0,78000000.0,-116000000.0,,-57000000.0,-179000000.0,-60000000.0,-271000000.0,39000000.0,-342000000.0,-386000000,2018-03-29,207.00999450683597,208.44000244140625,204.5200042724609,206.4600067138672,204.74093627929688,1787700.0
2018-06-30,6078000000.0,-3340000000.0,2738000000.0,-1784000000.0,-1542000000.0,-242000000.0,,954000000.0,-131000000.0,,823000000,-17000000.0,806000000,-54000000.0,752000000,0.0,752000000,752000000,937000000.0,3911000000.0,2866000000.0,9474000000.0,3952000000.0,,41977000000.0,45929000000.0,55403000000,3453000000.0,1711000000.0,5980000000.0,17709000000.0,22978000000.0,28958000000,14838000000.0,-3128000000.0,17226000000.0,26445000000.0,55403000000,752000000.0,571000000.0,87000000.0,34000000.0,-26000000.0,-71000000.0,74000000.0,57000000.0,1444000000.0,-182000000.0,,-2000000.0,-185000000.0,-69000000.0,-976000000.0,39000000.0,-1006000000.0,-19000000,2018-06-29,206.2400054931641,208.52999877929688,205.25999450683597,207.13999938964844,205.5768280029297,1591000.0
2018-09-30,5920000000.0,-3305000000.0,2615000000.0,-1730000000.0,-1490000000.0,-240000000.0,,885000000.0,-102000000.0,,783000000,27000000.0,810000000,-101000000.0,709000000,0.0,709000000,709000000,1098000000.0,3852000000.0,2982000000.0,9566000000.0,3978000000.0,,41534000000.0,45512000000.0,55078000000,3385000000.0,1014000000.0,5196000000.0,17760000000.0,22992000000.0,28188000000,14957000000.0,-3414000000.0,17866000000.0,26890000000.0,55078000000,709000000.0,563000000.0,-193000000.0,141000000.0,33000000.0,-138000000.0,-25000000.0,271000000.0,1220000000.0,-170000000.0,,0.0,-168000000.0,-69000000.0,-575000000.0,-231000000.0,-876000000.0,155000000,2018-09-28,243.92999267578125,244.6300048828125,242.8000030517578,244.0800018310547,242.40696716308597,1538900.0
2018-12-31,6507000000.0,-3583000000.0,2924000000.0,-1761000000.0,-1510000000.0,-251000000.0,,1163000000.0,-136000000.0,-530000000.0,1027000000,-15000000.0,1012000000,-114000000.0,898000000,0.0,898000000,898000000,2103000000.0,4136000000.0,3005000000.0,10625000000.0,4165000000.0,,41442000000.0,45607000000.0,56232000000,4067000000.0,1271000000.0,6147000000.0,17719000000.0,22499000000.0,28646000000,15053000000.0,-3665000000.0,18696000000.0,27586000000.0,56232000000,898000000.0,-1183000000.0,1737000000.0,349000000.0,-302000000.0,9000000.0,246000000.0,396000000.0,1801000000.0,-240000000.0,,-477000000.0,-721000000.0,-68000000.0,266000000.0,-211000000.0,-13000000.0,1006000000,2018-12-31,224.42999267578125,225.97999572753903,221.0200042724609,223.7899932861328,222.41256713867188,1640000.0
2019-03-31,6125000000.0,-3418000000.0,2707000000.0,-1776000000.0,-1528000000.0,-248000000.0,,931000000.0,-103000000.0,,828000000,-11000000.0,817000000,-2000000.0,815000000,,815000000,815000000,1106000000.0,4155000000.0,3124000000.0,9939000000.0,4192000000.0,,41465000000.0,45657000000.0,55596000000,3595000000.0,1336000000.0,5898000000.0,16812000000.0,22005000000.0,27903000000,15204000000.0,-4441000000.0,19439000000.0,27693000000.0,55596000000,815000000.0,133000000.0,346000000.0,-645000000.0,-29000000.0,-140000000.0,-129000000.0,-347000000.0,649000000.0,-195000000.0,,-1000000.0,-181000000.0,-68000000.0,-688000000.0,-669000000.0,-1425000000.0,-989000000,2019-03-29,272.5,273.94000244140625,270.0599975585937,273.72000122070307,272.23504638671875,1193800.0
2019-06-30,6316000000.0,-3493000000.0,2823000000.0,-1811000000.0,-1565000000.0,-246000000.0,,1012000000.0,-103000000.0,,909000000,484000000.0,1393000000,-274000000.0,1119000000,,1119000000,1119000000,2288000000.0,4129000000.0,3209000000.0,11223000000.0,4394000000.0,,42353000000.0,46747000000.0,57970000000,4070000000.0,2377000000.0,7509000000.0,16663000000.0,21732000000.0,29241000000,15320000000.0,-4443000000.0,20482000000.0,28729000000.0,57970000000,1119000000.0,142000000.0,-282000000.0,315000000.0,34000000.0,-133000000.0,-73000000.0,487000000.0,1294000000.0,-214000000.0,,-559000000.0,-769000000.0,-76000000.0,725000000.0,41000000.0,690000000.0,1186000000,2019-06-28,292.55999755859375,294.1300048828125,288.69000244140625,293.67999267578125,292.2814636230469,5248000.0
2019-09-30,6272000000.0,-3509000000.0,2763000000.0,-1786000000.0,-1539000000.0,-247000000.0,,977000000.0,-124000000.0,-112000000.0,853000000,-31000000.0,822000000,-62000000.0,760000000,,760000000,760000000,1273000000.0,4384000000.0,3308000000.0,10514000000.0,4420000000.0,,41795000000.0,46215000000.0,56729000000,4240000000.0,661000000.0,5844000000.0,16392000000.0,21530000000.0,27374000000,15398000000.0,-4486000000.0,21165000000.0,29355000000.0,56729000000,760000000.0,141000000.0,151000000.0,65000000.0,-326000000.0,273000000.0,272000000.0,-154000000.0,1117000000.0,-210000000.0,,1000000.0,-198000000.0,-77000000.0,-1736000000.0,-7000000.0,-1869000000.0,-1009000000,2019-09-30,286.9100036621094,293.489990234375,286.7900085449219,291.2699890136719,290.068115234375,1519400.0
2019-12-31,6829000000.0,-3794000000.0,3035000000.0,-1774000000.0,-1512000000.0,-262000000.0,,1261000000.0,-194000000.0,-340000000.0,1067000000,-29000000.0,1038000000,-36000000.0,1002000000,,1002000000,1002000000,2399000000.0,4349000000.0,3370000000.0,11893000000.0,4749000000.0,,41739000000.0,46488000000.0,58381000000,4605000000.0,676000000.0,6197000000.0,17076000000.0,22509000000.0,28706000000,15498000000.0,-5236000000.0,22092000000.0,29675000000.0,58381000000,1002000000.0,148000000.0,1113000000.0,-350000000.0,96000000.0,-458000000.0,196000000.0,-184000000.0,1913000000.0,-271000000.0,,-156000000.0,-339000000.0,-76000000.0,294000000.0,-712000000.0,-514000000.0,1117000000,2019-12-31,324.8599853515625,325.239990234375,322.94000244140625,324.8699951171875,323.7214050292969,875800.0
2020-03-31,6230000000.0,-3490000000.0,2740000000.0,-1796000000.0,-1551000000.0,-245000000.0,,944000000.0,-78000000.0,-90000000.0,866000000,-38000000.0,828000000,-40000000.0,788000000,,788000000,788000000,2981000000.0,4508000000.0,3454000000.0,12738000000.0,4736000000.0,,41214000000.0,45950000000.0,58688000000,3824000000.0,738000000.0,5500000000.0,19231000000.0,24629000000.0,30129000000,15621000000.0,-6765000000.0,22791000000.0,28559000000.0,58688000000,788000000.0,149000000.0,494000000.0,-1075000000.0,,,,-1075000000.0,356000000.0,-249000000.0,,-4000000.0,-260000000.0,-76000000.0,2245000000.0,-1452000000.0,619000000.0,588000000,2020-03-31,283.80999755859375,286.3299865722656,280.3099975585937,283.6000061035156,282.816162109375,3275100.0
2020-06-30,6917000000.0,-3540000000.0,3377000000.0,-1974000000.0,-1710000000.0,-264000000.0,,1403000000.0,-138000000.0,-129000000.0,1265000000,-12000000.0,1253000000,-97000000.0,1156000000,,1156000000,1156000000,5818000000.0,4478000000.0,3648000000.0,15775000000.0,4887000000.0,,40931000000.0,45818000000.0,61593000000,4363000000.0,675000000.0,6013000000.0,20638000000.0,25705000000.0,31718000000,15770000000.0,-6766000000.0,23860000000.0,29875000000.0,61593000000,1156000000.0,157000000.0,232000000.0,341000000.0,,,,341000000.0,1886000000.0,-267000000.0,,1000000.0,-259000000.0,-87000000.0,1213000000.0,77000000.0,1180000000.0,2827000000,2020-06-30,350.4599914550781,363.9700012207031,349.5899963378906,362.3399963378906,361.574951171875,1710300.0
