Report Date,Revenue,Cost of Revenue,Gross Profit,Operating Expenses,"Selling, General & Administrative",Research & Development,Depreciation & Amortization,Operating Income (Loss),Non-Operating Income (Loss),"Interest Expense, Net","Pretax Income (Loss), Adj.",Abnormal Gains (Losses),Pretax Income (Loss),"Income Tax (Expense) Benefit, Net",Income (Loss) from Continuing Operations,Net Extraordinary Gains (Losses),Net Income,Net Income (Common),"Cash, Cash Equivalents & Short Term Investments",Accounts & Notes Receivable,Inventories,Total Current Assets,"Property, Plant & Equipment, Net",Long Term Investments & Receivables,Other Long Term Assets,Total Noncurrent Assets,Total Assets,Payables & Accruals,Short Term Debt,Total Current Liabilities,Long Term Debt,Total Noncurrent Liabilities,Total Liabilities,Share Capital & Additional Paid-In Capital,Treasury Stock,Retained Earnings,Total Equity,Total Liabilities & Equity,Net Income/Starting Line,Depreciation & Amortization,Non-Cash Items,Change in Working Capital,Change in Accounts Receivable,Change in Inventories,Change in Accounts Payable,Change in Other,Net Cash from Operating Activities,Change in Fixed Assets & Intangibles,Net Change in Long Term Investment,Net Cash from Acquisitions & Divestitures,Net Cash from Investing Activities,Dividends Paid,Cash from (Repayment of) Debt,Cash from (Repurchase of) Equity,Net Cash from Financing Activities,Net Change in Cash,Price Date,Open,High,Low,Close,Adj Close,Volume
2009-09-30,747730000.0,-501692000.0,246038000.0,-210241000.0,-193820000.0,,-16421000.0,35797000.0,-461000.0,-461000.0,35336000,,35336000,-13357000.0,21979000,,21979000,21979000,94871000.0,,703989000.0,850654000.0,362741000.0,,28702000.0,391443000.0,1242097000,462624000.0,414000.0,463038000.0,1534000.0,85518000.0,548556000,185345000.0,-214690000.0,722886000.0,693541000.0,1242097000,21979000.0,16421000.0,1542000.0,-25373000.0,,,,,14569000.0,-15253000.0,,,-15253000.0,0.0,-127000.0,1912000.0,3710000.0,3026000,2009-09-30,12.077500343322756,12.162500381469727,11.84000015258789,12.104999542236328,10.651905059814453,1193600.0
2009-12-31,862532000.0,-569915000.0,292617000.0,-226328000.0,-208827000.0,,-17501000.0,66289000.0,-505000.0,-505000.0,65784000,,65784000,-23252000.0,42532000,,42532000,42532000,172851000.0,,601249000.0,834329000.0,370245000.0,,26271000.0,396516000.0,1230845000,404233000.0,392000.0,404625000.0,1407000.0,93017000.0,497642000,191268000.0,-219204000.0,761139000.0,733203000.0,1230845000,42532000.0,17501000.0,1023000.0,43237000.0,,,,,104293000.0,-24486000.0,0.0,,-24486000.0,0.0,-149000.0,-3034000.0,-1827000.0,77980000,2009-12-31,13.487500190734865,13.489999771118164,13.229999542236328,13.24250030517578,11.652857780456545,547600.0
2010-03-31,710917000.0,-479986000.0,230931000.0,-214464000.0,-197810000.0,,-16654000.0,16467000.0,-318000.0,-318000.0,16149000,,16149000,-5567000.0,10582000,,10582000,10582000,138060000.0,,832881000.0,1009713000.0,365838000.0,,28788000.0,394626000.0,1404339000,498158000.0,360000.0,515448000.0,1324000.0,96493000.0,611941000,202810000.0,-223007000.0,812595000.0,792398000.0,1404339000,10582000.0,16654000.0,6403000.0,-54614000.0,,,,,-20975000.0,-12652000.0,,,-12652000.0,-5074000.0,-115000.0,2384000.0,-1164000.0,-34791000,2010-03-31,14.7475004196167,14.859999656677244,14.510000228881836,14.512499809265135,12.801420211791992,868800.0
2010-06-30,1065656000.0,-705527000.0,360129000.0,-236481000.0,-219324000.0,,-17157000.0,123648000.0,-241000.0,-241000.0,123407000,,123407000,-46089000.0,77318000,,77318000,77318000,196992000.0,,780994000.0,1018239000.0,372542000.0,,33486000.0,406028000.0,1424267000,451125000.0,344000.0,464637000.0,1238000.0,95192000.0,559829000,212518000.0,-232900000.0,884820000.0,864438000.0,1424267000,77318000.0,17157000.0,-4660000.0,2141000.0,,,,,91956000.0,-23985000.0,0.0,,-39898000.0,-5093000.0,-102000.0,-4143000.0,-9039000.0,43019000,2010-06-30,15.295000076293945,15.5649995803833,15.147500038146973,15.24250030517578,13.472378730773926,1618000.0
2010-09-30,829114000.0,-553426000.0,275688000.0,-228281000.0,-210779000.0,,-17502000.0,47407000.0,-38000.0,-38000.0,47369000,,47369000,-17506000.0,29863000,,29863000,29863000,186833000.0,,833821000.0,1071580000.0,385223000.0,,31165000.0,416388000.0,1487968000,482815000.0,344000.0,496975000.0,1151000.0,98751000.0,595726000,224741000.0,-242096000.0,909597000.0,892242000.0,1487968000,29863000.0,17502000.0,7835000.0,-31664000.0,,,,,23536000.0,-30157000.0,0.0,,-30157000.0,-5086000.0,-87000.0,-2761000.0,-3538000.0,-10159000,2010-09-30,19.665000915527344,19.975000381469727,19.520000457763672,19.82999992370605,17.563186645507812,1517200.0
2010-12-31,1032649000.0,-695732000.0,336917000.0,-258215000.0,-239731000.0,,-18484000.0,78702000.0,-687000.0,-687000.0,78015000,,78015000,-27806000.0,50209000,,50209000,50209000,273252000.0,,736520000.0,1043717000.0,395789000.0,,23968000.0,419757000.0,1463474000,417619000.0,91000.0,426564000.0,1316000.0,103668000.0,530232000,235914000.0,-257376000.0,954704000.0,933242000.0,1463474000,50209000.0,18484000.0,-3870000.0,63268000.0,,,,,128091000.0,-29404000.0,0.0,,-29404000.0,-5102000.0,-88000.0,-9774000.0,-12268000.0,86419000,2010-12-31,24.415000915527344,24.51000022888184,24.149999618530273,24.2450008392334,21.509912490844727,849800.0
2011-03-31,836576000.0,-562970000.0,273606000.0,-244840000.0,-226575000.0,,-18265000.0,28766000.0,-243000.0,-243000.0,28523000,,28523000,-10188000.0,18335000,,18335000,18335000,156361000.0,,941377000.0,1138436000.0,413818000.0,,24899000.0,438717000.0,1577153000,545871000.0,58000.0,560216000.0,1302000.0,104831000.0,665047000,254700000.0,-310522000.0,967928000.0,912106000.0,1577153000,18335000.0,18265000.0,7230000.0,-88631000.0,,,,,-44801000.0,-28849000.0,,,-28849000.0,-5111000.0,-47000.0,-42041000.0,-43241000.0,-116891000,2011-03-31,29.63999938964844,29.9950008392334,29.38999938964844,29.93000030517578,26.58871650695801,2222600.0
2011-06-30,1178363000.0,-775866000.0,402497000.0,-258234000.0,-239405000.0,,-18829000.0,144263000.0,-217000.0,-217000.0,144046000,,144046000,-52886000.0,91160000,,91160000,91160000,185517000.0,,875483000.0,1129233000.0,431614000.0,,22016000.0,453630000.0,1582863000,528390000.0,33000.0,535771000.0,1300000.0,106397000.0,642168000,270503000.0,-380249000.0,1050441000.0,940695000.0,1582863000,91160000.0,18829000.0,-4201000.0,56374000.0,,,,,162162000.0,-45097000.0,15913000.0,,-51054000.0,-8647000.0,-27000.0,-61323000.0,-66039000.0,45069000,2011-06-30,33.529998779296875,33.84999847412109,33.439998626708984,33.439998626708984,29.76520347595215,1524400.0
2011-09-30,977776000.0,-650173000.0,327603000.0,-259474000.0,-239883000.0,,-19591000.0,68129000.0,-591000.0,-591000.0,67538000,,67538000,-24805000.0,42733000,,42733000,42733000,96590000.0,,913738000.0,1072396000.0,450449000.0,,25005000.0,475454000.0,1547850000,499469000.0,32000.0,502815000.0,1292000.0,108130000.0,610945000,281742000.0,-429469000.0,1084632000.0,936905000.0,1547850000,42733000.0,19591000.0,-5953000.0,-62400000.0,,,,,-6029000.0,-32659000.0,0.0,,-32659000.0,-8542000.0,-9000.0,-44693000.0,-50239000.0,-88927000,2011-09-30,33.130001068115234,33.205001831054695,31.26000022888184,31.26499938964844,27.88859558105469,2525400.0
2011-12-31,1240028000.0,-836862000.0,403166000.0,-291621000.0,-267959000.0,,-23662000.0,111545000.0,-1036000.0,-1036000.0,110509000,,110509000,-39997000.0,70512000,,70512000,70512000,176965000.0,,830819000.0,1090249000.0,480855000.0,,23728000.0,504583000.0,1594832000,460592000.0,33000.0,460625000.0,1284000.0,125917000.0,586542000,299069000.0,-437373000.0,1146594000.0,1008290000.0,1594832000,70512000.0,23662000.0,3341000.0,45297000.0,,,,,142812000.0,-58799000.0,0.0,,-58799000.0,-8550000.0,-7000.0,-480000.0,-3638000.0,80375000,2011-12-30,35.74499893188477,35.7599983215332,35.025001525878906,35.075000762939446,31.33824157714844,775000.0
2012-03-31,1020417000.0,-687617000.0,332800000.0,-268407000.0,-246668000.0,,-21739000.0,64393000.0,-583000.0,-583000.0,63810000,,63810000,-23482000.0,40328000,,40328000,40328000,126695000.0,,1031780000.0,1232113000.0,488670000.0,,22868000.0,511538000.0,1743651000,565511000.0,35000.0,565546000.0,1272000.0,122950000.0,688496000,318366000.0,-441516000.0,1178305000.0,1055155000.0,1743651000,40328000.0,21739000.0,-1182000.0,-81183000.0,,,,,-20298000.0,-31829000.0,,,-31829000.0,-8617000.0,-10000.0,7131000.0,1857000.0,-50270000,2012-03-30,45.91999816894531,45.99499893188477,45.27999877929688,45.27999877929688,40.51414108276367,1411800.0
2012-06-30,1291899000.0,-840438000.0,451461000.0,-281617000.0,-259184000.0,,-22433000.0,169844000.0,-31000.0,-31000.0,169813000,,169813000,-63192000.0,106621000,,106621000,106621000,179100000.0,,946934000.0,1198249000.0,501029000.0,,23134000.0,524163000.0,1722412000,534687000.0,35000.0,534722000.0,1263000.0,120551000.0,655273000,336551000.0,-539909000.0,1270497000.0,1067139000.0,1722412000,106621000.0,22433000.0,-11747000.0,55161000.0,,,,,172468000.0,-33737000.0,,,-20667000.0,-14429000.0,-9000.0,-91521000.0,-99396000.0,52405000,2012-06-29,41.560001373291016,42.22000122070313,41.40499877929688,41.52999877929688,37.23468399047852,2412800.0
2012-09-30,1065638000.0,-708467000.0,357171000.0,-279392000.0,-257184000.0,,-22208000.0,77779000.0,-241000.0,-241000.0,77538000,,77538000,-27517000.0,50021000,,50021000,50021000,70185000.0,,1020140000.0,1161924000.0,528999000.0,,25380000.0,554379000.0,1716303000,541998000.0,35000.0,542033000.0,1255000.0,120057000.0,662090000,349098000.0,-601213000.0,1306328000.0,1054213000.0,1716303000,50021000.0,22208000.0,-7612000.0,-60946000.0,,,,,3671000.0,-45289000.0,,,-44889000.0,-14190000.0,-8000.0,-56740000.0,-67697000.0,-108915000,2012-09-28,49.849998474121094,49.875,49.11000061035156,49.44499969482422,44.42967224121094,1058600.0
2012-12-31,1286166000.0,-861544000.0,424622000.0,-299846000.0,-277251000.0,,-22595000.0,124776000.0,-200000.0,-200000.0,124576000,,124576000,-45089000.0,79487000,,79487000,79487000,138630000.0,,908116000.0,1130052000.0,549998000.0,,26758000.0,576756000.0,1706808000,560467000.0,38000.0,560505000.0,1242000.0,121329000.0,681834000,362413000.0,-709172000.0,1371733000.0,1024974000.0,1706808000,79487000.0,22595000.0,-14159000.0,134538000.0,,,,,222461000.0,-41690000.0,,,-41690000.0,-14082000.0,-10000.0,-104092000.0,-112326000.0,68445000,2012-12-31,43.60499954223633,44.30500030517578,43.13000106811523,44.18000030517578,39.78971862792969,1175600.0
2013-03-31,1085838000.0,-733747000.0,352091000.0,-284168000.0,-261469000.0,,-22699000.0,67923000.0,-179000.0,-179000.0,67744000,,67744000,-23738000.0,44006000,,44006000,44006000,57022000.0,,1142900000.0,1267391000.0,583294000.0,,30643000.0,613937000.0,1881328000,624091000.0,39000.0,624130000.0,106233000.0,226972000.0,851102000,387451000.0,-759035000.0,1401810000.0,1030226000.0,1881328000,44006000.0,22699000.0,1959000.0,-163963000.0,,,,,-95299000.0,-49150000.0,,,-49150000.0,-13929000.0,104992000.0,-36273000.0,62841000.0,-81608000,2013-03-28,51.34000015258789,52.1500015258789,51.34000015258789,52.06499862670898,46.98369598388672,768600.0
2013-06-30,1455767000.0,-949627000.0,506140000.0,-308161000.0,-283941000.0,,-24220000.0,197979000.0,-556000.0,-556000.0,197423000,,197423000,-73843000.0,123580000,,123580000,123580000,55698000.0,,1082861000.0,1205681000.0,611476000.0,,29267000.0,640743000.0,1846424000,579493000.0,39000.0,579532000.0,1224000.0,123145000.0,702677000,415017000.0,-778476000.0,1507206000.0,1143747000.0,1846424000,123580000.0,24220000.0,-15478000.0,25800000.0,,,,,158122000.0,-49241000.0,,,-40841000.0,-18184000.0,-105009000.0,-8223000.0,-118605000.0,-1324000,2013-06-28,58.09000015258789,59.1150016784668,57.90999984741211,58.7750015258789,53.15908813476562,2004600.0
2013-09-30,1208090000.0,-792424000.0,415666000.0,-313996000.0,-287859000.0,,-26137000.0,101670000.0,-350000.0,-350000.0,101320000,,101320000,-36553000.0,64767000,,64767000,64767000,45988000.0,,1142013000.0,1253618000.0,634396000.0,,31292000.0,665688000.0,1919306000,570476000.0,39000.0,570515000.0,41214000.0,164280000.0,734795000,430470000.0,-799773000.0,1553814000.0,1184511000.0,1919306000,64767000.0,26137000.0,-11413000.0,-43704000.0,,,,,35787000.0,-58069000.0,,,-58069000.0,-18159000.0,39990000.0,-16081000.0,12572000.0,-9710000,2013-09-30,66.02999877929689,67.29000091552734,65.83000183105469,67.16999816894531,60.88348770141602,868400.0
2013-12-31,1415089000.0,-935377000.0,479712000.0,-332634000.0,-305665000.0,,-26969000.0,147078000.0,528000.0,528000.0,147606000,,147606000,-51725000.0,95881000,,95881000,95881000,142743000.0,,979308000.0,1209248000.0,664932000.0,,29211000.0,694143000.0,1903391000,532099000.0,42000.0,532141000.0,1200000.0,124356000.0,656497000,453999000.0,-838588000.0,1631483000.0,1246894000.0,1903391000,95881000.0,26969000.0,-12966000.0,125187000.0,,,,,235071000.0,-61263000.0,,,-61263000.0,-18212000.0,-40011000.0,-30521000.0,-77053000.0,96755000,2013-12-31,76.72000122070312,78.16999816894531,76.66000366210938,77.58000183105469,70.44380187988281,1444400.0
2014-03-31,1183680000.0,-787461000.0,396219000.0,-317490000.0,-290270000.0,,-27220000.0,78729000.0,-454000.0,-454000.0,78275000,,78275000,-29466000.0,48809000,,48809000,48809000,47789000.0,,1225232000.0,1340138000.0,679693000.0,,36561000.0,716254000.0,2056392000,645381000.0,42000.0,645423000.0,81190000.0,206412000.0,851835000,465391000.0,-923043000.0,1662209000.0,1204557000.0,2056392000,48809000.0,27220000.0,4810000.0,-118915000.0,,,,,-38076000.0,-41781000.0,,,-41781000.0,-18083000.0,79990000.0,-77483000.0,-15097000.0,-94954000,2014-03-31,70.06999969482422,70.94000244140625,69.94000244140625,70.62999725341797,64.26041412353516,893700.0
2014-06-30,1583831000.0,-1033299000.0,550532000.0,-339503000.0,-311589000.0,,-27914000.0,211029000.0,-308000.0,-308000.0,210721000,,210721000,-77310000.0,133411000,,133411000,133411000,55965000.0,,1154585000.0,1284185000.0,693387000.0,,47956000.0,741343000.0,2025528000,628862000.0,125000.0,628987000.0,3078000.0,130616000.0,759603000,478077000.0,-985585000.0,1773433000.0,1265925000.0,2025528000,133411000.0,27914000.0,-13911000.0,57166000.0,,,,,204580000.0,-40167000.0,,,-40167000.0,-22187000.0,-80017000.0,-56514000.0,-156237000.0,8176000,2014-06-30,59.88999938964844,60.84000015258789,59.77999877929688,60.4000015258789,55.09037780761719,2221600.0
2014-09-30,1359950000.0,-895881000.0,464069000.0,-342056000.0,-312669000.0,,-29387000.0,122013000.0,-505000.0,-505000.0,121508000,,121508000,-44905000.0,76603000,,76603000,76603000,47510000.0,,1295824000.0,1426587000.0,706801000.0,,55310000.0,762111000.0,2188698000,676217000.0,125000.0,676342000.0,153048000.0,282149000.0,958491000,485141000.0,-1082970000.0,1828036000.0,1230207000.0,2188698000,76603000.0,29387000.0,-14185000.0,-90745000.0,,,,,1060000.0,-43168000.0,,,-43168000.0,-22000000.0,149970000.0,-93924000.0,33653000.0,-8455000,2014-09-30,61.34000015258789,61.709999084472656,61.1500015258789,61.5099983215332,56.24864959716797,932400.0
2014-12-31,1584254000.0,-1044659000.0,539595000.0,-361894000.0,-331780000.0,,-30114000.0,177701000.0,-618000.0,-618000.0,177083000,,177083000,-65021000.0,112062000,,112062000,112062000,51134000.0,,1115450000.0,1273990000.0,721000000.0,,39581000.0,760581000.0,2034571000,602880000.0,213000.0,603093000.0,4957000.0,137917000.0,741010000,512339000.0,-1137085000.0,1918307000.0,1293561000.0,2034571000,112062000.0,30114000.0,1184000.0,98254000.0,,,,,241614000.0,-35166000.0,,0.0,-35166000.0,-21791000.0,-150057000.0,-42493000.0,-202824000.0,3624000,2014-12-31,78.06999969482422,79.69000244140625,78.06999969482422,78.81999969482422,72.2343978881836,1463300.0
2015-03-31,1331352000.0,-886747000.0,444605000.0,-351758000.0,-321476000.0,,-30282000.0,92847000.0,-866000.0,-866000.0,91981000,,91981000,-33941000.0,58040000,,58040000,58040000,57133000.0,,1370965000.0,1493065000.0,749752000.0,,79193000.0,828945000.0,2322010000,804547000.0,441000.0,804988000.0,68761000.0,202144000.0,1007132000,545389000.0,-1185030000.0,1954519000.0,1314878000.0,2322010000,58040000.0,30282000.0,-2870000.0,-49139000.0,,,,,36313000.0,-48502000.0,,,-48502000.0,-21828000.0,59910000.0,-26997000.0,18188000.0,5999000,2015-03-31,86.08000183105469,86.8499984741211,85.04000091552734,85.05999755859375,78.10027313232422,1060300.0
2015-06-30,1772900000.0,-1147580000.0,625320000.0,-380155000.0,-349842000.0,,-30313000.0,245165000.0,-832000.0,-832000.0,244333000,,244333000,-91002000.0,153331000,,153331000,153331000,56317000.0,,1293146000.0,1411502000.0,768903000.0,,90865000.0,859768000.0,2271270000,745160000.0,441000.0,745601000.0,8652000.0,142222000.0,887823000,564445000.0,-1261625000.0,2080627000.0,1383447000.0,2271270000,153331000.0,30313000.0,-11446000.0,24904000.0,,,,,197102000.0,-48211000.0,,,-48211000.0,-27223000.0,-60109000.0,-67077000.0,-149707000.0,-816000,2015-06-30,91.3000030517578,91.3000030517578,89.61000061035156,89.94000244140625,82.77251434326172,1145700.0
2015-09-30,1475645000.0,-963397000.0,512248000.0,-373040000.0,-342891000.0,,-30149000.0,139208000.0,-782000.0,-782000.0,138426000,,138426000,-51114000.0,87312000,,87312000,87312000,51352000.0,,1414562000.0,1530736000.0,808657000.0,,101193000.0,909850000.0,2440586000,765182000.0,540000.0,765722000.0,200746000.0,337604000.0,1103326000,577526000.0,-1381041000.0,2140775000.0,1337260000.0,2440586000,87312000.0,30149000.0,-10525000.0,-96897000.0,,,,,10039000.0,-66384000.0,,,-66384000.0,-27164000.0,189881000.0,-113528000.0,51380000.0,-4965000,2015-09-30,83.54000091552734,84.91999816894531,82.94999694824219,84.31999969482422,77.76807403564453,1692200.0
2015-12-31,1646610000.0,-1085609000.0,561001000.0,-387713000.0,-354888000.0,,-32825000.0,173288000.0,-411000.0,-411000.0,172877000,,172877000,-61165000.0,111712000,,111712000,111712000,63813000.0,,1284375000.0,1439461000.0,847576000.0,,83789000.0,931365000.0,2370826000,670406000.0,878000.0,671284000.0,166992000.0,306248000.0,977532000,597483000.0,-1429790000.0,2225601000.0,1393294000.0,2370826000,111712000.0,32825000.0,12094000.0,29095000.0,,,,,185726000.0,-72815000.0,,0.0,-72815000.0,-26886000.0,-40189000.0,-43414000.0,-100450000.0,12461000,2015-12-31,85.9800033569336,86.75,85.4800033569336,85.5,79.02933502197266,503200.0
2016-03-31,1467797000.0,-973353000.0,494444000.0,-386249000.0,-352672000.0,,-33577000.0,108195000.0,-1125000.0,-1125000.0,107070000,,107070000,-39402000.0,67668000,,67668000,67668000,74501000.0,,1470691000.0,1626050000.0,855501000.0,,82977000.0,938478000.0,2564528000,802316000.0,11081000.0,813397000.0,260402000.0,398428000.0,1211825000,615040000.0,-1528892000.0,2266555000.0,1352703000.0,2564528000,67668000.0,33577000.0,4745000.0,-40346000.0,,,,,65644000.0,-36712000.0,,,-36712000.0,-26714000.0,99754000.0,-89061000.0,-18244000.0,10688000,2016-03-31,90.9499969482422,91.48999786376952,89.80000305175781,90.45999908447266,83.80884552001953,877000.0
2016-06-30,1852534000.0,-1203312000.0,649222000.0,-399973000.0,-365916000.0,,-34057000.0,249249000.0,-1910000.0,-1910000.0,247339000,,247339000,-90914000.0,156425000,,156425000,156425000,151112000.0,,1366499000.0,1588535000.0,901962000.0,,88269000.0,990231000.0,2578766000,713354000.0,11081000.0,724435000.0,207706000.0,352402000.0,1076837000,649077000.0,-1536695000.0,2390909000.0,1501929000.0,2578766000,156425000.0,34057000.0,3082000.0,18990000.0,,,,,212554000.0,-64204000.0,,,-64204000.0,-32071000.0,-52767000.0,13099000.0,-71739000.0,76611000,2016-06-30,91.29000091552734,93.47000122070312,90.56999969482422,91.18000030517578,84.6957778930664,4069900.0
2016-09-30,1542706000.0,-1007432000.0,535274000.0,-393254000.0,-357592000.0,,-35662000.0,142020000.0,-1110000.0,-1110000.0,140910000,,140910000,-51466000.0,89444000,,89444000,89444000,55507000.0,,1489934000.0,1629756000.0,923165000.0,,82812000.0,1005977000.0,2635733000,700966000.0,11294000.0,712260000.0,310027000.0,458733000.0,1170993000,663024000.0,-1645482000.0,2448309000.0,1464740000.0,2635733000,89444000.0,35662000.0,11720000.0,-129389000.0,,,,,7437000.0,-65879000.0,,,-65879000.0,-32044000.0,97190000.0,-102309000.0,-37163000.0,-95605000,2016-09-30,68.51000213623047,68.79000091552734,67.22000122070311,67.34999847412111,62.73683166503906,3242400.0
2016-12-31,1916542000.0,-1270280000.0,646262000.0,-451646000.0,-411984000.0,,-39662000.0,194616000.0,-1665000.0,-1665000.0,192951000,,192951000,-69368000.0,123583000,,123583000,123583000,53916000.0,,1369656000.0,1517809000.0,962308000.0,,194825000.0,1157133000.0,2674942000,765900000.0,11294000.0,777194000.0,289769000.0,444530000.0,1221724000,672875000.0,-1761498000.0,2540449000.0,1453218000.0,2674942000,123583000.0,39662000.0,2891000.0,187269000.0,,,,,353405000.0,-58860000.0,,-143610000.0,-202470000.0,-31443000.0,-20327000.0,-112427000.0,-152526000.0,-1591000,2016-12-30,76.26000213623047,76.7699966430664,75.36000061035156,75.80999755859375,70.87614440917969,570200.0
2017-03-31,1564078000.0,-1045875000.0,518203000.0,-421841000.0,-382114000.0,,-39727000.0,96362000.0,-2777000.0,-2777000.0,93585000,,93585000,-33274000.0,60311000,,60311000,60311000,72701000.0,,1657761000.0,1824260000.0,957037000.0,,195105000.0,1152142000.0,2976402000,803228000.0,13856000.0,817084000.0,624444000.0,779820000.0,1596904000,684373000.0,-1876045000.0,2569497000.0,1379498000.0,2976402000,60311000.0,39727000.0,6125000.0,-247821000.0,,,,,-141658000.0,-34855000.0,,,-34855000.0,-31263000.0,337168000.0,-109954000.0,195298000.0,18785000,2017-03-31,68.54000091552734,69.26999664306639,68.5,68.97000122070311,64.69607543945311,1159300.0
2017-06-30,2017762000.0,-1313054000.0,704708000.0,-446783000.0,-405736000.0,,-41047000.0,257925000.0,-3092000.0,-3092000.0,254833000,,254833000,-94184000.0,160649000,,160649000,160649000,67793000.0,,1468254000.0,1630522000.0,982358000.0,,202692000.0,1185050000.0,2815572000,783070000.0,23418000.0,806488000.0,467536000.0,626518000.0,1433006000,695136000.0,-2009645000.0,2695554000.0,1382566000.0,2815572000,160649000.0,41047000.0,1410000.0,166060000.0,,,,,369166000.0,-50974000.0,,,-50974000.0,-34592000.0,-157837000.0,-130358000.0,-323100000.0,-4908000,2017-06-30,53.459999084472656,54.40999984741211,53.02999877929688,54.209999084472656,51.08966064453125,1541400.0
2017-09-30,1721704000.0,-1121248000.0,600456000.0,-452203000.0,-410276000.0,,-41927000.0,148253000.0,-3752000.0,-3752000.0,144501000,,144501000,-52605000.0,91896000,,91896000,91896000,70046000.0,,1591555000.0,1741995000.0,996837000.0,,189519000.0,1186356000.0,2928351000,846149000.0,26045000.0,872194000.0,520737000.0,684756000.0,1556950000,704654000.0,-2088145000.0,2753335000.0,1371401000.0,2928351000,91896000.0,41927000.0,20531000.0,-40900000.0,,,,,113454000.0,-55331000.0,,,-55331000.0,-34115000.0,55365000.0,-76716000.0,-55870000.0,2253000,2017-09-29,63.06999969482422,63.33000183105469,62.61999893188477,63.290000915527344,59.9482536315918,1023300.0
2017-12-31,1952838000.0,-1284240000.0,668598000.0,-484756000.0,-441623000.0,,-43133000.0,183842000.0,-4238000.0,-4238000.0,179604000,,179604000,-69861000.0,109743000,,109743000,109743000,109148000.0,,1453208000.0,1655368000.0,1044503000.0,,168898000.0,1213401000.0,2868769000,820669000.0,28545000.0,849214000.0,433686000.0,600882000.0,1450096000,717591000.0,-2130901000.0,2828625000.0,1418673000.0,2868769000,109743000.0,43133000.0,28320000.0,109292000.0,,,,,290488000.0,-98021000.0,,,-96796000.0,-33858000.0,-84642000.0,-36045000.0,-154590000.0,39102000,2017-12-29,75.0,75.22000122070312,74.58000183105469,74.75,71.10647583007812,731000.0
2018-03-31,1682901000.0,-1119252000.0,563649000.0,-468900000.0,-426113000.0,,-42787000.0,94749000.0,-4468000.0,-4468000.0,90281000,,90281000,-18848000.0,71433000,,71433000,71433000,132398000.0,,1760065000.0,1984093000.0,1050399000.0,,173295000.0,1223694000.0,3207787000,985390000.0,28545000.0,1013935000.0,711282000.0,880607000.0,1894542000,729952000.0,-2288364000.0,2866467000.0,1313245000.0,3207787000,71433000.0,42787000.0,8570000.0,-144653000.0,,,,,-21863000.0,-45131000.0,,,-45131000.0,-33591000.0,277850000.0,-153100000.0,90244000.0,23250000,2018-03-29,60.43999862670898,63.18999862670898,60.43000030517578,63.02000045776367,60.19526672363281,2834300.0
2018-06-30,2213249000.0,-1443835000.0,769414000.0,-495956000.0,-452346000.0,,-43610000.0,273458000.0,-4978000.0,-4978000.0,268480000,,268480000,-61191000.0,207289000,,207289000,207289000,69954000.0,,1632280000.0,1810728000.0,1081543000.0,,175135000.0,1256678000.0,3067406000,912772000.0,28714000.0,941486000.0,547049000.0,719878000.0,1661364000,747776000.0,-2383446000.0,3035970000.0,1406042000.0,3067406000,207289000.0,43610000.0,6215000.0,38763000.0,,,,,295877000.0,-71276000.0,,,-71276000.0,-37786000.0,-164159000.0,-85100000.0,-287045000.0,-62444000,2018-06-29,77.94999694824219,79.0,76.38999938964844,76.48999786376953,73.36798858642578,1258600.0
2018-09-30,1881625000.0,-1228493000.0,653132000.0,-499984000.0,-454998000.0,,-44986000.0,153148000.0,-4460000.0,-4460000.0,148688000,,148688000,-31904000.0,116784000,,116784000,116784000,71302000.0,,1737273000.0,1941708000.0,1112049000.0,,167177000.0,1279226000.0,3220934000,944544000.0,29997000.0,974541000.0,577195000.0,751096000.0,1725637000,794462000.0,-2420106000.0,3114972000.0,1495297000.0,3220934000,116784000.0,44986000.0,12726000.0,-95091000.0,,,,,79405000.0,-75257000.0,,,-75257000.0,-37782000.0,31334000.0,3701000.0,-2800000.0,1348000,2018-09-28,91.0,92.4499969482422,90.47000122070312,90.87999725341795,87.4758071899414,1251200.0
2018-12-31,2133271000.0,-1416938000.0,716333000.0,-535951000.0,-489983000.0,,-45968000.0,180382000.0,-4446000.0,-4446000.0,175936000,,175936000,-39085000.0,136851000,,136851000,136851000,86299000.0,,1589542000.0,1794399000.0,1134464000.0,,156399000.0,1290863000.0,3085262000,908211000.0,29896000.0,938107000.0,381100000.0,585335000.0,1523442000,824788000.0,-2480677000.0,3213895000.0,1561820000.0,3085262000,136851000.0,45968000.0,12730000.0,145426000.0,,,,,340975000.0,-84650000.0,,,-84650000.0,-37928000.0,-167021000.0,-35634000.0,-241328000.0,14997000,2018-12-31,83.58000183105469,83.91000366210938,82.80999755859375,83.44000244140625,80.5952377319336,1044100.0
2019-03-31,1822220000.0,-1207236000.0,614984000.0,-511576000.0,-465809000.0,,-45767000.0,103408000.0,-4930000.0,-4930000.0,98478000,,98478000,-21646000.0,76832000,,76832000,76832000,102215000.0,,1881332000.0,2079085000.0,1120869000.0,,2237247000.0,3358116000.0,5437201000,1026560000.0,24933000.0,1311934000.0,605695000.0,2639691000.0,3951625000,866118000.0,-2635996000.0,3252387000.0,1485576000.0,5437201000,76832000.0,45767000.0,22885000.0,-158508000.0,,,,,-13024000.0,-28427000.0,,,-28427000.0,-37623000.0,218603000.0,-120587000.0,57367000.0,15916000,2019-03-29,95.87999725341795,98.58000183105469,95.38999938964844,97.76000213623048,94.7297134399414,1958600.0
2019-06-30,2353782000.0,-1533037000.0,820745000.0,-533188000.0,-484190000.0,,-48998000.0,287557000.0,-5176000.0,-5176000.0,282381000,,282381000,-63171000.0,219210000,,219210000,219210000,104018000.0,,1733150000.0,1937808000.0,1135310000.0,,2239601000.0,3374911000.0,5312719000,980462000.0,26217000.0,1271386000.0,466290000.0,2496391000.0,3767777000,929480000.0,-2814912000.0,3429492000.0,1544942000.0,5312719000,219210000.0,48998000.0,5405000.0,88285000.0,,,,,361898000.0,-54502000.0,,,-54502000.0,-42105000.0,-139158000.0,-124217000.0,-305593000.0,1803000,2019-06-28,108.48999786376952,109.16000366210938,107.6500015258789,108.8000030517578,105.79041290283205,1132800.0
2019-09-30,1984144000.0,-1289904000.0,694240000.0,-532423000.0,-482604000.0,,-49819000.0,161817000.0,-4900000.0,-4900000.0,156917000,,156917000,-34784000.0,122133000,,122133000,122133000,82640000.0,,1812772000.0,2005498000.0,1143071000.0,,2280727000.0,3423798000.0,5429296000,947801000.0,33884000.0,1251723000.0,613885000.0,2685751000.0,3937474000,952296000.0,-2970654000.0,3510107000.0,1491822000.0,5429296000,122133000.0,49819000.0,5698000.0,-112197000.0,,,,,65453000.0,-59096000.0,,,-59096000.0,-41518000.0,154064000.0,-139630000.0,-27735000.0,-21378000,2019-09-30,89.33000183105469,91.0,89.33000183105469,90.44000244140624,88.24271392822266,1760300.0
2019-12-31,2191785000.0,-1449984000.0,741801000.0,-551363000.0,-499969000.0,,-51394000.0,190438000.0,-4837000.0,-4837000.0,185601000,,185601000,-41422000.0,144179000,,144179000,144179000,84241000.0,,1602781000.0,1787887000.0,1163956000.0,,2337425000.0,3501381000.0,5289268000,936465000.0,30000000.0,1247600000.0,366480000.0,2474545000.0,3722145000,968087000.0,-3013996000.0,3612833000.0,1567123000.0,5289268000,144179000.0,51394000.0,3611000.0,198205000.0,,,,,397389000.0,-72936000.0,,,-72936000.0,-41453000.0,-248467000.0,-32904000.0,-322852000.0,1601000,2019-12-31,92.70999908447266,93.76000213623048,92.5199966430664,93.44000244140624,91.50065612792969,894100.0
2020-03-31,1959188000.0,-1297939000.0,661249000.0,-548711000.0,-497275000.0,,-51436000.0,112538000.0,-5049000.0,-5049000.0,107489000,,107489000,-23712000.0,83777000,,83777000,83777000,461473000.0,,1905913000.0,2480239000.0,1143189000.0,,2378977000.0,3522166000.0,6002405000,1178333000.0,30000000.0,1494125000.0,989074000.0,3154557000.0,4648682000,980228000.0,-3277215000.0,3655761000.0,1353723000.0,6002405000,83777000.0,51436000.0,8273000.0,-59554000.0,,,,,83932000.0,-29328000.0,,,-29328000.0,-40849000.0,622500000.0,-252616000.0,322628000.0,377232000,2020-03-31,84.77999877929688,86.79000091552734,84.08999633789062,84.55000305175781,83.08892059326172,1663900.0
2020-06-30,3176327000.0,-2019514000.0,1156813000.0,-709067000.0,-656520000.0,,-52547000.0,447746000.0,-8438000.0,-8438000.0,439308000,,439308000,-100630000.0,338678000,,338678000,338678000,1206366000.0,,1688508000.0,3030112000.0,1148225000.0,,2432738000.0,3580963000.0,6611075000,1485409000.0,380000000.0,2157054000.0,536051000.0,2758291000.0,4915345000,1025485000.0,-3277215000.0,3953795000.0,1695730000.0,6611075000,338678000.0,52547000.0,-7185000.0,525166000.0,,,,,909206000.0,-56650000.0,,,-56650000.0,-40644000.0,-104535000.0,39737000.0,-107663000.0,744893000,2020-06-30,132.42999267578122,132.78999328613278,130.41000366210938,131.78999328613278,129.92997741699222,979000.0
