Report Date,Revenue,Cost of Revenue,Gross Profit,Operating Expenses,"Selling, General & Administrative",Research & Development,Depreciation & Amortization,Operating Income (Loss),Non-Operating Income (Loss),"Interest Expense, Net","Pretax Income (Loss), Adj.",Abnormal Gains (Losses),Pretax Income (Loss),"Income Tax (Expense) Benefit, Net",Income (Loss) from Continuing Operations,Net Extraordinary Gains (Losses),Net Income,Net Income (Common),"Cash, Cash Equivalents & Short Term Investments",Accounts & Notes Receivable,Inventories,Total Current Assets,"Property, Plant & Equipment, Net",Long Term Investments & Receivables,Other Long Term Assets,Total Noncurrent Assets,Total Assets,Payables & Accruals,Short Term Debt,Total Current Liabilities,Long Term Debt,Total Noncurrent Liabilities,Total Liabilities,Share Capital & Additional Paid-In Capital,Treasury Stock,Retained Earnings,Total Equity,Total Liabilities & Equity,Net Income/Starting Line,Depreciation & Amortization,Non-Cash Items,Change in Working Capital,Change in Accounts Receivable,Change in Inventories,Change in Accounts Payable,Change in Other,Net Cash from Operating Activities,Change in Fixed Assets & Intangibles,Net Change in Long Term Investment,Net Cash from Acquisitions & Divestitures,Net Cash from Investing Activities,Dividends Paid,Cash from (Repayment of) Debt,Cash from (Repurchase of) Equity,Net Cash from Financing Activities,Net Change in Cash,Price Date,Open,High,Low,Close,Adj Close,Volume
2009-06-30,10829000000.0,-8330000000.0,2499000000.0,-1604000000.0,,,-426000000.0,895000000.0,-203000000.0,-181000000.0,692000000,,692000000,-247000000.0,445000000,,445000000,445000000,3347000000.0,4569000000.0,,10182000000.0,17974000000.0,,4384000000.0,22358000000.0,32540000000,3205000000.0,2017000000.0,7157000000.0,8866000000.0,18590000000.0,25747000000,69000000.0,0.0,12352000000.0,6793000000.0,32540000000,445000000.0,426000000.0,286000000.0,-198000000.0,,,,,959000000.0,-278000000.0,104000000.0,,-19000000.0,-438000000.0,-1333000000.0,-94000000.0,-1892000000.0,-920000000,2009-06-30,50.25,50.72999954223633,49.5,49.9900016784668,34.73118209838867,4541400.0
2009-09-30,11153000000.0,-8539000000.0,2614000000.0,-1685000000.0,,,-441000000.0,929000000.0,-87000000.0,-93000000.0,842000000,,842000000,-293000000.0,549000000,,549000000,549000000,2788000000.0,4851000000.0,,9566000000.0,18092000000.0,,4553000000.0,22645000000.0,32211000000,3273000000.0,1397000000.0,6774000000.0,8908000000.0,18391000000.0,25165000000,59000000.0,0.0,12453000000.0,7046000000.0,32211000000,549000000.0,441000000.0,187000000.0,-99000000.0,,,,,1078000000.0,-491000000.0,-14000000.0,,-464000000.0,-437000000.0,-677000000.0,-112000000.0,-1226000000.0,-576000000,2009-09-30,56.88999938964844,57.099998474121094,55.790000915527344,56.47000122070313,39.570613861083984,5314500.0
2009-12-31,12377000000.0,-9567000000.0,2810000000.0,-1844000000.0,,,-450000000.0,966000000.0,-76000000.0,-89000000.0,890000000,,890000000,-317000000.0,573000000,,573000000,573000000,2100000000.0,5369000000.0,,9275000000.0,17979000000.0,,4629000000.0,22608000000.0,31883000000,3182000000.0,853000000.0,6239000000.0,8668000000.0,17948000000.0,24187000000,12000000.0,0.0,12745000000.0,7696000000.0,31883000000,573000000.0,450000000.0,518000000.0,-489000000.0,,,,,1052000000.0,-397000000.0,1000000.0,-9000000.0,-369000000.0,-438000000.0,-748000000.0,-121000000.0,-1384000000.0,-700000000,2009-12-31,57.9900016784668,58.02000045776367,57.31000137329102,57.36999893188477,40.51524353027344,2357500.0
2010-03-31,11728000000.0,-8992000000.0,2736000000.0,-1694000000.0,,,-451000000.0,1042000000.0,-89000000.0,-85000000.0,953000000,,953000000,-420000000.0,533000000,,533000000,533000000,3115000000.0,5077000000.0,,10060000000.0,17758000000.0,,4686000000.0,22444000000.0,32504000000,3924000000.0,1406000000.0,7366000000.0,8548000000.0,17525000000.0,24891000000,10000000.0,0.0,12692000000.0,7613000000.0,32504000000,533000000.0,451000000.0,-96000000.0,661000000.0,,,,,1549000000.0,-263000000.0,24000000.0,,-250000000.0,-456000000.0,474000000.0,-233000000.0,-257000000.0,1002000000,2010-03-31,64.36000061035156,64.59999847412111,63.86000061035156,64.41000366210939,45.86468887329102,3177900.0
2010-06-30,12204000000.0,-9126000000.0,3078000000.0,-1676000000.0,,,-449000000.0,1402000000.0,-102000000.0,-84000000.0,1300000000,,1300000000,-455000000.0,845000000,,845000000,845000000,4007000000.0,5110000000.0,,11024000000.0,17615000000.0,,4630000000.0,22245000000.0,33269000000,3908000000.0,1637000000.0,7687000000.0,8614000000.0,17652000000.0,25339000000,15000000.0,0.0,13067000000.0,7930000000.0,33269000000,845000000.0,449000000.0,133000000.0,36000000.0,,,,,1463000000.0,-361000000.0,-150000000.0,,-358000000.0,-455000000.0,187000000.0,-104000000.0,-389000000.0,708000000,2010-06-30,57.34000015258789,58.2599983215332,56.70000076293945,56.88999938964844,40.790870666503906,4703900.0
2010-09-30,12192000000.0,-9073000000.0,3119000000.0,-1503000000.0,,,-448000000.0,1616000000.0,-76000000.0,-91000000.0,1540000000,,1540000000,-549000000.0,991000000,,991000000,991000000,3752000000.0,5250000000.0,,10756000000.0,17471000000.0,,4680000000.0,22151000000.0,32907000000,3768000000.0,994000000.0,6801000000.0,8648000000.0,17580000000.0,24381000000,10000000.0,0.0,13603000000.0,8526000000.0,32907000000,991000000.0,448000000.0,-124000000.0,-404000000.0,,,,,911000000.0,-93000000.0,93000000.0,,115000000.0,-452000000.0,-729000000.0,-111000000.0,-1293000000.0,-232000000,2010-09-30,67.11000061035156,68.0,66.65000152587889,66.69000244140625,48.16474914550781,4538900.0
2010-12-31,13421000000.0,-10109000000.0,3312000000.0,-1731000000.0,,,-444000000.0,1581000000.0,-84000000.0,-94000000.0,1497000000,,1497000000,-528000000.0,969000000,,969000000,969000000,4081000000.0,5627000000.0,,11569000000.0,17387000000.0,,4641000000.0,22028000000.0,33597000000,3479000000.0,355000000.0,5902000000.0,10491000000.0,19648000000.0,25550000000,10000000.0,0.0,10604000000.0,8047000000.0,33597000000,969000000.0,444000000.0,-592000000.0,-909000000.0,,,,,-88000000.0,-368000000.0,63000000.0,63000000.0,-161000000.0,-455000000.0,1314000000.0,-151000000.0,593000000.0,350000000,2010-12-31,72.6500015258789,73.05999755859375,72.5,72.58000183105469,52.77817153930664,2054500.0
2011-03-31,12582000000.0,-9433000000.0,3149000000.0,-1677000000.0,,,-441000000.0,1472000000.0,-74000000.0,-85000000.0,1398000000,,1398000000,-483000000.0,915000000,,915000000,915000000,5444000000.0,5462000000.0,,12618000000.0,17407000000.0,,4569000000.0,21976000000.0,34594000000,3984000000.0,1554000000.0,7605000000.0,10504000000.0,18755000000.0,26360000000,10000000.0,0.0,14206000000.0,8234000000.0,34594000000,915000000.0,441000000.0,-771000000.0,696000000.0,,,,,1281000000.0,-391000000.0,99000000.0,0.0,-282000000.0,-503000000.0,1196000000.0,-401000000.0,247000000.0,1287000000,2011-03-31,74.36000061035156,74.94999694824219,74.23999786376953,74.31999969482422,54.42288589477539,3307900.0
2011-06-30,13191000000.0,-9772000000.0,3419000000.0,-1674000000.0,,,-443000000.0,1745000000.0,-74000000.0,-83000000.0,1671000000,,1671000000,-579000000.0,1092000000,,1092000000,1092000000,5637000000.0,5602000000.0,,12950000000.0,17489000000.0,,4713000000.0,22202000000.0,35152000000,3766000000.0,1374000000.0,7618000000.0,10787000000.0,19205000000.0,26823000000,13000000.0,0.0,14218000000.0,8329000000.0,35152000000,1092000000.0,443000000.0,499000000.0,-1000000.0,,,,,2033000000.0,-538000000.0,-197000000.0,0.0,-787000000.0,-504000000.0,-34000000.0,-488000000.0,-1218000000.0,34000000,2011-06-30,72.30000305175781,73.18000030517578,72.16000366210938,72.93000030517578,53.7796516418457,4070000.0
2011-09-30,13166000000.0,-9782000000.0,3384000000.0,-1718000000.0,,,-447000000.0,1666000000.0,-68000000.0,-84000000.0,1598000000,,1598000000,-526000000.0,1072000000,,1072000000,1072000000,5453000000.0,5418000000.0,,12628000000.0,17581000000.0,,5029000000.0,22610000000.0,35238000000,3847000000.0,1310000000.0,7511000000.0,11092000000.0,19858000000.0,27369000000,10000000.0,0.0,13828000000.0,7869000000.0,35238000000,1072000000.0,447000000.0,452000000.0,77000000.0,,,,,2048000000.0,-599000000.0,-375000000.0,0.0,-1047000000.0,-493000000.0,45000000.0,-1064000000.0,-1513000000.0,-558000000,2011-09-30,64.01999664306639,64.69000244140625,63.11999893188477,63.1500015258789,46.942832946777344,6157000.0
2011-12-31,14166000000.0,-11152000000.0,3014000000.0,-1817000000.0,,,-451000000.0,1197000000.0,-88000000.0,-96000000.0,1109000000,,1109000000,-384000000.0,725000000,,725000000,725000000,4275000000.0,6246000000.0,,12284000000.0,17621000000.0,,4796000000.0,22417000000.0,34701000000,4143000000.0,33000000.0,6514000000.0,11095000000.0,21079000000.0,27593000000,10000000.0,0.0,10128000000.0,7108000000.0,34701000000,725000000.0,451000000.0,1127000000.0,-592000000.0,,,,,1711000000.0,-450000000.0,60000000.0,-73000000.0,-421000000.0,-497000000.0,-1302000000.0,-422000000.0,-2378000000.0,-1099000000,2011-12-30,73.55000305175781,73.75,73.11000061035156,73.19000244140625,54.804405212402344,1774600.0
2012-03-31,13136000000.0,-9879000000.0,3257000000.0,-1688000000.0,,,-459000000.0,1569000000.0,-88000000.0,-94000000.0,1481000000,,1481000000,-511000000.0,970000000,,970000000,970000000,6080000000.0,5637000000.0,,13473000000.0,17614000000.0,,4876000000.0,22490000000.0,35963000000,4448000000.0,919000000.0,7543000000.0,11079000000.0,20921000000.0,28464000000,10000000.0,0.0,10433000000.0,7499000000.0,35963000000,970000000.0,459000000.0,168000000.0,683000000.0,,,,,2280000000.0,-409000000.0,302000000.0,-100000000.0,-259000000.0,-534000000.0,889000000.0,-416000000.0,51000000.0,2099000000,2012-03-30,80.2300033569336,80.80000305175781,80.01000213623047,80.72000122070312,60.89521026611328,3470100.0
2012-06-30,13349000000.0,-9797000000.0,3552000000.0,-1762000000.0,,,-459000000.0,1790000000.0,-86000000.0,-92000000.0,1704000000,,1704000000,-588000000.0,1116000000,,1116000000,1116000000,7322000000.0,5541000000.0,,14702000000.0,17597000000.0,,4878000000.0,22475000000.0,37177000000,4216000000.0,1911000000.0,8400000000.0,11112000000.0,21052000000.0,29452000000,10000000.0,0.0,10827000000.0,7725000000.0,37177000000,1116000000.0,459000000.0,117000000.0,-122000000.0,,,,,1570000000.0,-508000000.0,362000000.0,0.0,-48000000.0,-534000000.0,984000000.0,-275000000.0,107000000.0,1585000000,2012-06-29,77.41999816894531,78.76000213623047,77.27999877929688,78.76000213623047,59.85882949829102,4822400.0
2012-09-30,13071000000.0,-10595000000.0,2476000000.0,-1710000000.0,,,-464000000.0,766000000.0,-92000000.0,-98000000.0,674000000,,674000000,-205000000.0,469000000,,469000000,469000000,9016000000.0,5545000000.0,,16344000000.0,17829000000.0,,4891000000.0,22720000000.0,39064000000,4093000000.0,3859000000.0,10289000000.0,11148000000.0,21161000000.0,31450000000,10000000.0,0.0,10448000000.0,7614000000.0,39064000000,469000000.0,464000000.0,473000000.0,-153000000.0,,,,,1253000000.0,-625000000.0,-19000000.0,0.0,-600000000.0,-532000000.0,1935000000.0,-458000000.0,909000000.0,1712000000,2012-09-28,71.87000274658203,71.88999938964844,71.25,71.56999969482422,54.80220413208008,3350900.0
2012-12-31,14571000000.0,-15503000000.0,-932000000.0,-1850000000.0,,,-476000000.0,-2782000000.0,-103000000.0,-109000000.0,-2885000000,,-2885000000,1137000000.0,-1748000000,,-1748000000,-1748000000,7924000000.0,6111000000.0,,15591000000.0,17894000000.0,,5378000000.0,23272000000.0,38863000000,4205000000.0,1781000000.0,8390000000.0,11089000000.0,25740000000.0,34130000000,10000000.0,0.0,7997000000.0,4733000000.0,38863000000,-1748000000.0,476000000.0,3624000000.0,-239000000.0,,,,,2113000000.0,-516000000.0,-17000000.0,0.0,-428000000.0,-530000000.0,-2079000000.0,-171000000.0,-2884000000.0,-1103000000,2012-12-31,72.80000305175781,73.83000183105469,72.58000183105469,73.7300033569336,56.91766738891602,4700000.0
2013-03-31,13434000000.0,-10063000000.0,3371000000.0,-1791000000.0,,,-474000000.0,1580000000.0,-91000000.0,-96000000.0,1489000000,,1489000000,-452000000.0,1037000000,,1037000000,1037000000,7332000000.0,5617000000.0,,14481000000.0,17888000000.0,,5636000000.0,23524000000.0,38005000000,4448000000.0,1615000000.0,8034000000.0,11051000000.0,25928000000.0,33962000000,9000000.0,0.0,7614000000.0,4043000000.0,38005000000,1037000000.0,474000000.0,-12000000.0,259000000.0,,,,,1758000000.0,-441000000.0,-400000000.0,0.0,-753000000.0,-572000000.0,-178000000.0,-844000000.0,-1846000000.0,-871000000,2013-03-28,85.16000366210938,85.93000030517578,85.01000213623047,85.9000015258789,66.80680084228516,3498300.0
2013-06-30,13507000000.0,-10013000000.0,3494000000.0,-1752000000.0,,,-466000000.0,1742000000.0,-95000000.0,-98000000.0,1647000000,,1647000000,-576000000.0,1071000000,,1071000000,1071000000,6192000000.0,5438000000.0,,13226000000.0,17880000000.0,,5597000000.0,23477000000.0,36703000000,4087000000.0,1086000000.0,7183000000.0,10837000000.0,25890000000.0,33073000000,9000000.0,0.0,7185000000.0,3630000000.0,36703000000,1071000000.0,466000000.0,368000000.0,-232000000.0,,,,,1673000000.0,-525000000.0,-498000000.0,0.0,-1100000000.0,-568000000.0,-538000000.0,-730000000.0,-2195000000.0,-1648000000,2013-06-28,86.97000122070312,87.45999908447266,86.47000122070312,86.4800033569336,67.72958374023439,3271100.0
2013-09-30,13521000000.0,-10021000000.0,3500000000.0,-1696000000.0,,,-460000000.0,1804000000.0,-90000000.0,-92000000.0,1714000000,,1714000000,-617000000.0,1097000000,,1097000000,1097000000,6649000000.0,5592000000.0,,13758000000.0,17992000000.0,,5726000000.0,23718000000.0,37476000000,4089000000.0,1703000000.0,7821000000.0,10897000000.0,26000000000.0,33821000000,9000000.0,0.0,7102000000.0,3655000000.0,37476000000,1097000000.0,460000000.0,284000000.0,-212000000.0,,,,,1629000000.0,-549000000.0,-84000000.0,-20000000.0,-610000000.0,-562000000.0,608000000.0,-924000000.0,-675000000.0,374000000,2013-09-30,90.69000244140624,91.87000274658205,90.4499969482422,91.37000274658205,72.07025909423828,2436600.0
2013-12-31,14976000000.0,-11213000000.0,3763000000.0,-1855000000.0,,,-467000000.0,1908000000.0,-84000000.0,-94000000.0,1824000000,,1824000000,-657000000.0,1167000000,,1167000000,1167000000,5245000000.0,6502000000.0,,13387000000.0,17961000000.0,,4864000000.0,22825000000.0,36212000000,4803000000.0,48000000.0,7131000000.0,10824000000.0,22593000000.0,29724000000,9000000.0,0.0,6925000000.0,6488000000.0,36212000000,1167000000.0,467000000.0,565000000.0,45000000.0,,,,,2244000000.0,-446000000.0,991000000.0,-2000000.0,349000000.0,-558000000.0,-1667000000.0,-849000000.0,-3091000000.0,-517000000,2013-12-31,104.94000244140624,105.37000274658205,104.66999816894531,105.08000183105469,83.3960952758789,1778400.0
2014-03-31,13779000000.0,-10474000000.0,3305000000.0,-1792000000.0,,,-468000000.0,1513000000.0,-90000000.0,-90000000.0,1423000000,,1423000000,-512000000.0,911000000,,911000000,911000000,7035000000.0,5804000000.0,,14620000000.0,17769000000.0,,4696000000.0,22465000000.0,37085000000,4957000000.0,2222000000.0,9193000000.0,9860000000.0,21630000000.0,30823000000,9000000.0,0.0,6727000000.0,6262000000.0,37085000000,911000000.0,468000000.0,358000000.0,530000000.0,,,,,2267000000.0,-318000000.0,-496000000.0,-22000000.0,-845000000.0,-596000000.0,1175000000.0,-594000000.0,-120000000.0,1281000000,2014-03-31,97.58999633789062,97.76000213623048,97.08000183105469,97.37999725341795,77.83292388916016,2397600.0
2014-06-30,14268000000.0,-11684000000.0,2584000000.0,-1837000000.0,,,-473000000.0,747000000.0,-64000000.0,-89000000.0,683000000,,683000000,-229000000.0,454000000,,454000000,454000000,4599000000.0,5845000000.0,,12341000000.0,17787000000.0,,4733000000.0,22520000000.0,34861000000,4166000000.0,1902000000.0,8337000000.0,9940000000.0,20939000000.0,29276000000,9000000.0,0.0,6155000000.0,5585000000.0,34861000000,454000000.0,473000000.0,1308000000.0,-2670000000.0,,,,,-435000000.0,-485000000.0,-463000000.0,0.0,-957000000.0,-596000000.0,-335000000.0,-636000000.0,-1512000000.0,-2890000000,2014-06-30,102.55999755859376,102.88999938964844,102.12999725341795,102.66000366210938,82.59539794921875,2069400.0
2014-09-30,14290000000.0,-10585000000.0,3705000000.0,-1751000000.0,,,-485000000.0,1954000000.0,-85000000.0,-87000000.0,1869000000,,1869000000,-655000000.0,1214000000,,1214000000,1214000000,5571000000.0,5822000000.0,,13318000000.0,17843000000.0,,4745000000.0,22588000000.0,35906000000,4290000000.0,2393000000.0,9096000000.0,9858000000.0,21166000000.0,30262000000,9000000.0,0.0,6229000000.0,5644000000.0,35906000000,1214000000.0,485000000.0,604000000.0,56000000.0,,,,,2359000000.0,-613000000.0,264000000.0,0.0,-337000000.0,-588000000.0,491000000.0,-629000000.0,-781000000.0,1148000000,2014-09-30,97.33000183105469,98.95999908447266,97.25,98.29000091552734,79.63169860839844,4283200.0
2014-12-31,15895000000.0,-13016000000.0,2879000000.0,-2125000000.0,,,-497000000.0,754000000.0,-92000000.0,-87000000.0,662000000,,662000000,-209000000.0,453000000,,453000000,453000000,3283000000.0,6661000000.0,,11218000000.0,18281000000.0,,5941000000.0,24222000000.0,35440000000,5127000000.0,923000000.0,8621000000.0,9856000000.0,24661000000.0,33282000000,9000000.0,0.0,5726000000.0,2158000000.0,35440000000,453000000.0,497000000.0,-1620000000.0,2205000000.0,,,,,1535000000.0,-859000000.0,276000000.0,-66000000.0,-662000000.0,-586000000.0,-1500000000.0,-562000000.0,-2748000000.0,-1913000000,2014-12-31,112.4499969482422,112.6999969482422,111.06999969482422,111.16999816894531,90.62569427490234,1393800.0
2015-03-31,13977000000.0,-10412000000.0,3565000000.0,-1892000000.0,,,-506000000.0,1673000000.0,-83000000.0,-87000000.0,1590000000,,1590000000,-564000000.0,1026000000,,1026000000,1026000000,6417000000.0,5724000000.0,,13915000000.0,17901000000.0,,5516000000.0,23417000000.0,37332000000,4648000000.0,3163000000.0,10610000000.0,9941000000.0,24875000000.0,35485000000,9000000.0,0.0,5508000000.0,1847000000.0,37332000000,1026000000.0,506000000.0,363000000.0,856000000.0,,,,,2751000000.0,-363000000.0,-966000000.0,-10000000.0,-1357000000.0,-636000000.0,2344000000.0,-604000000.0,899000000.0,2191000000,2015-03-31,97.08999633789062,97.51000213623048,96.77999877929688,96.94000244140624,79.59162139892578,2718100.0
2015-06-30,14095000000.0,-10275000000.0,3820000000.0,-1860000000.0,,,-510000000.0,1960000000.0,-82000000.0,-86000000.0,1878000000,,1878000000,-648000000.0,1230000000,,1230000000,1230000000,6222000000.0,5618000000.0,,13768000000.0,17970000000.0,,5513000000.0,23483000000.0,37251000000,4298000000.0,3252000000.0,10303000000.0,9900000000.0,24980000000.0,35283000000,9000000.0,0.0,5668000000.0,1968000000.0,37251000000,1230000000.0,510000000.0,214000000.0,-466000000.0,,,,,1488000000.0,-587000000.0,-747000000.0,-80000000.0,-1419000000.0,-634000000.0,59000000.0,-604000000.0,-1151000000.0,-1052000000,2015-06-30,98.26000213623048,98.26000213623048,96.80999755859376,96.91000366210938,80.15547943115234,3059400.0
2015-09-30,14237000000.0,-10363000000.0,3874000000.0,-1890000000.0,,,-527000000.0,1984000000.0,-79000000.0,-83000000.0,1905000000,,1905000000,-648000000.0,1257000000,,1257000000,1257000000,5689000000.0,6055000000.0,,13581000000.0,18163000000.0,,7258000000.0,25421000000.0,39002000000,4375000000.0,4557000000.0,11869000000.0,10044000000.0,25185000000.0,37054000000,9000000.0,0.0,5771000000.0,1948000000.0,39002000000,1257000000.0,527000000.0,258000000.0,134000000.0,,,,,2176000000.0,-684000000.0,460000000.0,-1835000000.0,-2183000000.0,-629000000.0,1371000000.0,-626000000.0,92000000.0,11000000,2015-09-30,98.9499969482422,99.3000030517578,97.9800033569336,98.69000244140624,82.21141052246094,2985000.0
2015-12-31,16054000000.0,-11903000000.0,4151000000.0,-2100000000.0,,,-541000000.0,2051000000.0,-82000000.0,-85000000.0,1969000000,,1969000000,-638000000.0,1331000000,,1331000000,1331000000,4726000000.0,7134000000.0,,13208000000.0,18352000000.0,,6751000000.0,25103000000.0,38311000000,5365000000.0,3018000000.0,10696000000.0,11316000000.0,25124000000.0,35820000000,9000000.0,0.0,6001000000.0,2491000000.0,38311000000,1331000000.0,541000000.0,54000000.0,-911000000.0,,,,,1015000000.0,-719000000.0,226000000.0,21000000.0,-350000000.0,-626000000.0,-186000000.0,-619000000.0,-1405000000.0,-711000000,2015-12-31,96.9000015258789,97.05999755859376,96.01000213623048,96.2300033569336,80.7244644165039,2178600.0
2016-03-31,14418000000.0,-10692000000.0,3726000000.0,-1903000000.0,,,-552000000.0,1823000000.0,-76000000.0,-93000000.0,1747000000,,1747000000,-616000000.0,1131000000,,1131000000,1131000000,6267000000.0,6241000000.0,,13912000000.0,18285000000.0,,6971000000.0,25256000000.0,39168000000,4709000000.0,3869000000.0,11098000000.0,11569000000.0,25590000000.0,36688000000,9000000.0,0.0,6095000000.0,2480000000.0,39168000000,1131000000.0,552000000.0,353000000.0,634000000.0,,,,,2670000000.0,-424000000.0,-625000000.0,-6000000.0,-1108000000.0,-666000000.0,819000000.0,-557000000.0,-440000000.0,1157000000,2016-03-31,105.6500015258789,105.9000015258789,105.26000213623048,105.47000122070312,89.18330383300781,3303900.0
2016-06-30,14629000000.0,-10696000000.0,3933000000.0,-1895000000.0,,,-555000000.0,2038000000.0,-86000000.0,-94000000.0,1952000000,,1952000000,-683000000.0,1269000000,,1269000000,1269000000,5672000000.0,6111000000.0,,13123000000.0,18251000000.0,,6965000000.0,25216000000.0,38339000000,5246000000.0,2816000000.0,9961000000.0,11550000000.0,25728000000.0,35689000000,9000000.0,0.0,6223000000.0,2650000000.0,38339000000,1269000000.0,555000000.0,305000000.0,-106000000.0,,,,,2023000000.0,-528000000.0,-166000000.0,3000000.0,-686000000.0,-661000000.0,-844000000.0,-625000000.0,-2144000000.0,-828000000,2016-06-30,106.73999786376952,107.73999786376952,106.12999725341795,107.72000122070312,91.78465270996094,2673000.0
2016-09-30,14928000000.0,-10996000000.0,3932000000.0,-1898000000.0,,,-554000000.0,2034000000.0,-81000000.0,-94000000.0,1953000000,,1953000000,-683000000.0,1270000000,,1270000000,1270000000,5358000000.0,6272000000.0,,12853000000.0,18489000000.0,,7000000000.0,25489000000.0,38342000000,5312000000.0,3820000000.0,10889000000.0,11506000000.0,24686000000.0,35575000000,9000000.0,0.0,6385000000.0,2767000000.0,38342000000,1270000000.0,554000000.0,-996000000.0,-158000000.0,,,,,670000000.0,-809000000.0,579000000.0,0.0,-233000000.0,-660000000.0,1031000000.0,-629000000.0,-197000000.0,240000000,2016-09-30,108.81999969482422,109.79000091552734,108.62999725341795,109.36000061035156,93.84205627441406,2952500.0
2016-12-31,16931000000.0,-15171000000.0,1760000000.0,-2188000000.0,,,-563000000.0,-428000000.0,-88000000.0,-100000000.0,-516000000,,-516000000,277000000.0,-239000000,,-239000000,-239000000,4567000000.0,7695000000.0,,13849000000.0,18800000000.0,,7728000000.0,26528000000.0,40377000000,5957000000.0,3681000000.0,11730000000.0,12394000000.0,28218000000.0,39948000000,9000000.0,0.0,4879000000.0,429000000.0,40377000000,-239000000.0,563000000.0,1911000000.0,-1125000000.0,,,,,1110000000.0,-1116000000.0,1120000000.0,-544000000.0,-539000000.0,-656000000.0,1028000000.0,-622000000.0,-359000000.0,177000000,2016-12-30,115.23999786376952,115.43000030517578,114.36000061035156,114.63999938964844,99.06253814697266,1734000.0
2017-03-31,15510000000.0,-11867000000.0,3643000000.0,-2026000000.0,,,-554000000.0,1617000000.0,93000000.0,-102000000.0,1710000000,,1710000000,-544000000.0,1166000000,,1166000000,1166000000,3718000000.0,6475000000.0,,11494000000.0,19225000000.0,,7661000000.0,26886000000.0,38380000000,5274000000.0,4302000000.0,11406000000.0,12938000000.0,26414000000.0,37820000000,9000000.0,0.0,4988000000.0,560000000.0,38380000000,1166000000.0,554000000.0,-1937000000.0,456000000.0,,,,,239000000.0,-927000000.0,47000000.0,-25000000.0,-910000000.0,-695000000.0,1131000000.0,-364000000.0,-124000000.0,-779000000,2017-03-31,106.4800033569336,107.6999969482422,106.4800033569336,107.3000030517578,93.43124389648438,2478100.0
2017-06-30,15927000000.0,-11906000000.0,4021000000.0,-1984000000.0,,,-562000000.0,2037000000.0,82000000.0,-111000000.0,2119000000,,2119000000,-735000000.0,1384000000,,1384000000,1384000000,4604000000.0,6553000000.0,,12394000000.0,19841000000.0,,7489000000.0,27330000000.0,39724000000,5548000000.0,3817000000.0,11082000000.0,14257000000.0,27368000000.0,38450000000,9000000.0,0.0,5437000000.0,1274000000.0,39724000000,1384000000.0,562000000.0,384000000.0,52000000.0,,,,,2382000000.0,-1068000000.0,-18000000.0,-32000000.0,-1115000000.0,-694000000.0,654000000.0,-402000000.0,-432000000.0,849000000,2017-06-30,110.20999908447266,111.01000213623048,109.75,110.58999633789062,97.06253051757812,2178100.0
2017-09-30,16173000000.0,-12304000000.0,3869000000.0,-2057000000.0,,,-572000000.0,1812000000.0,125000000.0,-111000000.0,1937000000,,1937000000,-678000000.0,1259000000,,1259000000,1259000000,4461000000.0,6937000000.0,,12910000000.0,20988000000.0,,7458000000.0,28446000000.0,41356000000,5887000000.0,4555000000.0,12167000000.0,14355000000.0,27650000000.0,39817000000,9000000.0,0.0,5724000000.0,1539000000.0,41356000000,1259000000.0,572000000.0,359000000.0,-393000000.0,,,,,1797000000.0,-1695000000.0,88000000.0,-4000000.0,-1590000000.0,-696000000.0,739000000.0,-403000000.0,-358000000.0,-125000000,2017-09-29,119.55999755859376,120.41999816894531,119.43000030517578,120.08999633789062,106.18450927734376,2445800.0
2017-12-31,18975000000.0,-14487000000.0,4488000000.0,-2425000000.0,,,-594000000.0,2063000000.0,-692000000.0,-129000000.0,1371000000,,1371000000,-275000000.0,1096000000,,1096000000,1096000000,4069000000.0,8773000000.0,,15718000000.0,22118000000.0,,7738000000.0,29856000000.0,45574000000,7219000000.0,4011000000.0,12886000000.0,20278000000.0,31664000000.0,44550000000,9000000.0,0.0,5852000000.0,1024000000.0,45574000000,1096000000.0,594000000.0,-3112000000.0,-1517000000.0,,,,,-2939000000.0,-1513000000.0,243000000.0,-73000000.0,-1356000000.0,-686000000.0,5303000000.0,-397000000.0,4201000000.0,-97000000,2017-12-29,119.0500030517578,120.31999969482422,119.0,119.1500015258789,106.13607025146484,2614400.0
2018-03-31,17113000000.0,-13374000000.0,3739000000.0,-2219000000.0,,,-596000000.0,1520000000.0,141000000.0,-153000000.0,1661000000,,1661000000,-316000000.0,1345000000,,1345000000,1345000000,4209000000.0,7606000000.0,,13620000000.0,23239000000.0,,7605000000.0,30844000000.0,44464000000,6670000000.0,2683000000.0,11149000000.0,20409000000.0,31940000000.0,43089000000,9000000.0,0.0,6973000000.0,1375000000.0,44464000000,1345000000.0,596000000.0,526000000.0,1600000000.0,,,,,4067000000.0,-1517000000.0,69000000.0,0.0,-1446000000.0,-754000000.0,-1332000000.0,-184000000.0,-2550000000.0,57000000,2018-03-29,103.23999786376952,105.83000183105469,103.1500015258789,104.66000366210938,94.01864624023438,3813400.0
2018-06-30,17456000000.0,-13508000000.0,3948000000.0,-2175000000.0,,,-542000000.0,1773000000.0,153000000.0,-149000000.0,1926000000,,1926000000,-441000000.0,1485000000,,1485000000,1485000000,4934000000.0,7363000000.0,,13874000000.0,23901000000.0,,7448000000.0,31349000000.0,45223000000,6989000000.0,2591000000.0,11488000000.0,20120000000.0,31379000000.0,42867000000,9000000.0,0.0,7665000000.0,2356000000.0,45223000000,1485000000.0,542000000.0,390000000.0,716000000.0,,,,,3133000000.0,-1297000000.0,-62000000.0,-2000000.0,-1374000000.0,-753000000.0,-101000000.0,-212000000.0,-1057000000.0,665000000,2018-06-29,106.3000030517578,107.25,106.1500015258789,106.2300033569336,96.17969512939452,3409300.0
2018-09-30,17444000000.0,-13535000000.0,3909000000.0,-2182000000.0,,,-524000000.0,1727000000.0,162000000.0,-155000000.0,1889000000,,1889000000,-381000000.0,1508000000,,1508000000,1508000000,4841000000.0,7494000000.0,,13991000000.0,25379000000.0,,7319000000.0,32698000000.0,46689000000,7116000000.0,3200000000.0,12222000000.0,20101000000.0,31341000000.0,43563000000,9000000.0,0.0,8377000000.0,3126000000.0,46689000000,1508000000.0,524000000.0,376000000.0,-186000000.0,,,,,2222000000.0,-1631000000.0,-29000000.0,0.0,-1679000000.0,-753000000.0,286000000.0,-198000000.0,-653000000.0,-116000000,2018-09-28,116.45999908447266,116.86000061035156,115.7300033569336,116.75,106.50465393066406,2641800.0
2018-12-31,19848000000.0,-15386000000.0,4462000000.0,-2458000000.0,,,-545000000.0,2004000000.0,-1461000000.0,-148000000.0,543000000,,543000000,-90000000.0,453000000,,453000000,453000000,5035000000.0,8958000000.0,,16210000000.0,26576000000.0,,7230000000.0,33806000000.0,50016000000,8950000000.0,2805000000.0,14087000000.0,19931000000.0,32892000000.0,46979000000,9000000.0,0.0,8006000000.0,3037000000.0,50016000000,453000000.0,545000000.0,2363000000.0,-72000000.0,,,,,3289000000.0,-1801000000.0,-65000000.0,0.0,-1831000000.0,-751000000.0,-475000000.0,-177000000.0,-1432000000.0,-8000000,2018-12-31,96.86000061035156,97.55999755859376,96.44000244140624,97.52999877929688,89.7104263305664,2656700.0
2019-03-31,17160000000.0,-13487000000.0,3673000000.0,-2279000000.0,,,-568000000.0,1394000000.0,46000000.0,-169000000.0,1440000000,,1440000000,-329000000.0,1111000000,,1111000000,1111000000,5111000000.0,7613000000.0,,14904000000.0,27247000000.0,,9910000000.0,37157000000.0,52061000000,7485000000.0,3281000000.0,13209000000.0,22470000000.0,35367000000.0,48576000000,36000000.0,0.0,8249000000.0,3485000000.0,52061000000,1111000000.0,568000000.0,393000000.0,205000000.0,,,,,2277000000.0,-1510000000.0,101000000.0,-1000000.0,-1416000000.0,-799000000.0,485000000.0,-199000000.0,-695000000.0,175000000,2019-03-29,111.0,112.02999877929688,110.93000030517578,111.73999786376952,103.68305206298828,3428600.0
2019-06-30,18048000000.0,-13629000000.0,4419000000.0,-2276000000.0,,,-575000000.0,2143000000.0,61000000.0,-159000000.0,2204000000,,2204000000,-519000000.0,1685000000,,1685000000,1685000000,4797000000.0,8071000000.0,,14843000000.0,28095000000.0,,9849000000.0,37944000000.0,52787000000,7769000000.0,3439000000.0,13633000000.0,22453000000.0,34731000000.0,48364000000,111000000.0,0.0,9109000000.0,4423000000.0,52787000000,1685000000.0,575000000.0,-261000000.0,-69000000.0,,,,,1930000000.0,-1345000000.0,-4000000.0,0.0,-1431000000.0,-800000000.0,129000000.0,-175000000.0,-839000000.0,-326000000,2019-06-28,102.23999786376952,103.47000122070312,102.23999786376952,103.2699966430664,96.74048614501952,3130400.0
2019-09-30,18318000000.0,-13883000000.0,4435000000.0,-2307000000.0,,,-587000000.0,2128000000.0,78000000.0,-159000000.0,2206000000,,2206000000,-456000000.0,1750000000,,1750000000,1750000000,4538000000.0,7951000000.0,,14184000000.0,29071000000.0,,10027000000.0,39098000000.0,53282000000,7406000000.0,2661000000.0,12835000000.0,23803000000.0,34873000000.0,47708000000,138000000.0,0.0,10037000000.0,5574000000.0,53282000000,1750000000.0,587000000.0,-1082000000.0,231000000.0,,,,,1486000000.0,-1420000000.0,233000000.0,-5000000.0,-1180000000.0,-798000000.0,677000000.0,-216000000.0,-320000000.0,-31000000,2019-09-30,119.30999755859376,120.0,118.98999786376952,119.81999969482422,113.19815063476562,2639000.0
2019-12-31,20568000000.0,-15626000000.0,4942000000.0,-2809000000.0,,,-630000000.0,2133000000.0,-2331000000.0,-166000000.0,-198000000,,-198000000,92000000.0,-106000000,,-106000000,-106000000,5741000000.0,9552000000.0,,17103000000.0,30482000000.0,,10272000000.0,40754000000.0,57857000000,8900000000.0,3958000000.0,15413000000.0,24209000000.0,39161000000.0,54574000000,159000000.0,0.0,9105000000.0,3283000000.0,57857000000,-106000000.0,630000000.0,2633000000.0,-211000000.0,,,,,2946000000.0,-2040000000.0,-8000000.0,0.0,-2034000000.0,-797000000.0,1128000000.0,-196000000.0,127000000.0,1053000000,2019-12-31,116.04000091552734,117.08999633789062,115.56999969482422,117.05999755859376,111.4529800415039,2875100.0
2020-03-31,18035000000.0,-14341000000.0,3694000000.0,-2622000000.0,,,-648000000.0,1072000000.0,178000000.0,-167000000.0,1250000000,,1250000000,-285000000.0,965000000,,965000000,965000000,9460000000.0,8126000000.0,,19389000000.0,30908000000.0,,10598000000.0,41506000000.0,60895000000,8175000000.0,4931000000.0,15846000000.0,26689000000.0,41736000000.0,57582000000,38000000.0,0.0,9137000000.0,3313000000.0,60895000000,965000000.0,648000000.0,412000000.0,525000000.0,,,,,2550000000.0,-932000000.0,0.0,,-934000000.0,-840000000.0,3475000000.0,-150000000.0,2167000000.0,3718000000,2020-03-31,96.91000366210938,97.30999755859376,93.16000366210938,93.41999816894531,89.82662963867188,5391300.0
2020-06-30,20459000000.0,-15612000000.0,4847000000.0,-2635000000.0,,,-661000000.0,2212000000.0,145000000.0,-183000000.0,2357000000,,2357000000,-589000000.0,1768000000,,1768000000,1768000000,9216000000.0,9230000000.0,,20226000000.0,31439000000.0,,10392000000.0,41831000000.0,62057000000,8987000000.0,4283000000.0,16271000000.0,25662000000.0,41410000000.0,57681000000,264000000.0,0.0,10032000000.0,4376000000.0,62057000000,1768000000.0,661000000.0,688000000.0,280000000.0,,,,,3397000000.0,-1131000000.0,110000000.0,,-1009000000.0,-843000000.0,-1757000000.0,50000000.0,-2566000000.0,-142000000,2020-06-30,109.51000213623048,112.0199966430664,108.62000274658205,111.18000030517578,108.02472686767578,3954900.0
