Report Date,Revenue,Cost of Revenue,Gross Profit,Operating Expenses,"Selling, General & Administrative",Research & Development,Depreciation & Amortization,Operating Income (Loss),Non-Operating Income (Loss),"Interest Expense, Net","Pretax Income (Loss), Adj.",Abnormal Gains (Losses),Pretax Income (Loss),"Income Tax (Expense) Benefit, Net",Income (Loss) from Continuing Operations,Net Extraordinary Gains (Losses),Net Income,Net Income (Common),"Cash, Cash Equivalents & Short Term Investments",Accounts & Notes Receivable,Inventories,Total Current Assets,"Property, Plant & Equipment, Net",Long Term Investments & Receivables,Other Long Term Assets,Total Noncurrent Assets,Total Assets,Payables & Accruals,Short Term Debt,Total Current Liabilities,Long Term Debt,Total Noncurrent Liabilities,Total Liabilities,Share Capital & Additional Paid-In Capital,Treasury Stock,Retained Earnings,Total Equity,Total Liabilities & Equity,Net Income/Starting Line,Depreciation & Amortization,Non-Cash Items,Change in Working Capital,Change in Accounts Receivable,Change in Inventories,Change in Accounts Payable,Change in Other,Net Cash from Operating Activities,Change in Fixed Assets & Intangibles,Net Change in Long Term Investment,Net Cash from Acquisitions & Divestitures,Net Cash from Investing Activities,Dividends Paid,Cash from (Repayment of) Debt,Cash from (Repurchase of) Equity,Net Cash from Financing Activities,Net Change in Cash,Price Date,Open,High,Low,Close,Adj Close,Volume
2008-12-31,2206627000.0,-1227577000.0,979050000.0,-627839000.0,-627839000.0,,,351211000.0,-24552000.0,-22875000.0,326659000,,326659000,-92608000.0,234051000,,233875000,233875000,225957000.0,1313919000.0,1341842000.0,3104387000.0,661577000.0,,3218301000.0,3879878000.0,6984265000,996428000.0,416896000.0,1413324000.0,1142170000.0,1708098000.0,3121422000,1857602000.0,,1925132000.0,3862843000.0,6984265000,234051000.0,35835000.0,10686000.0,-284069000.0,,,,,-3528000.0,-28531000.0,,-14894000.0,-47288000.0,-63642000.0,16278000.0,0.0,6723000.0,-50052000,2008-12-31,12.711864471435547,12.951976776123047,12.598870277404785,12.893125534057615,9.475786209106444,3763303.0
2009-03-31,1912150000.0,-1099210000.0,812940000.0,-633137000.0,-633137000.0,,,179803000.0,-27222000.0,-23115000.0,152581000,,152581000,-36749000.0,115832000,,115863000,115863000,381844000.0,851282000.0,1151895000.0,2653010000.0,642727000.0,,3138131000.0,3780858000.0,6433868000,955280000.0,56902000.0,1012182000.0,1141546000.0,1864441000.0,2876623000,1859312000.0,,1972874000.0,3557245000.0,6433868000,115832000.0,37223000.0,28664000.0,436879000.0,,,,,619600000.0,-41739000.0,,0.0,-33612000.0,-64888000.0,-349763000.0,0.0,-413471000.0,155887000,2009-03-31,13.528718948364258,13.60169506072998,13.241524696350098,13.443973541259766,10.003411293029783,3916231.0
2009-06-30,1725474000.0,-996640000.0,728834000.0,-567386000.0,-567386000.0,,,161448000.0,-20001000.0,-21250000.0,141447000,,141447000,-41013000.0,100434000,,100939000,100939000,276428000.0,996507000.0,1118073000.0,2621259000.0,632413000.0,,3298892000.0,3931305000.0,6552564000,807059000.0,291145000.0,1098204000.0,1140414000.0,1880191000.0,2978395000,1874094000.0,,1996972000.0,3574169000.0,6552564000,100434000.0,31137000.0,55442000.0,-222376000.0,,,,,-35363000.0,-16983000.0,,-207219000.0,-225449000.0,-64966000.0,234802000.0,,160658000.0,-105416000,2009-06-30,13.057909965515135,13.290960311889648,12.99905776977539,13.029661178588867,9.791996002197266,2949811.0
2009-09-30,1485637000.0,-833693000.0,651944000.0,-532206000.0,-532206000.0,,,119738000.0,-19860000.0,-21254000.0,99878000,,99878000,-24900000.0,74978000,,75527000,75527000,385202000.0,881014000.0,1221167000.0,2734877000.0,630369000.0,,3354001000.0,3984370000.0,6719247000,811535000.0,358283000.0,1169818000.0,1139790000.0,1905599000.0,3075417000,1886431000.0,,2006729000.0,3643830000.0,6719247000,74978000.0,40488000.0,9679000.0,-5111000.0,,,,,120034000.0,-19560000.0,,0.0,-21024000.0,-65051000.0,63677000.0,,916000.0,108774000,2009-09-30,17.219867706298828,17.29990577697754,16.909133911132812,17.050376892089847,12.924575805664062,4007138.0
2009-12-31,2093806000.0,-1165843000.0,927963000.0,-610072000.0,-610072000.0,,,317891000.0,-20400000.0,-20905000.0,297491000,,297491000,-79430000.0,218061000,,217920000,217920000,379148000.0,1102878000.0,1171151000.0,2928733000.0,630080000.0,,3347353000.0,3977433000.0,6906166000,899735000.0,455322000.0,1355057000.0,939143000.0,1693541000.0,3048598000,1952961000.0,,2105758000.0,3857568000.0,6906166000,218061000.0,36944000.0,19404000.0,-95206000.0,,,,,179203000.0,-21203000.0,,0.0,-23666000.0,-65533000.0,-104262000.0,-52988000.0,-163829000.0,-6054000,2009-12-31,17.528249740600586,17.528249740600586,17.24105453491211,17.24105453491211,13.17681121826172,914170.0
2010-03-31,1915369000.0,-1028946000.0,886423000.0,-626730000.0,-626730000.0,,,259693000.0,-21883000.0,-20263000.0,237810000,-121953000.0,115857000,-50872000.0,64985000,,66885000,66885000,731549000.0,776140000.0,958639000.0,2632562000.0,614178000.0,,3227123000.0,3841301000.0,6473863000,847157000.0,248632000.0,1095789000.0,938494000.0,1564789000.0,2660578000,1974784000.0,,2050109000.0,3813285000.0,6473863000,64985000.0,45138000.0,48649000.0,550839000.0,,,,,709611000.0,-28113000.0,,-5120000.0,-46737000.0,-66132000.0,-208478000.0,-58986000.0,-317088000.0,352401000,2010-03-31,18.764123916625977,18.96657371520996,18.74293708801269,18.86770248413086,14.531838417053224,2631636.0
2010-06-30,1749879000.0,-932203000.0,817676000.0,-594416000.0,-594416000.0,,,223260000.0,-13582000.0,-20005000.0,209678000,,209678000,-46219000.0,163459000,,163516000,163516000,718634000.0,787682000.0,952182000.0,2650773000.0,601859000.0,,3219576000.0,3821435000.0,6472208000,808852000.0,251215000.0,1060067000.0,937826000.0,1587275000.0,2647342000,2048165000.0,,2024856000.0,3824866000.0,6472208000,163459000.0,37374000.0,56203000.0,-72882000.0,,,,,184154000.0,-17339000.0,,-29111000.0,-49637000.0,-66224000.0,1776000.0,-118001000.0,-128386000.0,-12915000,2010-06-30,16.949153900146484,17.109228134155273,16.723163604736328,16.756120681762695,13.005403518676758,5318071.0
2010-09-30,1594104000.0,-842502000.0,751602000.0,-582078000.0,-582078000.0,,,169524000.0,-18075000.0,-19998000.0,151449000,,151449000,-39959000.0,111490000,,110835000,110835000,540191000.0,735022000.0,1102180000.0,2590554000.0,593465000.0,,3140537000.0,3734002000.0,6324556000,869233000.0,244712000.0,1113945000.0,937150000.0,1562777000.0,2676722000,2084413000.0,,1879305000.0,3647834000.0,6324556000,111490000.0,34970000.0,25622000.0,-47736000.0,,,,,124346000.0,-27970000.0,,-9335000.0,-41012000.0,-65116000.0,-6046000.0,-199910000.0,-246887000.0,-178443000,2010-09-30,19.18549919128418,19.28201484680176,18.91007423400879,19.072505950927734,14.92294216156006,3266712.0
2010-12-31,2232367000.0,-1195379000.0,1036988000.0,-682443000.0,-682443000.0,,,354545000.0,-19348000.0,-19947000.0,335197000,,335197000,-91943000.0,243254000,,242787000,242787000,402863000.0,1098858000.0,1211307000.0,2884694000.0,598174000.0,,3208248000.0,3806422000.0,6691116000,1105507000.0,51773000.0,1157280000.0,936511000.0,1595527000.0,2752807000,2110304000.0,,2057965000.0,3938309000.0,6691116000,243254000.0,38895000.0,72191000.0,-214216000.0,,,,,140124000.0,-28283000.0,,0.0,-34056000.0,-64659000.0,-196320000.0,-4295000.0,-259562000.0,-137328000,2010-12-31,20.454330444335934,20.489641189575195,20.244821548461914,20.287193298339844,15.990989685058596,1860199.0
2011-03-31,2126239000.0,-1135117000.0,991122000.0,-715853000.0,-715853000.0,,,275269000.0,-19643000.0,-15452000.0,255626000,-201738000.0,53888000,1421000.0,55309000,,54224000,54224000,792239000.0,773083000.0,1070694000.0,2826060000.0,602908000.0,,3028588000.0,3631496000.0,6457556000,1070162000.0,39313000.0,1109475000.0,935882000.0,1486762000.0,2596237000,2189305000.0,,1940508000.0,3861319000.0,6457556000,55309000.0,44971000.0,27148000.0,425230000.0,,,,,552658000.0,-38048000.0,,156000.0,-55775000.0,-68282000.0,-12214000.0,-89632000.0,-107997000.0,389376000,2011-03-31,23.243879318237305,23.26741981506348,22.87900161743164,23.19444465637207,18.40247917175293,5135407.0
2011-06-30,1958799000.0,-1033856000.0,924943000.0,-650300000.0,-650300000.0,,,274643000.0,-16905000.0,-14974000.0,257738000,,257738000,-56318000.0,201420000,,200703000,200703000,672963000.0,892294000.0,1183314000.0,2950028000.0,615372000.0,,3127738000.0,3743110000.0,6693138000,994072000.0,42774000.0,1036846000.0,935244000.0,1529845000.0,2566691000,2268218000.0,,2059492000.0,4126447000.0,6693138000,201420000.0,39872000.0,32203000.0,-306360000.0,,,,,-32865000.0,-89107000.0,,,-96310000.0,-68475000.0,2877000.0,-2453000.0,-13631000.0,-119276000,2011-06-30,25.367231369018555,25.83097839355469,25.282485961914066,25.55555534362793,20.412761688232425,3483785.0
2011-09-30,1840123000.0,-994591000.0,845532000.0,-656861000.0,-656861000.0,,,188671000.0,-17187000.0,-14452000.0,171484000,,171484000,-41917000.0,129567000,,129368000,129368000,611478000.0,889201000.0,1285950000.0,3045908000.0,626271000.0,,3128267000.0,3754538000.0,6800446000,968654000.0,45260000.0,1013914000.0,934600000.0,1515994000.0,2529908000,2330733000.0,,2118343000.0,4270538000.0,6800446000,129567000.0,36465000.0,40744000.0,-216232000.0,,,,,-9456000.0,-31513000.0,,,-33638000.0,-68707000.0,2115000.0,-2713000.0,-25162000.0,-61485000,2011-09-30,29.12429428100586,29.70339012145996,28.606403350830078,28.606403350830078,22.97859191894531,4940849.0
2011-12-31,2750071000.0,-1504982000.0,1245089000.0,-814971000.0,-814971000.0,,,430118000.0,-25773000.0,-19300000.0,404345000,,404345000,-102933000.0,301412000,,300700000,300700000,337391000.0,1547741000.0,1777902000.0,3942392000.0,704935000.0,,5471721000.0,6176656000.0,10119048000,1516010000.0,1148554000.0,2664564000.0,1832412000.0,2994585000.0,5659149000,2390625000.0,,2348152000.0,4459899000.0,10119048000,301412000.0,38153000.0,-52432000.0,-273645000.0,,,,,13488000.0,-34151000.0,,-2207065000.0,-2250004000.0,-69095000.0,2019331000.0,-1775000.0,1975529000.0,-274087000,2011-12-30,30.15536689758301,30.29660987854004,29.88229751586914,29.89406776428223,24.13776588439941,2708525.0
2012-03-31,2910239000.0,-1595173000.0,1315066000.0,-963707000.0,-963707000.0,,,351359000.0,-20183000.0,-24074000.0,331176000,,331176000,-73182000.0,257994000,,257318000,257318000,341228000.0,1120246000.0,1453645000.0,3187944000.0,737451000.0,,5387731000.0,6125182000.0,9313126000,1381602000.0,284430000.0,1666032000.0,1831781000.0,3121919000.0,4787951000,2426664000.0,,2520804000.0,4525175000.0,9313126000,257994000.0,54421000.0,166682000.0,631107000.0,,,,,1110204000.0,-74255000.0,,0.0,-80081000.0,-79445000.0,-877787000.0,-479000.0,-1024491000.0,3837000,2012-03-30,35.150657653808594,35.25188446044922,34.352638244628906,34.36440658569336,27.88593101501465,6063595.0
2012-06-30,2556455000.0,-1388866000.0,1167589000.0,-853487000.0,-853487000.0,,,314102000.0,-20561000.0,-22307000.0,293541000,,293541000,-78314000.0,215227000,,215216000,215216000,325649000.0,1206179000.0,1516446000.0,3363333000.0,729079000.0,,5410905000.0,6139984000.0,9503317000,1221031000.0,683289000.0,1904320000.0,1831113000.0,3147329000.0,5051649000,2493932000.0,,2335520000.0,4451668000.0,9503317000,215227000.0,47245000.0,67765000.0,-442374000.0,,,,,-112137000.0,-25140000.0,,,-32169000.0,-79924000.0,396897000.0,-210840000.0,126024000.0,-15579000,2012-06-29,31.996234893798828,32.37052536010742,31.17466926574707,31.414783477783203,25.626089096069336,9929700.0
2012-09-30,2141786000.0,-1155412000.0,986374000.0,-822389000.0,-822389000.0,,,163985000.0,19152000.0,-22405000.0,183137000,,183137000,-27712000.0,155425000,,155297000,155297000,330512000.0,1033835000.0,1570298000.0,3339809000.0,735827000.0,,5350433000.0,6086260000.0,9426069000,1083403000.0,684636000.0,1768039000.0,1830473000.0,3133978000.0,4902017000,2531002000.0,,2409436000.0,4524052000.0,9426069000,155425000.0,47480000.0,795000.0,-18434000.0,,,,,185266000.0,-93840000.0,,68264000.0,-22485000.0,-78657000.0,1871000.0,-88256000.0,-152510000.0,4863000,2012-09-28,37.44821166992188,37.74953079223633,36.9279670715332,37.51412582397461,30.74784851074219,2477858.0
2012-12-31,3148354000.0,-1678090000.0,1470264000.0,-933372000.0,-933372000.0,,,536892000.0,-21640000.0,-23209000.0,515252000,,515252000,-133934000.0,381318000,,381318000,381318000,304603000.0,1612579000.0,1758686000.0,3998800000.0,775476000.0,,5357456000.0,6132932000.0,10131732000,1291996000.0,1143846000.0,2435842000.0,1429824000.0,2769106000.0,5204948000,2607732000.0,,2705905000.0,4926784000.0,10131732000,381318000.0,46033000.0,61997000.0,-459872000.0,,,,,29476000.0,-71297000.0,,-1495000.0,-84792000.0,-78939000.0,58326000.0,-7326000.0,24761000.0,-25909000,2012-12-31,34.7598876953125,35.6614875793457,34.72457504272461,35.53907775878906,29.293615341186523,2331302.0
2013-03-31,3033260000.0,-1595512000.0,1437748000.0,-987460000.0,-987460000.0,,,450288000.0,-20343000.0,-22331000.0,429945000,,429945000,-95777000.0,334168000,,334168000,334168000,597461000.0,1222345000.0,1354158000.0,3449583000.0,828218000.0,,5355220000.0,6183438000.0,9633021000,1316780000.0,415432000.0,1732212000.0,1429166000.0,2775184000.0,4507396000,2638073000.0,,2941447000.0,5125625000.0,9633021000,334168000.0,56140000.0,-103832000.0,885919000.0,,,,,1172395000.0,-61663000.0,,4000000.0,-80845000.0,-95709000.0,-728880000.0,-860000.0,-800790000.0,292858000,2013-03-28,39.1878547668457,39.70103454589844,39.05602645874024,39.48917007446289,32.72286605834961,2500798.0
2013-06-30,2611869000.0,-1355277000.0,1256592000.0,-898864000.0,-898864000.0,,,357728000.0,-19479000.0,-20518000.0,338249000,,338249000,-67832000.0,270417000,,270417000,270417000,300437000.0,1208682000.0,1409443000.0,3259627000.0,866251000.0,,5365396000.0,6231647000.0,9491274000,1120284000.0,585116000.0,1705400000.0,1428496000.0,2696880000.0,4402280000,2704687000.0,,2807442000.0,5088994000.0,9491274000,270417000.0,48015000.0,5017000.0,-311775000.0,,,,,11674000.0,-102227000.0,,,-114999000.0,-96263000.0,169047000.0,-281370000.0,-191962000.0,-297024000,2013-06-28,45.150657653808594,45.9180793762207,44.790489196777344,45.44726943969727,37.83766555786133,3817678.0
2013-09-30,2220411000.0,-1143358000.0,1077053000.0,-875719000.0,-875719000.0,,,201334000.0,-22231000.0,-20719000.0,179103000,,179103000,-40829000.0,138274000,,138274000,138274000,320112000.0,1060778000.0,1522809000.0,3297707000.0,883197000.0,,5368663000.0,6251860000.0,9549567000,1194999000.0,449299000.0,1644298000.0,1427823000.0,2721212000.0,4365510000,2775827000.0,,2849101000.0,5184057000.0,9549567000,138274000.0,48565000.0,63285000.0,29615000.0,,,,,279739000.0,-53227000.0,,,-73477000.0,-95197000.0,-135681000.0,-216000.0,-183716000.0,19675000,2013-09-30,46.41007614135742,46.95856857299805,46.37711715698242,46.85734558105469,39.18801879882813,2429431.0
2013-12-31,3297269000.0,-1728144000.0,1569125000.0,-989422000.0,-989422000.0,,,579703000.0,-21237000.0,-19987000.0,558466000,,558466000,-124705000.0,433761000,,433761000,433761000,315661000.0,1663118000.0,1752284000.0,4093904000.0,904809000.0,,5453348000.0,6358157000.0,10452061000,1583363000.0,471297000.0,2054660000.0,1427138000.0,2768524000.0,4823184000,2811915000.0,,3182932000.0,5628877000.0,10452061000,433761000.0,50859000.0,70444000.0,-428401000.0,,,,,126663000.0,-48015000.0,,,-66812000.0,-95330000.0,22349000.0,-1847000.0,-65982000.0,-4451000,2013-12-31,58.62523651123047,58.85122299194336,58.45574569702149,58.70056533813477,49.31504440307617,1183280.0
2014-03-31,3290099000.0,-1704690000.0,1585409000.0,-1077027000.0,-1077027000.0,,,508382000.0,-21710000.0,-19408000.0,486672000,,486672000,-119005000.0,367667000,,367667000,367667000,776403000.0,1360443000.0,1399062000.0,3882982000.0,932792000.0,,5499669000.0,6432461000.0,10315443000,1544024000.0,23977000.0,1568001000.0,1426829000.0,2670404000.0,4238405000,2856668000.0,,3432090000.0,6077038000.0,10315443000,367667000.0,105834000.0,-62038000.0,676502000.0,,,,,1087965000.0,-67684000.0,,,-94985000.0,-115346000.0,-451555000.0,1409000.0,-542171000.0,460742000,2014-03-31,58.33333206176758,58.57815551757813,58.09792709350586,58.26742172241211,49.16717147827149,1836092.0
2014-06-30,2780778000.0,-1406566000.0,1374212000.0,-971022000.0,-971022000.0,,,403190000.0,-21398000.0,-19306000.0,381792000,,381792000,-84599000.0,297193000,,297193000,297193000,321672000.0,1310468000.0,1512459000.0,3534521000.0,921970000.0,,5528661000.0,6450631000.0,9985152000,1275286000.0,266247000.0,1541533000.0,1425833000.0,2688790000.0,4230323000,2934721000.0,,3029597000.0,5754829000.0,9985152000,297193000.0,64017000.0,62796000.0,-410352000.0,,,,,13654000.0,-49309000.0,,,-99133000.0,-114776000.0,241487000.0,-513778000.0,-366260000.0,-454731000,2014-06-30,59.07721328735352,59.41619491577149,58.88888931274414,59.3220329284668,50.26368713378906,1666490.0
2014-09-30,2402076000.0,-1239344000.0,1162732000.0,-942924000.0,-942924000.0,,,219808000.0,-20327000.0,-19819000.0,199481000,,199481000,-41799000.0,157682000,,157682000,157682000,475891000.0,1178874000.0,1615245000.0,3779912000.0,921970000.0,,5513445000.0,6435415000.0,10215327000,1284870000.0,585454000.0,1870324000.0,1425123000.0,2691635000.0,4561959000,2982963000.0,,2902617000.0,5653368000.0,10215327000,157682000.0,67184000.0,17356000.0,-36289000.0,,,,,205933000.0,-46535000.0,,,-64454000.0,-112849000.0,318131000.0,-213758000.0,14245000.0,154219000,2014-09-30,62.23163986206055,62.51412582397461,61.96798324584961,62.17514038085938,52.89397430419922,1770991.0
2014-12-31,3520447000.0,-1818655000.0,1701792000.0,-1068710000.0,-1068710000.0,,,633082000.0,-22312000.0,-20703000.0,610770000,,610770000,-140241000.0,470529000,,470529000,470529000,496500000.0,1764636000.0,1822162000.0,4524213000.0,940193000.0,,5351470000.0,6291663000.0,10815876000,1607265000.0,659213000.0,2266478000.0,1424311000.0,2687038000.0,4953516000,3030936000.0,,3249659000.0,5862360000.0,10815876000,470529000.0,69318000.0,118515000.0,-511103000.0,,,,,147259000.0,-75762000.0,,,-91446000.0,-113065000.0,74619000.0,0.0,-24755000.0,20609000,2014-12-31,71.14877319335938,71.55367279052734,70.51789093017578,70.52730560302734,60.25921249389648,1119773.0
2015-03-31,3178429000.0,-1648315000.0,1530114000.0,-987880000.0,-987880000.0,,,542234000.0,-20701000.0,-19365000.0,521533000,0.0,521533000,-119188000.0,402345000,-280244000.0,122101000,122101000,971895000.0,1276224000.0,1482804000.0,4031569000.0,942181000.0,,4871550000.0,5813731000.0,9845300000,1588268000.0,25797000.0,1614065000.0,1413847000.0,2600353000.0,4214418000,3101401000.0,,3231753000.0,5630882000.0,9845300000,122101000.0,74364000.0,215994000.0,982761000.0,,,,,1395220000.0,-62471000.0,,0.0,-74222000.0,-138243000.0,-634236000.0,-259000.0,-795088000.0,475395000,2015-03-31,70.66854858398438,71.3559341430664,70.51789093017578,70.91336822509766,60.84501266479492,2722437.0
2015-06-30,2837301000.0,-1446547000.0,1390754000.0,-992919000.0,-992919000.0,,,397835000.0,-18923000.0,-19751000.0,378912000,,378912000,-90203000.0,288709000,,288709000,288709000,655483000.0,1283216000.0,1624234000.0,3928102000.0,911478000.0,,4759125000.0,5670603000.0,9598705000,1200920000.0,1071345000.0,2272265000.0,1413333000.0,2422175000.0,4694440000,3182888000.0,,2623769000.0,4904265000.0,9598705000,288709000.0,65880000.0,-217814000.0,-537721000.0,,,,,-400946000.0,-33028000.0,,,-59119000.0,-135912000.0,1046246000.0,-730811000.0,175416000.0,-316412000,2015-06-30,65.51789093017578,66.25235748291016,65.38606262207031,65.66854858398439,56.60166549682617,3053144.0
2015-09-30,2426986000.0,-1260938000.0,1166048000.0,-947068000.0,-947068000.0,,,218980000.0,-20293000.0,-20965000.0,198687000,,198687000,-30845000.0,167842000,2969000.0,170811000,170811000,658485000.0,1170150000.0,1678800000.0,4053703000.0,915841000.0,,4807371000.0,5723212000.0,9776915000,1261550000.0,1161756000.0,2449738000.0,1401553000.0,2363382000.0,4813120000,3220355000.0,,2657066000.0,4963795000.0,9776915000,170811000.0,63385000.0,20860000.0,-106828000.0,,,,,148228000.0,-92476000.0,,,-99204000.0,-135607000.0,90654000.0,-716000.0,-39285000.0,4287000,2015-09-30,64.29378509521484,64.56685638427734,63.72881317138672,64.22787475585939,55.60853958129883,2631317.0
2015-12-31,3529626000.0,-1844441000.0,1685185000.0,-1045622000.0,-1045622000.0,,,639563000.0,-21935000.0,-20657000.0,617628000,,617628000,-159993000.0,457635000,2229000.0,459864000,459864000,567637000.0,1840673000.0,1971790000.0,4771882000.0,935068000.0,,4806162000.0,5741230000.0,10513112000,1462022000.0,1288602000.0,2777528000.0,1401058000.0,2374387000.0,5151915000,3283369000.0,,2976603000.0,5361197000.0,10513112000,459864000.0,69039000.0,58231000.0,-614627000.0,,,,,-27493000.0,-61777000.0,,,-78861000.0,-136165000.0,128083000.0,-409000.0,10925000.0,-93171000,2015-12-31,58.9171371459961,59.13370895385742,58.59698867797852,58.61581802368164,51.04556655883789,1681571.0
2016-03-31,2202480000.0,-1051840000.0,1150640000.0,-762190000.0,-762190000.0,,,388450000.0,-19420000.0,-20226000.0,369030000,0.0,369030000,-66160000.0,302870000,9339000.0,312209000,312209000,944423000.0,1289962000.0,1555360000.0,4163136000.0,945491000.0,,4530915000.0,5476406000.0,9639542000,1462754000.0,452941000.0,1941713000.0,1401820000.0,2312991000.0,4254704000,3299329000.0,,3128731000.0,5384838000.0,9639542000,312209000.0,73771000.0,131306000.0,966541000.0,,,,,1483827000.0,-67220000.0,,0.0,-85638000.0,-157591000.0,-836696000.0,-687000.0,-987271000.0,379195000,2016-03-31,61.47834396362305,61.97740173339844,60.800376892089844,60.97928237915039,53.40166091918945,1855845.0
2016-06-30,2634417000.0,-1350700000.0,1283717000.0,-971920000.0,-971920000.0,,,311797000.0,-18728000.0,-20020000.0,293069000,,293069000,-51134000.0,241935000,18334000.0,260269000,260269000,585365000.0,1222162000.0,1613756000.0,3972874000.0,930145000.0,,4929244000.0,5859389000.0,9832263000,1358468000.0,1140694000.0,2529467000.0,1401233000.0,2408850000.0,4938317000,3344043000.0,,2500188000.0,4893946000.0,9832263000,260269000.0,68030000.0,13908000.0,-487775000.0,,,,,-145568000.0,-36336000.0,,,-43258000.0,-155584000.0,675290000.0,-713767000.0,-189959000.0,-359752000,2016-06-30,57.32580184936523,57.90018844604492,56.70433044433594,57.90018844604492,51.0054702758789,2306983.0
2016-09-30,2320466000.0,-1185247000.0,1135219000.0,-940797000.0,-940797000.0,,,194422000.0,-19893000.0,-21394000.0,174529000,,174529000,-38036000.0,136493000,-85478000.0,51015000,51015000,676262000.0,1121053000.0,1667895000.0,4068016000.0,927058000.0,,4679034000.0,5606092000.0,9674108000,1201171000.0,1408059000.0,2660633000.0,1400636000.0,2365038000.0,5025671000,3373494000.0,,2276398000.0,4648437000.0,9674108000,51015000.0,69442000.0,139784000.0,-98085000.0,,,,,162156000.0,-46306000.0,,0.0,-58042000.0,-153999000.0,267598000.0,-120079000.0,1508000.0,94931000,2016-09-30,52.77777862548828,53.07909774780274,52.52354049682617,52.77777862548828,46.78258514404297,3300908.0
2016-12-31,3327716000.0,-1693071000.0,1634645000.0,-1026398000.0,-1026398000.0,,,608247000.0,-23665000.0,-22568000.0,584582000,0.0,584582000,-99358000.0,485224000,13265000.0,498489000,498489000,737825000.0,1736521000.0,1897546000.0,4819023000.0,935015000.0,,4689071000.0,5624086000.0,10443109000,1410810000.0,741303000.0,2177196000.0,2347122000.0,3393136000.0,5570332000,3416498000.0,,2454299000.0,4872777000.0,10443109000,498489000.0,68019000.0,78123000.0,-614022000.0,,,,,30609000.0,-47305000.0,,115983000.0,50496000.0,-152823000.0,284268000.0,-166384000.0,-13134000.0,60647000,2016-12-30,50.48964309692383,50.72504806518555,50.11299514770508,50.23540496826172,44.861610412597656,2590961.0
2017-03-31,2743548000.0,-1360905000.0,1382643000.0,-1049205000.0,-1049205000.0,,,333438000.0,-21258000.0,-21564000.0,312180000,-79644000.0,232536000,-17334000.0,215202000,49131000.0,264333000,264333000,603262000.0,1241496000.0,1593434000.0,4092150000.0,897445000.0,,4256683000.0,5154128000.0,9246278000,1246840000.0,542413000.0,1835859000.0,2051482000.0,3037362000.0,4873221000,3468767000.0,,1892330000.0,4373057000.0,9246278000,264333000.0,76086000.0,39379000.0,1053573000.0,,,,,1433371000.0,-45893000.0,,0.0,-61610000.0,-173588000.0,-709684000.0,-238000.0,-875294000.0,488804000,2017-03-31,51.05461502075195,51.89265441894531,50.97928237915039,51.76082992553711,46.59577560424805,4737901.0
2017-06-30,2268620000.0,-1142476000.0,1126144000.0,-966468000.0,-966468000.0,,,159676000.0,-23824000.0,-20607000.0,135852000,,135852000,-28760000.0,107092000,2797000.0,109889000,109889000,672045000.0,1143573000.0,1663052000.0,3897650000.0,903024000.0,,4373054000.0,5276078000.0,9173728000,1230530000.0,1174892000.0,2431143000.0,2111623000.0,3098246000.0,5529389000,3497228000.0,,1077708000.0,3644339000.0,9173728000,109889000.0,65470000.0,42716000.0,-12459000.0,,,,,205616000.0,-37355000.0,,208215000.0,157462000.0,-164893000.0,631635000.0,-762007000.0,-283835000.0,68660000,2017-06-30,53.97363662719727,54.78342819213867,53.67231750488281,54.23728942871094,49.20985412597656,3005566.0
2017-09-30,3392934000.0,-1689041000.0,1703893000.0,-1128366000.0,-1128366000.0,,,575527000.0,-24450000.0,-22537000.0,551077000,,551077000,-77257000.0,473820000,-87680000.0,386140000,386140000,1545535000.0,1815198000.0,1843451000.0,5627427000.0,905671000.0,,4341823000.0,5247494000.0,10874921000,1545477000.0,2239118000.0,3821395000.0,2144221000.0,3116106000.0,6937501000,3555287000.0,,1297029000.0,3937420000.0,10874921000,386140000.0,75682000.0,121527000.0,-572120000.0,,,,,11229000.0,-46182000.0,,5279000.0,-64033000.0,-165387000.0,1063699000.0,-52000.0,931691000.0,873328000,2017-09-29,59.87759017944336,60.26365280151367,59.76459503173828,59.85875701904297,54.67259979248047,2634079.0
2017-12-31,3649283000.0,-1769819000.0,1879464000.0,-1394845000.0,-1394845000.0,,,484619000.0,-24450000.0,-22548000.0,460169000,,460169000,-533148000.0,-72979000,-17290000.0,-90269000,-90269000,563483000.0,1429986000.0,1706609000.0,4377764000.0,1014638000.0,,4566100000.0,5580738000.0,9958502000,1907532000.0,735549000.0,2744100000.0,2187789000.0,3494502000.0,6238602000,3622295000.0,,1023745000.0,3719900000.0,9958502000,-90269000.0,82913000.0,-30998000.0,1506331000.0,,,,,1467977000.0,-45160000.0,,-739067000.0,-801343000.0,-181686000.0,-1524447000.0,0.0,-1664384000.0,-980871000,2017-12-29,69.91525268554689,70.41431427001953,69.67043304443361,69.67984771728516,64.05386352539061,1529917.0
2018-03-31,2500340000.0,-1243605000.0,1256735000.0,-973467000.0,-973467000.0,,,283268000.0,-13871000.0,-20188000.0,269397000,0.0,269397000,-56121000.0,213276000,-4113000.0,209163000,209163000,680762000.0,1408587000.0,1861441000.0,4683323000.0,1011617000.0,,4616370000.0,5627987000.0,10311310000,1521431000.0,1531371000.0,3138829000.0,2212555000.0,3484385000.0,6623214000,3706002000.0,,846124000.0,3688096000.0,10311310000,209163000.0,66438000.0,47237000.0,-533000000.0,,,,,-210162000.0,-40856000.0,,0.0,-68337000.0,-172713000.0,261252000.0,-438297000.0,-346475000.0,-622746000,2018-03-29,69.97174835205078,70.73446655273438,69.68926239013672,69.7928466796875,64.56179046630861,3263951.0
2018-06-30,2788146000.0,-1384977000.0,1403169000.0,-1172287000.0,-1172287000.0,,,230882000.0,-44550000.0,-23884000.0,186332000,,186332000,-26379000.0,159953000,405000.0,160358000,160358000,467917000.0,1428535000.0,1993825000.0,4330147000.0,1018164000.0,,4843443000.0,5861607000.0,10191754000,1672444000.0,1323112000.0,2995556000.0,2156627000.0,3465082000.0,6460638000,3787406000.0,,825788000.0,3731116000.0,10191754000,160358000.0,71130000.0,37640000.0,8016000.0,,,,,277144000.0,-68919000.0,,-33122000.0,-129230000.0,-181517000.0,-215940000.0,0.0,-343957000.0,-216041000,2018-06-29,77.74952697753906,78.22975158691406,76.76082611083984,76.76082611083984,71.39788818359375,1816232.0
2018-09-30,3907386000.0,-1950601000.0,1956785000.0,-1298116000.0,-1298116000.0,,,658669000.0,-59568000.0,-25513000.0,599101000,,599101000,-91980000.0,507121000,0.0,507121000,507121000,352781000.0,2196064000.0,2247908000.0,5417954000.0,1035671000.0,,4676800000.0,5712471000.0,11130425000,1920937000.0,1576401000.0,3508696000.0,2150595000.0,3442173000.0,6950869000,3894685000.0,,1147787000.0,4179556000.0,11130425000,507121000.0,73865000.0,76075000.0,-831254000.0,,,,,-174193000.0,-71277000.0,,990000.0,-89097000.0,-182334000.0,253052000.0,-480000.0,146852000.0,-113710000,2018-09-28,87.57061767578125,88.6158218383789,87.57061767578125,87.99434661865234,82.26107788085938,1978718.0
2018-12-31,3940159000.0,-1896472000.0,2043687000.0,-1451782000.0,-1451782000.0,,,591905000.0,-25621000.0,-23847000.0,566284000,,566284000,-103158000.0,463126000,383000.0,463509000,463509000,535312000.0,1774460000.0,1866075000.0,4612091000.0,1041640000.0,,4630579000.0,5672219000.0,10284310000,1879580000.0,683467000.0,2563047000.0,2135240000.0,3420639000.0,5983686000,3928862000.0,,1258327000.0,4300624000.0,10284310000,463509000.0,71366000.0,-22246000.0,821083000.0,,,,,1333712000.0,-55054000.0,,142000000.0,69781000.0,-201325000.0,-894334000.0,-150196000.0,-1240622000.0,179460000,2018-12-31,66.72316741943361,67.43879699707031,66.44068145751953,67.17514038085939,63.20151138305664,1623267.0
2019-03-31,-368804000.0,575724000.0,206920000.0,-498194000.0,-498194000.0,,,-291274000.0,-22130000.0,-19486000.0,-313404000,,-313404000,53630000.0,-259774000,388578000.0,128804000,128804000,445119000.0,1465855000.0,1432660000.0,4673457000.0,915177000.0,,4768151000.0,5683328000.0,10356785000,1735799000.0,664323000.0,2661604000.0,2115884000.0,3396665000.0,6058269000,4020990000.0,,1179601000.0,4298516000.0,10356785000,-260562000.0,39368000.0,-46411000.0,70987000.0,,,,,227560000.0,-20526000.0,,13000.0,-72086000.0,-201885000.0,-13219000.0,199296000.0,-153278000.0,17688000,2019-03-29,82.18455505371094,82.58003997802734,81.43125915527344,81.8361587524414,77.45784759521484,1597036.0
2019-06-30,2271479000.0,-1036114000.0,1235365000.0,-1102073000.0,-1102073000.0,,,133292000.0,-9400000.0,-14998000.0,123892000,,123892000,-26643000.0,97249000,-48028000.0,49221000,49221000,606080000.0,1306270000.0,1665132000.0,3990855000.0,865141000.0,,5545968000.0,6411109000.0,10401964000,1874419000.0,72726000.0,1947145000.0,2126835000.0,4303205000.0,6250350000,4087866000.0,,931134000.0,4151614000.0,10401964000,97249000.0,159178000.0,45478000.0,-381297000.0,,,,,-66180000.0,-46270000.0,,0.0,-631000.0,-202538000.0,-586956000.0,,123853000.0,62120000,2019-06-28,86.77999877929688,88.16000366210938,86.70999908447266,87.3499984741211,83.178955078125,5908400.0
2019-09-30,3179758000.0,-1456317000.0,1723441000.0,-1174879000.0,-1174879000.0,,,548562000.0,-18157000.0,-16386000.0,530405000,,530405000,94972000.0,625377000,23624000.0,649001000,649001000,469912000.0,1881374000.0,1590027000.0,4775207000.0,832237000.0,,5662911000.0,6495148000.0,11270355000,1814702000.0,489307000.0,2404338000.0,2090922000.0,4218398000.0,6622736000,4172356000.0,,1405988000.0,4647619000.0,11270355000,593401000.0,-34019000.0,110814000.0,-963550000.0,,,,,-299298000.0,-58718000.0,,0.0,-76781000.0,-171066000.0,415667000.0,50659000.0,288061000.0,-98481000,2019-09-30,88.95999908447266,89.36000061035156,88.6500015258789,88.98999786376953,85.15862274169922,1517300.0
2019-12-31,3155723000.0,-1351653000.0,1804070000.0,-1264031000.0,-1264031000.0,,,540039000.0,-39481000.0,-17337000.0,500558000,,500558000,-78976000.0,421582000,43421000.0,465003000,465003000,540029000.0,1539923000.0,1254460000.0,4155698000.0,867205000.0,,5791359000.0,6658564000.0,10814262000,1800358000.0,60678000.0,1962092000.0,2110488000.0,4284580000.0,6246672000,4280734000.0,,1182228000.0,4567590000.0,10814262000,421582000.0,69488000.0,114004000.0,581649000.0,,,,,1207104000.0,-74207000.0,,,-96544000.0,-188694000.0,-429766000.0,-415576000.0,-1034036000.0,76982000,2019-12-31,99.36000061035156,99.7699966430664,99.12999725341795,99.66000366210938,95.87820434570312,1694100.0
2020-03-31,1881596000.0,-846436000.0,1035160000.0,-1006025000.0,-1006025000.0,,,29135000.0,-73787000.0,-23454000.0,-44652000,-382995000.0,-427647000,-87415000.0,-515062000,31286000.0,-483776000,-483776000,1369028000.0,1308051000.0,1293912000.0,5027016000.0,954406000.0,,5151829000.0,6106235000.0,11133251000,1667273000.0,1229830000.0,3023884000.0,2608269000.0,4752033000.0,7775917000,4280983000.0,,7309000.0,3357334000.0,11133251000,-483086000.0,72972000.0,618855000.0,-222272000.0,,,,,32901000.0,-108994000.0,,,-128091000.0,-186365000.0,1605193000.0,-479700000.0,931854000.0,814115000,2020-03-31,59.06000137329102,59.599998474121094,53.7400016784668,54.08000183105469,52.38638687133789,3254500.0
2020-06-30,1076293000.0,-506951000.0,569342000.0,-816151000.0,-816151000.0,,,-246809000.0,-66136000.0,-27949000.0,-312945000,,-312945000,35203000.0,-277742000,-7871000.0,-285613000,-285613000,2845111000.0,934984000.0,1402858000.0,6261137000.0,957309000.0,,5260599000.0,6217908000.0,12479045000,1603899000.0,20281000.0,1715463000.0,5609792000.0,7850984000.0,9566447000,4108227000.0,,-298088000.0,2912598000.0,12479045000,-277742000.0,63026000.0,148659000.0,55603000.0,,,,,-3188000.0,-69191000.0,,,-785155000.0,-186746000.0,1786312000.0,,1562661000.0,778444000,2020-06-30,59.91999816894531,61.11000061035156,59.099998474121094,60.93999862670898,59.45077514648438,2651000.0
