Report Date,Revenue,Cost of Revenue,Gross Profit,Operating Expenses,"Selling, General & Administrative",Research & Development,Depreciation & Amortization,Operating Income (Loss),Non-Operating Income (Loss),"Interest Expense, Net","Pretax Income (Loss), Adj.",Abnormal Gains (Losses),Pretax Income (Loss),"Income Tax (Expense) Benefit, Net",Income (Loss) from Continuing Operations,Net Extraordinary Gains (Losses),Net Income,Net Income (Common),"Cash, Cash Equivalents & Short Term Investments",Accounts & Notes Receivable,Inventories,Total Current Assets,"Property, Plant & Equipment, Net",Long Term Investments & Receivables,Other Long Term Assets,Total Noncurrent Assets,Total Assets,Payables & Accruals,Short Term Debt,Total Current Liabilities,Long Term Debt,Total Noncurrent Liabilities,Total Liabilities,Share Capital & Additional Paid-In Capital,Treasury Stock,Retained Earnings,Total Equity,Total Liabilities & Equity,Net Income/Starting Line,Depreciation & Amortization,Non-Cash Items,Change in Working Capital,Change in Accounts Receivable,Change in Inventories,Change in Accounts Payable,Change in Other,Net Cash from Operating Activities,Change in Fixed Assets & Intangibles,Net Change in Long Term Investment,Net Cash from Acquisitions & Divestitures,Net Cash from Investing Activities,Dividends Paid,Cash from (Repayment of) Debt,Cash from (Repurchase of) Equity,Net Cash from Financing Activities,Net Change in Cash,Price Date,Open,High,Low,Close,Adj Close,Volume
2010-09-30,3297000000.0,-1916000000.0,1381000000.0,-763000000.0,-624000000.0,,-139000000.0,618000000.0,-102000000.0,-126000000.0,516000000,-7000000.0,509000000,-179000000.0,317000000,,317000000,317000000,1072000000.0,3035500000.0,552300000.0,5678700000.0,2681800000.0,,18128100000.0,20809900000.0,26488600000,1423900000.0,570500000.0,4641000000.0,5966700000.0,12320600000.0,16961600000,43448400000.0,-3689200000.0,-29930500000.0,9526900000.0,26488500000,317000000.0,139000000.0,50000000.0,-183000000.0,,,,-183000000.0,323000000.0,-63000000.0,,15000000.0,-52000000.0,-34000000.0,-4000000.0,37000000.0,-37000000.0,234000000,2010-09-30,15.989999771118164,16.229999542236328,15.6899995803833,15.859999656677244,13.54220962524414,9914900.0
2010-12-31,3901000000.0,-2428000000.0,1473000000.0,-841000000.0,-702000000.0,,-139000000.0,632000000.0,-115000000.0,-128000000.0,517000000,-58000000.0,459000000,-172000000.0,283000000,0.0,283000000,283000000,480000000.0,3248000000.0,751000000.0,5395000000.0,2694000000.0,,18054000000.0,20748000000.0,26143000000,2061000000.0,27000000.0,4026000000.0,5973000000.0,12296000000.0,16322000000,43444000000.0,-3689000000.0,-29648000000.0,9821000000.0,26143000000,283000000.0,139000000.0,350000000.0,-611000000.0,-13000000.0,121000000.0,3000000.0,-722000000.0,161000000.0,-121000000.0,0.0,-1000000.0,-168000000.0,-34000000.0,-557000000.0,3000000.0,-585000000.0,-592000000,2010-12-31,19.040000915527344,19.21999931335449,18.959999084472656,19.049999237060547,16.311479568481445,2632000.0
2011-03-31,3510000000.0,-2276000000.0,1234000000.0,-797000000.0,-658000000.0,,-139000000.0,437000000.0,-99000000.0,-108000000.0,338000000,0.0,338000000,-122000000.0,202000000,,202000000,202000000,972000000.0,3146000000.0,438000000.0,5637000000.0,2642000000.0,,18093000000.0,20735000000.0,26372000000,1413000000.0,26000000.0,4195000000.0,5968000000.0,12397000000.0,16592000000,43428000000.0,-3936000000.0,-29446000000.0,9780000000.0,26372000000,202000000.0,139000000.0,50000000.0,503000000.0,,,,503000000.0,894000000.0,-41000000.0,,-40000000.0,-103000000.0,-37000000.0,-6000000.0,-240000000.0,-299000000.0,492000000,2011-03-31,25.979999542236328,25.989999771118164,24.979999542236328,25.040000915527344,21.4857177734375,14802200.0
2011-06-30,3586000000.0,-2030000000.0,1556000000.0,-822000000.0,-683000000.0,,-139000000.0,734000000.0,-104000000.0,-109000000.0,630000000,0.0,630000000,-230000000.0,395000000,,395000000,395000000,1346000000.0,3024000000.0,360000000.0,5695000000.0,2595000000.0,,17939000000.0,20534000000.0,26229000000,1235000000.0,31000000.0,3931000000.0,5964000000.0,12350000000.0,16281000000,43437000000.0,-4186000000.0,-29051000000.0,9948000000.0,26229000000,395000000.0,139000000.0,46000000.0,120000000.0,,,,120000000.0,700000000.0,-54000000.0,,-2000000.0,-68000000.0,-36000000.0,-1000000.0,-215000000.0,-258000000.0,374000000,2011-06-30,28.540000915527344,29.1299991607666,28.45000076293945,28.489999771118164,24.53843879699707,10356500.0
2011-09-30,3365000000.0,-1810000000.0,1555000000.0,-852000000.0,-718000000.0,,-134000000.0,703000000.0,-129000000.0,-108000000.0,574000000,0.0,574000000,-217000000.0,338000000,,338000000,338000000,947000000.0,3114000000.0,536000000.0,5466000000.0,2525000000.0,,18123000000.0,20648000000.0,26114000000,1346000000.0,30000000.0,3964000000.0,5961000000.0,12252000000.0,16216000000,43420000000.0,-4536000000.0,-28713000000.0,9898000000.0,26114000000,338000000.0,134000000.0,54000000.0,-440000000.0,,,,-440000000.0,86000000.0,-57000000.0,8000000.0,-18000000.0,-78000000.0,-67000000.0,-5000000.0,-337000000.0,-407000000.0,-399000000,2011-09-30,20.530000686645508,20.96999931335449,20.06999969482422,20.3799991607666,17.630111694335938,8732700.0
2011-12-31,3176000000.0,-1766000000.0,1410000000.0,-622000000.0,-539000000.0,,-83000000.0,788000000.0,-108000000.0,-104000000.0,680000000,-43000000.0,637000000,-182000000.0,456000000,-86000000.0,370000000,370000000,660000000.0,3254000000.0,735000000.0,5543000000.0,2510000000.0,,18144000000.0,20654000000.0,26197000000,1390000000.0,24000000.0,3933000000.0,5958000000.0,12356000000.0,16289000000,43396000000.0,-4706000000.0,-28343000000.0,9908000000.0,26197000000,456000000.0,83000000.0,516000000.0,-903000000.0,-10000000.0,-159000000.0,-107000000.0,-627000000.0,69000000.0,-93000000.0,4000000.0,3000000.0,-140000000.0,-66000000.0,-7000000.0,-148000000.0,-216000000.0,-287000000,2011-12-30,27.270000457763672,27.71999931335449,27.13999938964844,27.13999938964844,23.56783676147461,4222300.0
2012-03-31,3796000000.0,-2347000000.0,1449000000.0,-761000000.0,-642000000.0,,-119000000.0,688000000.0,-103000000.0,-108000000.0,585000000,14000000.0,599000000,-201000000.0,394000000,-31000000.0,363000000,363000000,794000000.0,3332000000.0,574000000.0,5783000000.0,2458000000.0,,18152000000.0,20610000000.0,26393000000,1519000000.0,22000000.0,4150000000.0,5902000000.0,12239000000.0,16389000000,43377000000.0,-4973000000.0,-27980000000.0,10004000000.0,26393000000,394000000.0,119000000.0,33000000.0,109000000.0,,,,109000000.0,646000000.0,-35000000.0,4000000.0,-69000000.0,-140000000.0,-69000000.0,-15000000.0,-224000000.0,-372000000.0,134000000,2012-03-30,32.97999954223633,33.939998626708984,32.959999084472656,33.90999984741211,29.545957565307614,15510600.0
2012-06-30,3329000000.0,-1753000000.0,1576000000.0,-784000000.0,-665000000.0,,-119000000.0,792000000.0,-100000000.0,-103000000.0,692000000,0.0,692000000,-228000000.0,452000000,-25000000.0,427000000,427000000,1888000000.0,2973000000.0,521000000.0,6382000000.0,2394000000.0,,18005000000.0,20399000000.0,26781000000,1065000000.0,901000000.0,4374000000.0,5900000000.0,12289000000.0,16663000000,43379000000.0,-5274000000.0,-27553000000.0,10118000000.0,26781000000,452000000.0,119000000.0,52000000.0,-10000000.0,,,,-10000000.0,612000000.0,-49000000.0,2000000.0,1000000.0,-54000000.0,-66000000.0,872000000.0,-269000000.0,536000000.0,1094000000,2012-06-29,32.5,32.779998779296875,32.130001068115234,32.779998779296875,28.651103973388672,6953200.0
2012-09-30,3266000000.0,-1717000000.0,1549000000.0,-761000000.0,-645000000.0,,-116000000.0,788000000.0,-96000000.0,-93000000.0,692000000,-57000000.0,635000000,-236000000.0,385000000,6000000.0,391000000,391000000,947000000.0,3202000000.0,685000000.0,5788000000.0,2372000000.0,,18232000000.0,20604000000.0,26392000000,1146000000.0,20000000.0,3663000000.0,5907000000.0,12440000000.0,16103000000,43430000000.0,-5575000000.0,-27162000000.0,10289000000.0,26392000000,385000000.0,116000000.0,49000000.0,-313000000.0,,,,-313000000.0,222000000.0,-55000000.0,5000000.0,44000000.0,-25000000.0,-64000000.0,-888000000.0,-206000000.0,-1138000000.0,-941000000,2012-09-28,35.779998779296875,36.349998474121094,35.689998626708984,36.33000183105469,31.861480712890625,9620300.0
2012-12-31,2429000000.0,-1447000000.0,982000000.0,-442000000.0,-490000000.0,,48000000.0,540000000.0,-90000000.0,-92000000.0,450000000,-19000000.0,431000000,-147000000.0,277000000,116000000.0,393000000,393000000,708000000.0,3137000000.0,859000000.0,5720000000.0,2271000000.0,,18475000000.0,20746000000.0,26466000000,1851000000.0,18000000.0,3941000000.0,5904000000.0,12312000000.0,16253000000,43425000000.0,-5874000000.0,-26769000000.0,10213000000.0,26466000000,277000000.0,-48000000.0,507000000.0,-736000000.0,-237000000.0,-414000000.0,-25000000.0,-60000000.0,335000000.0,-61000000.0,2000000.0,-73000000.0,-232000000.0,-77000000.0,-5000000.0,-270000000.0,-342000000.0,-239000000,2012-12-31,36.72000122070313,38.099998474121094,36.68999862670898,38.04999923706055,33.48261260986328,7391300.0
2013-03-31,4040000000.0,-2474000000.0,1566000000.0,-766000000.0,-650000000.0,,-116000000.0,800000000.0,-95000000.0,-93000000.0,705000000,,705000000,-234000000.0,463000000,-20000000.0,443000000,443000000,409000000.0,3130000000.0,569000000.0,5259000000.0,2215000000.0,,18637000000.0,20852000000.0,26111000000,1229000000.0,566000000.0,4440000000.0,5901000000.0,12277000000.0,16717000000,43216000000.0,-6930000000.0,-26326000000.0,9394000000.0,26111000000,463000000.0,116000000.0,71000000.0,-40000000.0,,,,-40000000.0,587000000.0,-34000000.0,12000000.0,2000000.0,-54000000.0,-81000000.0,546000000.0,-1231000000.0,-832000000.0,-299000000,2013-03-28,46.349998474121094,46.79999923706055,46.11999893188477,46.68999862670898,41.19583129882813,5955500.0
2013-06-30,3369000000.0,-1892000000.0,1477000000.0,-702000000.0,-629000000.0,,-73000000.0,775000000.0,-98000000.0,-92000000.0,677000000,,677000000,-234000000.0,435000000,37000000.0,472000000,472000000,282000000.0,2998000000.0,449000000.0,4770000000.0,2228000000.0,,18695000000.0,20923000000.0,25693000000,898000000.0,474000000.0,3825000000.0,5949000000.0,12267000000.0,16092000000,43451000000.0,-7431000000.0,-25854000000.0,9601000000.0,25693000000,422000000.0,31000000.0,58000000.0,-112000000.0,,,,-112000000.0,464000000.0,-34000000.0,6000000.0,-21000000.0,-176000000.0,-74000000.0,-103000000.0,-250000000.0,-415000000.0,-127000000,2013-06-28,48.70000076293945,49.5,48.65999984741211,48.86999893188477,43.22688293457031,9526300.0
2013-09-30,3302000000.0,-1801000000.0,1501000000.0,-737000000.0,-667000000.0,,-70000000.0,764000000.0,-85000000.0,-91000000.0,679000000,0.0,679000000,-226000000.0,431000000,63000000.0,494000000,494000000,226000000.0,3221000000.0,554000000.0,4892000000.0,2200000000.0,,18803000000.0,21003000000.0,25895000000,995000000.0,362000000.0,3753000000.0,5944000000.0,12471000000.0,16224000000,43464000000.0,-7710000000.0,-25360000000.0,9671000000.0,25895000000,431000000.0,70000000.0,78000000.0,-189000000.0,,,,-189000000.0,269000000.0,-44000000.0,2000000.0,184000000.0,114000000.0,-73000000.0,-115000000.0,-262000000.0,-439000000.0,-56000000,2013-09-30,54.97000122070313,55.59000015258789,54.84000015258789,55.15999984741211,48.89934158325195,5730300.0
2013-12-31,3294000000.0,-1957000000.0,1337000000.0,-631000000.0,-600000000.0,,-31000000.0,706000000.0,-82000000.0,-91000000.0,624000000,-20000000.0,604000000,-184000000.0,409000000,61000000.0,470000000,470000000,368000000.0,3234000000.0,772000000.0,5370000000.0,1461000000.0,,19556000000.0,21017000000.0,26387000000,1709000000.0,495000000.0,4207000000.0,5940000000.0,12214000000.0,16421000000,43475000000.0,-8074000000.0,-24890000000.0,9966000000.0,26387000000,422000000.0,73000000.0,502000000.0,-617000000.0,-777000000.0,48000000.0,-135000000.0,247000000.0,553000000.0,-100000000.0,-13000000.0,-21000000.0,-156000000.0,-72000000.0,130000000.0,-296000000.0,-226000000.0,171000000,2013-12-31,63.65999984741211,64.05999755859375,63.36000061035156,63.7400016784668,56.620872497558594,3884000.0
2014-03-31,3570000000.0,-2121000000.0,1449000000.0,-658000000.0,-587000000.0,,-71000000.0,791000000.0,-85000000.0,-90000000.0,706000000,,706000000,-234000000.0,462000000,6000000.0,468000000,468000000,311000000.0,3301000000.0,541000000.0,5077000000.0,2179000000.0,,18859000000.0,21038000000.0,26115000000,1090000000.0,546000000.0,4072000000.0,7448000000.0,13576000000.0,17648000000,43226000000.0,-9794000000.0,-24422000000.0,8467000000.0,26115000000,462000000.0,71000000.0,52000000.0,-37000000.0,,,,-37000000.0,501000000.0,-28000000.0,,6000000.0,-65000000.0,-75000000.0,-39000000.0,-1956000000.0,-522000000.0,-86000000,2014-03-31,62.38000106811523,62.68999862670898,61.66999816894531,61.79999923706055,54.99525451660156,6177300.0
2014-06-30,3188000000.0,-1798000000.0,1390000000.0,-660000000.0,-589000000.0,,-71000000.0,730000000.0,-85000000.0,-91000000.0,645000000,0.0,645000000,-217000000.0,418000000,21000000.0,439000000,439000000,261000000.0,3002000000.0,940000000.0,5392000000.0,1424000000.0,,19500000000.0,20924000000.0,26316000000,646000000.0,401000000.0,3321000000.0,5846000000.0,13721000000.0,17042000000,43991000000.0,-10484000000.0,-23983000000.0,9274000000.0,26316000000,418000000.0,71000000.0,60000000.0,-504000000.0,,,,-504000000.0,123000000.0,-41000000.0,3000000.0,-1000000.0,-84000000.0,-70000000.0,-162000000.0,-320000000.0,134000000.0,173000000,2014-06-30,61.29999923706055,62.4000015258789,61.27000045776367,62.13999938964844,55.40774917602539,11778700.0
2014-09-30,3367000000.0,-1936000000.0,1431000000.0,-685000000.0,-617000000.0,,-68000000.0,746000000.0,-106000000.0,-85000000.0,640000000,-430000000.0,210000000,-110000000.0,72000000,1567000000.0,1639000000,1639000000,178000000.0,3378000000.0,1136000000.0,5404000000.0,1394000000.0,,16657000000.0,18051000000.0,23455000000,776000000.0,451000000.0,3397000000.0,6508000000.0,12532000000.0,15929000000,44023000000.0,-13606000000.0,-22344000000.0,7526000000.0,23455000000,72000000.0,68000000.0,113000000.0,-610000000.0,,,,-610000000.0,-336000000.0,-43000000.0,-3000000.0,-25000000.0,-319000000.0,-69000000.0,721000000.0,-317000000.0,349000000.0,-306000000,2014-09-30,54.41999816894531,54.47000122070313,53.4900016784668,53.5,47.82458114624024,10307500.0
2014-12-31,2394000000.0,-1834000000.0,560000000.0,-218000000.0,-178000000.0,,-40000000.0,342000000.0,-104000000.0,-84000000.0,238000000,59000000.0,297000000,-98000000.0,199000000,214000000.0,413000000,413000000,428000000.0,3459000000.0,922000000.0,5485000000.0,1433000000.0,,17017000000.0,18450000000.0,23935000000,1644000000.0,636000000.0,4033000000.0,6476000000.0,12932000000.0,16965000000,44042000000.0,-14406000000.0,-21931000000.0,6970000000.0,23935000000,199000000.0,40000000.0,550000000.0,-109000000.0,-599000000.0,-214000000.0,-152000000.0,856000000.0,987000000.0,-66000000.0,12000000.0,22000000.0,-133000000.0,-78000000.0,1749000000.0,-719000000.0,-604000000.0,250000000,2014-12-31,56.0,56.33000183105469,55.25,55.34000015258789,49.60818862915039,3361700.0
2015-03-31,3500000000.0,-2142000000.0,1358000000.0,-637000000.0,-588000000.0,,-68000000.0,721000000.0,-111000000.0,-88000000.0,610000000,,610000000,-203000000.0,394000000,,394000000,394000000,331000000.0,3295000000.0,764000000.0,5220000000.0,1394000000.0,,17172000000.0,18566000000.0,23786000000,810000000.0,21000000.0,3092000000.0,7693000000.0,14297000000.0,17389000000,44069000000.0,-15406000000.0,-21537000000.0,6397000000.0,23786000000,394000000.0,68000000.0,59000000.0,-104000000.0,,,,-104000000.0,417000000.0,-17000000.0,,58000000.0,2000000.0,-80000000.0,558000000.0,-969000000.0,-516000000.0,-97000000,2015-03-31,61.61999893188477,61.81000137329102,60.47999954223633,60.63000106811523,54.48516464233398,6534800.0
2015-06-30,3219000000.0,-1907000000.0,1312000000.0,-671000000.0,-605000000.0,,-66000000.0,641000000.0,-83000000.0,-87000000.0,558000000,-55000000.0,503000000,-165000000.0,332000000,,332000000,332000000,320000000.0,3124000000.0,1156000000.0,5232000000.0,1376000000.0,,17054000000.0,18430000000.0,23662000000,813000000.0,414000000.0,3467000000.0,7686000000.0,14232000000.0,17699000000,44091000000.0,-16205000000.0,-21205000000.0,5963000000.0,23662000000,332000000.0,66000000.0,52000000.0,14000000.0,,,,14000000.0,446000000.0,-29000000.0,,0.0,-44000000.0,-75000000.0,390000000.0,-740000000.0,-413000000.0,-11000000,2015-06-30,57.7400016784668,57.7400016784668,55.27999877929688,55.5,49.99736785888672,4208500.0
2015-09-30,3257000000.0,-1842000000.0,1415000000.0,-662000000.0,-597000000.0,,-65000000.0,753000000.0,-100000000.0,-96000000.0,653000000,0.0,653000000,-211000000.0,426000000,,426000000,426000000,133000000.0,3397000000.0,1420000000.0,5555000000.0,1374000000.0,,17310000000.0,18684000000.0,24239000000,855000000.0,323000000.0,3432000000.0,8476000000.0,14928000000.0,18360000000,44077000000.0,-16705000000.0,-20779000000.0,5879000000.0,24239000000,426000000.0,65000000.0,54000000.0,-776000000.0,,,,-776000000.0,-240000000.0,-58000000.0,,10000000.0,-64000000.0,-73000000.0,685000000.0,-499000000.0,117000000.0,-187000000,2015-09-30,39.36000061035156,40.04999923706055,39.20000076293945,39.900001525878906,36.070106506347656,8439000.0
2015-12-31,2695000000.0,-2020000000.0,675000000.0,-87000000.0,-171000000.0,,-36000000.0,588000000.0,-100000000.0,-97000000.0,488000000,10000000.0,498000000,-97000000.0,402000000,-141000000.0,261000000,261000000,317000000.0,3375000000.0,1270000000.0,5747000000.0,1253000000.0,,16765000000.0,18018000000.0,23765000000,1398000000.0,222000000.0,3560000000.0,8226000000.0,14642000000.0,18202000000,44056000000.0,-17205000000.0,-20518000000.0,5563000000.0,23765000000,402000000.0,36000000.0,335000000.0,-234000000.0,-376000000.0,-498000000.0,-220000000.0,860000000.0,771000000.0,-67000000.0,80000000.0,303000000.0,260000000.0,-72000000.0,-307000000.0,-463000000.0,-841000000.0,190000000,2015-12-31,46.4900016784668,47.52000045776367,46.34000015258789,47.13000106811523,42.7347526550293,3163600.0
2016-03-31,3588000000.0,-2272000000.0,1316000000.0,-551000000.0,-503000000.0,,-57000000.0,765000000.0,-96000000.0,-93000000.0,669000000,,669000000,-206000000.0,442000000,31000000.0,473000000,473000000,411000000.0,3678000000.0,822000000.0,5534000000.0,1376000000.0,,16591000000.0,17967000000.0,23501000000,977000000.0,23000000.0,3384000000.0,8226000000.0,14634000000.0,18018000000,43991000000.0,-17704000000.0,-20045000000.0,5483000000.0,23501000000,442000000.0,57000000.0,61000000.0,363000000.0,,,,363000000.0,1028000000.0,-34000000.0,,-29000000.0,-98000000.0,-73000000.0,-204000000.0,-527000000.0,-842000000.0,88000000,2016-03-31,54.68999862670898,55.38000106811523,54.68999862670898,55.09000015258789,50.09923934936523,4502500.0
2016-06-30,2976000000.0,-1758000000.0,1218000000.0,-567000000.0,-510000000.0,,-57000000.0,651000000.0,-96000000.0,-92000000.0,555000000,,555000000,-173000000.0,373000000,50000000.0,423000000,423000000,176000000.0,3243000000.0,1224000000.0,5096000000.0,1356000000.0,,16686000000.0,18042000000.0,23138000000,674000000.0,186000000.0,3087000000.0,8223000000.0,14663000000.0,17750000000,43965000000.0,-18205000000.0,-19622000000.0,5388000000.0,23138000000,373000000.0,57000000.0,54000000.0,-268000000.0,,,,-268000000.0,223000000.0,-35000000.0,,-3000000.0,-44000000.0,-69000000.0,160000000.0,-496000000.0,-414000000.0,-235000000,2016-06-30,53.27999877929688,54.43999862670898,52.97000122070313,54.43999862670898,49.64729690551758,4332100.0
2016-09-30,3084000000.0,-1788000000.0,1296000000.0,-575000000.0,-521000000.0,,-54000000.0,721000000.0,-97000000.0,-97000000.0,624000000,0.0,624000000,-145000000.0,466000000,12000000.0,478000000,478000000,179000000.0,3348000000.0,1459000000.0,5457000000.0,1345000000.0,,17046000000.0,18391000000.0,23848000000,808000000.0,55000000.0,3098000000.0,8902000000.0,15402000000.0,18500000000,43936000000.0,-18705000000.0,-19144000000.0,5348000000.0,23848000000,466000000.0,54000000.0,56000000.0,-598000000.0,,,,-598000000.0,55000000.0,-42000000.0,0.0,1000000.0,-39000000.0,-67000000.0,550000000.0,-498000000.0,-13000000.0,3000000,2016-09-30,54.81999969482422,54.959999084472656,54.11000061035156,54.7400016784668,50.09513473510742,8244000.0
2016-12-31,3518000000.0,-2138000000.0,1380000000.0,-647000000.0,-590000000.0,,-57000000.0,733000000.0,-102000000.0,-97000000.0,631000000,-249000000.0,382000000,-104000000.0,271000000,-384000000.0,-113000000,-113000000,598000000.0,3314000000.0,1427000000.0,6063000000.0,1241000000.0,,16934000000.0,18175000000.0,24238000000,807000000.0,473000000.0,3708000000.0,8902000000.0,16841000000.0,20549000000,43914000000.0,-20201000000.0,-19257000000.0,3689000000.0,24238000000,271000000.0,57000000.0,173000000.0,-164000000.0,36000000.0,-804000000.0,23000000.0,581000000.0,379000000.0,-85000000.0,0.0,-41000000.0,-159000000.0,-79000000.0,1753000000.0,-1455000000.0,223000000.0,443000000,2016-12-30,64.55000305175781,64.70999908447266,63.2400016784668,63.61999893188477,58.39352035522461,3811600.0
2017-03-31,3343000000.0,-2074000000.0,1269000000.0,-565000000.0,-510000000.0,,-55000000.0,704000000.0,-95000000.0,-96000000.0,609000000,,609000000,-138000000.0,454000000,-706000000.0,-252000000,-252000000,163000000.0,3478000000.0,1201000000.0,5620000000.0,1220000000.0,,16182000000.0,17402000000.0,23022000000,909000000.0,53000000.0,3424000000.0,8900000000.0,16713000000.0,20137000000,43848000000.0,-20701000000.0,-19509000000.0,2885000000.0,23022000000,454000000.0,55000000.0,57000000.0,112000000.0,,,,112000000.0,719000000.0,-27000000.0,,-20000000.0,-89000000.0,-77000000.0,-427000000.0,-495000000.0,-1082000000.0,-452000000,2017-03-31,69.16000366210939,69.45999908447266,68.69000244140625,69.36000061035156,63.83108901977539,2828700.0
2017-06-30,3257000000.0,-2004000000.0,1253000000.0,-563000000.0,-507000000.0,,-56000000.0,690000000.0,-112000000.0,-96000000.0,578000000,0.0,578000000,-169000000.0,397000000,-339000000.0,58000000,58000000,170000000.0,3299000000.0,1560000000.0,5686000000.0,1214000000.0,,15753000000.0,16967000000.0,22653000000,609000000.0,286000000.0,3230000000.0,8898000000.0,16796000000.0,20026000000,43821000000.0,-21002000000.0,-19451000000.0,2627000000.0,22653000000,397000000.0,56000000.0,57000000.0,-279000000.0,,,,-279000000.0,219000000.0,-41000000.0,,-1000000.0,-63000000.0,-74000000.0,251000000.0,-311000000.0,-147000000.0,9000000,2017-06-30,63.88999938964844,64.18000030517578,63.34000015258789,63.77999877929688,58.86996841430664,2391200.0
2017-09-30,3171000000.0,-1862000000.0,1309000000.0,-580000000.0,-525000000.0,,-55000000.0,729000000.0,-118000000.0,-99000000.0,611000000,-5000000.0,606000000,-172000000.0,418000000,174000000.0,592000000,592000000,144000000.0,3598000000.0,1830000000.0,6294000000.0,1208000000.0,,16392000000.0,17600000000.0,23894000000,1054000000.0,609000000.0,4052000000.0,9080000000.0,16848000000.0,20900000000,43831000000.0,-21252000000.0,-18859000000.0,2994000000.0,23894000000,418000000.0,55000000.0,60000000.0,-507000000.0,,,,-507000000.0,49000000.0,-44000000.0,10000000.0,-226000000.0,-265000000.0,-73000000.0,508000000.0,-224000000.0,211000000.0,-5000000,2017-09-29,57.06000137329102,58.099998474121094,56.90999984741211,58.0,53.69086456298828,5982400.0
2017-12-31,3921000000.0,-2498000000.0,1423000000.0,-622000000.0,-584000000.0,,-57000000.0,801000000.0,-156000000.0,-102000000.0,645000000,-459000000.0,186000000,-154000000.0,40000000,-81000000.0,-41000000,-41000000,285000000.0,3697000000.0,1828000000.0,6273000000.0,1246000000.0,,13324000000.0,14570000000.0,20843000000,1525000000.0,698000000.0,3972000000.0,9464000000.0,14893000000.0,18865000000,43798000000.0,-22258000000.0,-18900000000.0,1978000000.0,20843000000,40000000.0,57000000.0,-112000000.0,-127000000.0,-268000000.0,-728000000.0,-30000000.0,899000000.0,-100000000.0,-73000000.0,0.0,-12000000.0,-130000000.0,-72000000.0,405000000.0,10000000.0,341000000.0,111000000,2017-12-29,59.290000915527344,59.43999862670898,58.86999893188477,59.0,54.788978576660156,2335000.0
2018-03-31,3761000000.0,-2400000000.0,1361000000.0,-580000000.0,-524000000.0,,-56000000.0,781000000.0,-112000000.0,-101000000.0,669000000,-9000000.0,660000000,-135000000.0,511000000,,511000000,511000000,147000000.0,3820000000.0,1593000000.0,6191000000.0,1259000000.0,,13141000000.0,14400000000.0,20591000000,1059000000.0,236000000.0,4069000000.0,9470000000.0,14539000000.0,18608000000,43744000000.0,-22458000000.0,-18650000000.0,1983000000.0,20591000000,511000000.0,56000000.0,58000000.0,92000000.0,,,,92000000.0,717000000.0,-30000000.0,,0.0,-90000000.0,-71000000.0,-466000000.0,-170000000.0,-765000000.0,-138000000,2018-03-29,51.9000015258789,52.08000183105469,50.6500015258789,51.38999938964844,47.88753890991211,4046100.0
2018-06-30,3466000000.0,-2184000000.0,1282000000.0,-588000000.0,-532000000.0,,-56000000.0,694000000.0,-126000000.0,-102000000.0,568000000,-35000000.0,533000000,-113000000.0,400000000,,400000000,400000000,252000000.0,3597000000.0,1876000000.0,6048000000.0,1237000000.0,,13100000000.0,14337000000.0,20385000000,861000000.0,386000000.0,3784000000.0,9464000000.0,14434000000.0,18218000000,43721000000.0,-22658000000.0,-18250000000.0,2167000000.0,20385000000,400000000.0,56000000.0,67000000.0,-195000000.0,,,,-195000000.0,326000000.0,-32000000.0,,-29000000.0,-93000000.0,-69000000.0,149000000.0,-202000000.0,-128000000.0,105000000,2018-06-29,56.11999893188477,56.75,55.79999923706055,56.22000122070313,52.57524108886719,2435400.0
2018-09-30,3263000000.0,-1922000000.0,1341000000.0,-605000000.0,-549000000.0,,-56000000.0,736000000.0,-120000000.0,-103000000.0,616000000,-46000000.0,570000000,-64000000.0,488000000,,488000000,488000000,182000000.0,3697000000.0,1828000000.0,6040000000.0,1222000000.0,,13806000000.0,15028000000.0,21068000000,959000000.0,388000000.0,3993000000.0,9465000000.0,14561000000.0,18554000000,43669000000.0,-22759000000.0,-17762000000.0,2514000000.0,21068000000,488000000.0,56000000.0,32000000.0,-442000000.0,,,,-442000000.0,137000000.0,-37000000.0,0.0,0.0,-36000000.0,-68000000.0,0.0,-102000000.0,-171000000.0,-70000000,2018-09-28,56.40999984741211,57.58000183105469,56.11000061035156,57.45000076293945,53.90312957763672,2744500.0
2018-12-31,15935000000.0,-8893000000.0,7042000000.0,-3702000000.0,-3443000000.0,,-259000000.0,3340000000.0,-685000000.0,-645000000.0,2655000000,-434000000.0,2221000000,-268000000.0,1958000000,135000000.0,2056000000,2056000000,322000000.0,4041000000.0,1988000000.0,6752000000.0,1209000000.0,,13898000000.0,15107000000.0,21859000000,1773000000.0,687000000.0,4573000000.0,9465000000.0,14482000000.0,19055000000,43638000000.0,-22858000000.0,-17201000000.0,2804000000.0,21859000000,1958000000.0,259000000.0,11788000000.0,-11860000000.0,-389000000.0,-12185000000.0,-145000000.0,859000000.0,2284000000.0,-207000000.0,-161000000.0,-89000000.0,-392000000.0,-391000000.0,-790000000.0,-83000000.0,-1467000000.0,400000000,2018-12-31,43.75,43.84000015258789,42.810001373291016,43.72000122070313,41.16580581665039,3278900.0
2019-03-31,4167000000.0,-2748000000.0,1419000000.0,-626000000.0,-573000000.0,,-53000000.0,793000000.0,-124000000.0,-103000000.0,669000000,435000000.0,1104000000,496000000.0,1583000000,,1583000000,1583000000,500000000.0,4147000000.0,1533000000.0,6732000000.0,1194000000.0,,16149000000.0,17343000000.0,24075000000,1573000000.0,0.0,4492000000.0,9358000000.0,15234000000.0,19726000000,43584000000.0,-22858000000.0,-15442000000.0,4350000000.0,24076000000,1583000000.0,53000000.0,-1198000000.0,,,,,,438000000.0,-27000000.0,,702000000.0,635000000.0,-70000000.0,-784000000.0,-3000000.0,-894000000.0,179000000,2019-03-29,47.52999877929688,47.91999816894531,47.13999938964844,47.52999877929688,44.91775131225586,3071000.0
2019-06-30,3809000000.0,-2509000000.0,1300000000.0,-598000000.0,-545000000.0,,-53000000.0,702000000.0,-124000000.0,-103000000.0,578000000,-7000000.0,571000000,-119000000.0,440000000,,440000000,440000000,216000000.0,3795000000.0,1945000000.0,6336000000.0,1177000000.0,,16322000000.0,17499000000.0,23835000000,1134000000.0,0.0,3843000000.0,9359000000.0,15239000000.0,19082000000,43536000000.0,-22858000000.0,-15002000000.0,4754000000.0,23836000000,440000000.0,53000000.0,-617000000.0,,,,,,-124000000.0,-33000000.0,15000000.0,-5000000.0,-53000000.0,-68000000.0,-3000000.0,0.0,-106000000.0,-283000000,2019-06-28,48.81000137329102,49.9000015258789,48.72999954223633,49.9000015258789,47.33338165283203,3531600.0
2019-09-30,6698000000.0,-3959000000.0,2739000000.0,-1581000000.0,-1473000000.0,,-108000000.0,1158000000.0,-254000000.0,-227000000.0,904000000,-122000000.0,782000000,-126000000.0,642000000,4000000.0,630000000,630000000,196000000.0,3685000000.0,1964000000.0,6273000000.0,1171000000.0,,17032000000.0,18203000000.0,24476000000,1317000000.0,50000000.0,4122000000.0,9359000000.0,15302000000.0,19424000000,43512000000.0,-22858000000.0,-14683000000.0,5053000000.0,24477000000,1547000000.0,217000000.0,-389000000.0,,,,,,1375000000.0,-191000000.0,-152000000.0,-326000000.0,-593000000.0,-308000000.0,-165000000.0,-11000000.0,-560000000.0,206000000,2019-09-30,40.45000076293945,40.72999954223633,40.2400016784668,40.36999893188477,38.45220184326172,2987300.0
2019-12-31,12324000000.0,-7497000000.0,4827000000.0,-3114000000.0,-2890000000.0,,-224000000.0,1713000000.0,-506000000.0,-463000000.0,1207000000,-441000000.0,766000000,-222000000.0,534000000,136000000.0,655000000,655000000,632000000.0,6837000000.0,2813000000.0,11902000000.0,2045000000.0,,35638000000.0,37683000000.0,49585000000,3861000000.0,717000000.0,9048000000.0,18002000000.0,26994000000.0,36042000000,29591000000.0,-22908000000.0,8494000000.0,13543000000.0,49585000000,-371000000.0,115000000.0,13706000000.0,-13968000000.0,-247000000.0,-14215000000.0,302000000.0,192000000.0,-459000000.0,662000000.0,-34000000.0,-770000000.0,-144000000.0,-149000000.0,559000000.0,-28000000.0,344000000.0,-244000000,2019-12-31,41.47000122070313,42.09000015258789,41.22000122070313,41.97000122070313,39.9761962890625,3993000.0
2020-03-31,6499000000.0,,6499000000.0,-5366000000.0,-1298000000.0,,-112000000.0,1133000000.0,-255000000.0,-227000000.0,878000000,-231000000.0,647000000,-134000000.0,504000000,15000000.0,516000000,516000000,589000000.0,7199000000.0,1431000000.0,10406000000.0,2028000000.0,,36611000000.0,38639000000.0,49045000000,3567000000.0,532000000.0,8531000000.0,18005000000.0,26723000000.0,35254000000,29634000000.0,-22958000000.0,8827000000.0,13791000000.0,49045000000,504000000.0,112000000.0,249000000.0,-508000000.0,,,,-508000000.0,356000000.0,-51000000.0,100000000.0,,49000000.0,-152000000.0,-186000000.0,-53000000.0,-479000000.0,-103000000,2020-03-31,14.06999969482422,14.890000343322756,13.859999656677244,14.010000228881836,13.545873641967773,16262900.0
2020-06-30,6075000000.0,,6075000000.0,-4666000000.0,-1183000000.0,,-122000000.0,1409000000.0,-278000000.0,-252000000.0,1131000000,-229000000.0,902000000,-192000000.0,698000000,28000000.0,481000000,481000000,2288000000.0,7139000000.0,1837000000.0,12439000000.0,1995000000.0,,36754000000.0,38749000000.0,51188000000,3164000000.0,364000000.0,7985000000.0,19704000000.0,28379000000.0,36364000000,29681000000.0,-22958000000.0,9150000000.0,14824000000.0,51188000000,698000000.0,122000000.0,214000000.0,-233000000.0,,,,-233000000.0,795000000.0,66000000.0,-160000000.0,-141000000.0,-236000000.0,-149000000.0,1323000000.0,-5000000.0,1128000000.0,1699000000,2020-06-30,23.239999771118164,23.45000076293945,22.53000068664551,23.31999969482422,22.77920150756836,9886200.0
