Report Date,Revenue,Cost of Revenue,Gross Profit,Operating Expenses,"Selling, General & Administrative",Research & Development,Depreciation & Amortization,Operating Income (Loss),Non-Operating Income (Loss),"Interest Expense, Net","Pretax Income (Loss), Adj.",Abnormal Gains (Losses),Pretax Income (Loss),"Income Tax (Expense) Benefit, Net",Income (Loss) from Continuing Operations,Net Extraordinary Gains (Losses),Net Income,Net Income (Common),"Cash, Cash Equivalents & Short Term Investments",Accounts & Notes Receivable,Inventories,Total Current Assets,"Property, Plant & Equipment, Net",Long Term Investments & Receivables,Other Long Term Assets,Total Noncurrent Assets,Total Assets,Payables & Accruals,Short Term Debt,Total Current Liabilities,Long Term Debt,Total Noncurrent Liabilities,Total Liabilities,Share Capital & Additional Paid-In Capital,Treasury Stock,Retained Earnings,Total Equity,Total Liabilities & Equity,Net Income/Starting Line,Depreciation & Amortization,Non-Cash Items,Change in Working Capital,Change in Accounts Receivable,Change in Inventories,Change in Accounts Payable,Change in Other,Net Cash from Operating Activities,Change in Fixed Assets & Intangibles,Net Change in Long Term Investment,Net Cash from Acquisitions & Divestitures,Net Cash from Investing Activities,Dividends Paid,Cash from (Repayment of) Debt,Cash from (Repurchase of) Equity,Net Cash from Financing Activities,Net Change in Cash,Price Date,Open,High,Low,Close,Adj Close,Volume
2009-03-31,600294000.0,-522687000.0,77607000.0,-81436000.0,-79717000.0,,,-3829000.0,-44199000.0,-43124000.0,-48028000,2503000.0,-45525000,13270000.0,-32255000,-525000.0,-32780000,-32780000,58976000.0,330063000.0,361820000.0,882141000.0,4089668000.0,28011000.0,3838199000.0,7955878000.0,8838019000,293371000.0,978689000.0,1272060000.0,2536211000.0,4081613000.0,5353673000,1861244000.0,,1806603000.0,3484346000.0,8838019000,-32780000.0,99315000.0,2252000.0,36311000.0,,,,,105098000.0,-22568000.0,,11537000.0,14608000.0,-54069000.0,-34898000.0,9555000.0,-82454000.0,37252000,2009-03-31,44.47999954223633,45.11999893188477,43.95000076293945,44.290000915527344,38.99299240112305,1236900.0
2009-06-30,721859000.0,-576025000.0,145834000.0,-80804000.0,-79353000.0,,,65030000.0,-40491000.0,-43386000.0,24539000,654000.0,25193000,-9632000.0,15561000,6651000.0,22212000,22212000,50466000.0,385501000.0,363583000.0,927055000.0,4028248000.0,30614000.0,3864410000.0,7923272000.0,8850327000,275847000.0,472717000.0,748564000.0,2521190000.0,4067528000.0,4816092000,2441496000.0,,1774113000.0,4034235000.0,8850327000,22211000.0,99600000.0,14654000.0,-72161000.0,,,,,64304000.0,-33482000.0,,-36980000.0,-64797000.0,-54683000.0,-521079000.0,572379000.0,-3242000.0,-3735000,2009-06-30,43.43000030517578,44.0,42.9900016784668,43.099998474121094,38.38938903808594,1929600.0
2009-09-30,778192000.0,-623712000.0,154480000.0,-79272000.0,-79558000.0,,,75208000.0,-40763000.0,-43519000.0,34445000,7496000.0,41941000,5983000.0,47924000,6308000.0,54232000,54232000,53350000.0,399013000.0,331695000.0,885491000.0,3965260000.0,31424000.0,3880993000.0,7877677000.0,8763168000,329055000.0,346778000.0,675833000.0,2506170000.0,4001807000.0,4677640000,2468166000.0,,1797036000.0,4085528000.0,8763168000,54232000.0,99243000.0,-55750000.0,87695000.0,,,,,185420000.0,-31716000.0,,4538000.0,-27216000.0,-31296000.0,-141036000.0,16153000.0,-155368000.0,2836000,2009-09-30,54.97000122070313,55.0099983215332,53.29999923706055,54.06999969482422,48.40385818481445,1259200.0
2009-12-31,590145000.0,-522104000.0,68041000.0,-83102000.0,-82980000.0,,,-15061000.0,-42220000.0,-42951000.0,-57281000,16451000.0,-40830000,28248000.0,-12582000,-768000.0,-13350000,-13350000,26376000.0,254753000.0,325033000.0,732889000.0,3874671000.0,33283000.0,3884028000.0,7791982000.0,8524871000,234433000.0,621893000.0,856695000.0,2116120000.0,3630939000.0,4487634000,2494140000.0,,1737455000.0,4037237000.0,8524871000,-13349000.0,96454000.0,-23322000.0,38430000.0,,,,,98213000.0,-4213000.0,,0.0,-2597000.0,-31420000.0,-115014000.0,25786000.0,-119898000.0,-24282000,2009-12-31,53.61000061035156,53.72000122070313,52.66999816894531,52.66999816894531,47.38861465454102,547000.0
2010-03-31,493264000.0,-492370000.0,894000.0,-86035000.0,-86495000.0,,,-85141000.0,-41916000.0,-43294000.0,-127057000,48371000.0,-78686000,34212000.0,-44474000,5727000.0,-38747000,-38747000,40049000.0,291412000.0,307601000.0,755672000.0,3793041000.0,33298000.0,3884792000.0,7711131000.0,8466803000,283453000.0,625344000.0,909222000.0,2101147000.0,3509366000.0,4418588000,2572425000.0,,1666839000.0,4048215000.0,8466803000,-38747000.0,94197000.0,-95554000.0,46543000.0,,,,,6439000.0,-18705000.0,,51064000.0,28687000.0,-31600000.0,-11606000.0,21355000.0,-21451000.0,13675000,2010-03-31,47.61000061035156,47.93999862670898,47.04999923706055,47.2400016784668,42.73958969116211,723000.0
2010-06-30,736152000.0,-613817000.0,122335000.0,-82487000.0,-83376000.0,,,39848000.0,-44956000.0,-43723000.0,-5108000,-38638000.0,-43746000,21231000.0,-22515000,-1477000.0,-23992000,-23992000,46083000.0,389323000.0,311340000.0,856903000.0,3717015000.0,34078000.0,3878969000.0,7630062000.0,8486965000,328420000.0,745300000.0,1074129000.0,2001180000.0,3383517000.0,4457646000,2605942000.0,,1610835000.0,4029319000.0,8486965000,-23992000.0,97279000.0,-17112000.0,-43958000.0,,,,,12217000.0,-20229000.0,,-110000.0,-20696000.0,-32000000.0,19906000.0,26556000.0,14712000.0,6233000,2010-06-30,44.22999954223633,44.709999084472656,43.72999954223633,43.83000183105469,39.856353759765625,1019000.0
2010-09-30,743204000.0,-616457000.0,126747000.0,-76791000.0,-77560000.0,,,49956000.0,-45889000.0,-47526000.0,4067000,476000.0,4543000,6048000.0,10591000,2655000.0,13246000,13246000,86406000.0,404934000.0,316244000.0,921744000.0,3677048000.0,33808000.0,3888918000.0,7599774000.0,8521518000,345547000.0,325249000.0,671256000.0,2432521000.0,3826193000.0,4497449000,2615929000.0,,1591969000.0,4024069000.0,8521518000,13246000.0,97698000.0,7459000.0,-9232000.0,,,,,109171000.0,-19162000.0,,-35404000.0,-50174000.0,-32096000.0,11194000.0,6420000.0,-18674000.0,40323000,2010-09-30,37.27999877929688,37.59000015258789,36.65999984741211,36.91999816894531,33.793346405029304,1918900.0
2010-12-31,586242000.0,-535492000.0,50750000.0,-89255000.0,-80106000.0,,,-38505000.0,-44905000.0,-46197000.0,-83410000,9093000.0,-74317000,28172000.0,-46145000,-852000.0,-46997000,-46997000,47541000.0,260814000.0,319845000.0,773751000.0,3632914000.0,37386000.0,3895485000.0,7565785000.0,8339536000,291486000.0,290746000.0,582348000.0,2427516000.0,3801390000.0,4383738000,2629456000.0,,1503681000.0,3955798000.0,8339536000,-46997000.0,92919000.0,2372000.0,26585000.0,,,,,74879000.0,-14626000.0,,-35130000.0,-46193000.0,-32096000.0,-39710000.0,7905000.0,-63641000.0,-34955000,2010-12-31,44.70000076293945,44.90999984741211,44.18999862670898,44.36000061035156,40.8856315612793,866900.0
2011-03-31,487200000.0,-494306000.0,-7106000.0,-80078000.0,-77516000.0,,,-87184000.0,-40868000.0,-42250000.0,-128052000,26000000.0,-102052000,37430000.0,-64622000,9889000.0,-54733000,-54733000,63164000.0,278126000.0,329187000.0,766895000.0,3592830000.0,37271000.0,3903440000.0,7533541000.0,8300436000,329364000.0,305238000.0,634958000.0,2427596000.0,3769043000.0,4404001000,2653621000.0,,1416486000.0,3896435000.0,8300436000,-54733000.0,90586000.0,-60177000.0,68374000.0,,,,,44050000.0,-23615000.0,,12284000.0,-10931000.0,-32265000.0,11441000.0,3303000.0,-17496000.0,15623000,2011-03-31,45.52999877929688,45.72999954223633,45.0099983215332,45.599998474121094,42.26750564575195,694800.0
2011-06-30,701971000.0,-601131000.0,100840000.0,-78440000.0,-74062000.0,,,22400000.0,-70931000.0,-70911000.0,-48531000,1088000.0,-47443000,40341000.0,-7102000,-1037000.0,-8139000,-8139000,106744000.0,389782000.0,329265000.0,893998000.0,3542745000.0,37251000.0,3913261000.0,7493257000.0,8387255000,332406000.0,105230000.0,437636000.0,2785843000.0,4077536000.0,4515172000,2663786000.0,,1376026000.0,3872083000.0,8387255000,-8139000.0,92137000.0,-15067000.0,-105965000.0,,,,,-37034000.0,-21180000.0,,0.0,-20216000.0,-32305000.0,146167000.0,4865000.0,100830000.0,43580000,2011-06-30,38.70000076293945,39.0,38.40999984741211,38.52999877929688,35.94034194946289,2162600.0
2011-09-30,760752000.0,-644972000.0,115780000.0,-70587000.0,-67020000.0,,,45193000.0,-54423000.0,-50678000.0,-9230000,61475000.0,52245000,-29833000.0,22412000,-2453000.0,19959000,19959000,152379000.0,430039000.0,317777000.0,1003711000.0,3443468000.0,28917000.0,3907430000.0,7379815000.0,8383526000,374291000.0,5215000.0,380980000.0,2816223000.0,4135629000.0,4516609000,2668220000.0,,1363640000.0,3866917000.0,8383526000,19959000.0,90948000.0,-1930000.0,5733000.0,,,,,114710000.0,-20807000.0,,60546000.0,40059000.0,-32308000.0,-100213000.0,0.0,-109134000.0,45635000,2011-09-30,28.46999931335449,28.68000030517578,27.440000534057614,27.559999465942386,25.910728454589844,1673300.0
2011-12-31,614627000.0,-540272000.0,74355000.0,-70278000.0,-71395000.0,,,4077000.0,-50960000.0,-53345000.0,-46883000,-9605000.0,-56488000,30545000.0,-25943000,-1922000.0,-27865000,-27865000,155839000.0,299166000.0,327657000.0,863100000.0,3418179000.0,29004000.0,3919031000.0,7366214000.0,8229314000,271491000.0,134762000.0,406253000.0,2680677000.0,4031444000.0,4437697000,2673985000.0,,1334476000.0,3791617000.0,8229314000,-27865000.0,88048000.0,-32818000.0,19952000.0,,,,,47317000.0,-19635000.0,,-8622000.0,-28391000.0,-1294000.0,-5123000.0,383000.0,-15466000.0,3460000,2011-12-30,38.93000030517578,39.54999923706055,38.90999984741211,39.349998474121094,37.00666809082031,509300.0
2012-03-31,535882000.0,-513924000.0,21958000.0,-63287000.0,-64912000.0,,,-41329000.0,-49168000.0,-52266000.0,-90497000,-4950000.0,-95447000,38397000.0,-57050000,4997000.0,-52053000,-52053000,191172000.0,318176000.0,341333000.0,918649000.0,3349694000.0,29172000.0,3918524000.0,7297390000.0,8216039000,336387000.0,144706000.0,481093000.0,2669752000.0,3989339000.0,4470432000,2677348000.0,,1281080000.0,3745607000.0,8216039000,-52053000.0,85167000.0,-49798000.0,45828000.0,,,,,29144000.0,-8098000.0,,11827000.0,3760000.0,-1295000.0,-90000.0,3483000.0,2429000.0,35333000,2012-03-30,42.84000015258789,43.08000183105469,42.47999954223633,42.72999954223633,40.1941032409668,458600.0
2012-06-30,694136000.0,-588197000.0,105939000.0,-62818000.0,-61914000.0,,,43121000.0,-54396000.0,-53687000.0,-11275000,-23459000.0,-34734000,17749000.0,-16985000,-1298000.0,-18283000,-18283000,158301000.0,390131000.0,334606000.0,951235000.0,3278511000.0,28506000.0,3921823000.0,7228840000.0,8180075000,331315000.0,285152000.0,616467000.0,2528387000.0,3820672000.0,4437139000,2690217000.0,,1261501000.0,3742936000.0,8180075000,-18283000.0,84116000.0,-32177000.0,-65861000.0,,,,,-32205000.0,583000.0,,0.0,601000.0,-1295000.0,-15000.0,41000.0,-1267000.0,-32871000,2012-06-29,38.709999084472656,40.040000915527344,38.38999938964844,39.709999084472656,37.36454391479492,1637600.0
2012-09-30,728861000.0,-601938000.0,126923000.0,-68804000.0,-65441000.0,,,58119000.0,-51237000.0,-53043000.0,6882000,-2253000.0,4629000,10992000.0,15621000,-1361000.0,14260000,14260000,243126000.0,397414000.0,336978000.0,1049255000.0,3212952000.0,42226000.0,3921483000.0,7176661000.0,8225916000,346944000.0,285153000.0,632097000.0,2527450000.0,3826622000.0,4458719000,2697455000.0,,1274465000.0,3767197000.0,8225916000,14260000.0,84108000.0,-11695000.0,10147000.0,,,,,96820000.0,-12973000.0,,-1137000.0,-13196000.0,-1295000.0,-15000.0,2643000.0,1201000.0,84825000,2012-09-28,47.72999954223633,47.790000915527344,46.68999862670898,47.29999923706055,44.51729202270508,580000.0
2012-12-31,608431000.0,-529225000.0,79206000.0,-69854000.0,-66873000.0,,,9352000.0,-50398000.0,-52930000.0,-41046000,46180000.0,5134000,-646000.0,4488000,-1005000.0,3483000,3483000,275478000.0,277539000.0,335022000.0,984972000.0,3159185000.0,42081000.0,3940361000.0,7141627000.0,8126599000,285008000.0,150602000.0,436411000.0,2526401000.0,3929126000.0,4365537000,2709930000.0,,1276649000.0,3761062000.0,8126599000,3483000.0,78568000.0,32401000.0,30264000.0,,,,,144716000.0,7960000.0,,10476000.0,19234000.0,-1298000.0,-134660000.0,4295000.0,-131598000.0,32352000,2012-12-31,51.0,52.04999923706055,50.93000030517578,52.04999923706055,48.99799346923828,713200.0
2013-03-31,538162000.0,-520507000.0,17655000.0,-70314000.0,-64655000.0,,,-52659000.0,-50379000.0,-52752000.0,-103038000,2601000.0,-100437000,38818000.0,-61619000,6783000.0,-54836000,-54836000,188081000.0,322172000.0,340574000.0,927362000.0,3168175000.0,41707000.0,3941231000.0,7151113000.0,8078475000,329249000.0,140604000.0,469853000.0,2525420000.0,3893693000.0,4363546000,2715648000.0,,1220512000.0,3714929000.0,8078475000,-54836000.0,75597000.0,-55977000.0,22349000.0,,,,,-12867000.0,-25228000.0,,-42048000.0,-67274000.0,-1299000.0,-10016000.0,3203000.0,-7256000.0,-87397000,2013-03-28,51.13999938964844,51.84000015258789,50.38999938964844,51.70000076293945,48.67782211303711,723300.0
2013-06-30,738733000.0,-605838000.0,132895000.0,-69439000.0,-64902000.0,,,63456000.0,-50587000.0,-50873000.0,12869000,23410000.0,36279000,-6151000.0,30128000,-1356000.0,28772000,28772000,86979000.0,404682000.0,340487000.0,911649000.0,3215341000.0,43194000.0,3950040000.0,7208575000.0,8120224000,291608000.0,100161000.0,391769000.0,2524420000.0,3914935000.0,4306704000,2722202000.0,,1247984000.0,3813520000.0,8120224000,28772000.0,76960000.0,-7566000.0,-130644000.0,,,,,-32478000.0,-32296000.0,,5005000.0,-27291000.0,-1299000.0,-40461000.0,395000.0,-41333000.0,-101102000,2013-06-28,50.0,50.34000015258789,48.36000061035156,48.40999984741211,45.58859252929688,666900.0
2013-09-30,813568000.0,-654585000.0,158983000.0,-68566000.0,-65854000.0,,,90417000.0,-46824000.0,-49134000.0,43593000,9350000.0,52943000,-10793000.0,42150000,-787000.0,41363000,41363000,245813000.0,445230000.0,328179000.0,1100961000.0,3214460000.0,43275000.0,3951360000.0,7209095000.0,8310056000,358480000.0,163000.0,358643000.0,2523389000.0,4088502000.0,4447145000,2728733000.0,,1288054000.0,3862911000.0,8310056000,41364000.0,78320000.0,156325000.0,29348000.0,,,,,305357000.0,-44812000.0,,-1304000.0,-46116000.0,-1292000.0,-100016000.0,893000.0,-100407000.0,158834000,2013-09-30,50.70000076293945,52.36000061035156,50.70000076293945,51.81000137329102,48.80057144165039,695200.0
2013-12-31,680246000.0,-562899000.0,117347000.0,-65898000.0,-64016000.0,,,51449000.0,-46317000.0,-48886000.0,5132000,2380000.0,7512000,2585000.0,10097000,-1014000.0,9083000,9083000,193738000.0,323369000.0,344606000.0,951496000.0,3312017000.0,42387000.0,3953243000.0,7307647000.0,8259143000,298965000.0,170000.0,299135000.0,2522243000.0,4021902000.0,4321037000,2741903000.0,,1295834000.0,3938106000.0,8259143000,9082000.0,76231000.0,-7368000.0,18542000.0,,,,,96487000.0,-155468000.0,,0.0,-155509000.0,-1301000.0,-109000.0,9092000.0,6947000.0,-52075000,2013-12-31,59.4000015258789,59.70000076293945,58.849998474121094,59.41999816894531,55.97858428955078,513500.0
2014-03-31,574420000.0,-540328000.0,34092000.0,-75787000.0,-66119000.0,,,-41695000.0,-117264000.0,-120089000.0,-158959000,236364000.0,77405000,-22900000.0,54505000,-510000.0,53995000,53995000,268773000.0,348337000.0,305833000.0,1053742000.0,2893290000.0,42137000.0,3883066000.0,6818493000.0,7872235000,340697000.0,171000.0,340868000.0,2006782000.0,3500248000.0,3841116000,2782751000.0,,1343294000.0,4031119000.0,7872235000,53995000.0,69378000.0,-168472000.0,40127000.0,,,,,-4972000.0,-28221000.0,,720056000.0,628811000.0,-6531000.0,-579676000.0,34407000.0,-548804000.0,75035000,2014-03-31,66.86000061035156,67.54000091552734,66.16999816894531,66.44999694824219,62.64967346191406,1018800.0
2014-06-30,791143000.0,-616355000.0,174788000.0,-72704000.0,-67615000.0,,,102084000.0,-38753000.0,-40551000.0,63331000,1162000.0,64493000,-17982000.0,46511000,-544000.0,45967000,45967000,227684000.0,434332000.0,309714000.0,1101984000.0,2901762000.0,42128000.0,3864964000.0,6808854000.0,7910838000,349247000.0,158000.0,349405000.0,1983319000.0,3475246000.0,3824651000,2796703000.0,,1382711000.0,4086187000.0,7910838000,45968000.0,68324000.0,13600000.0,-100020000.0,,,,,27872000.0,-67637000.0,,-1174000.0,-67874000.0,-6543000.0,-18000.0,5227000.0,-1087000.0,-41089000,2014-06-30,64.05000305175781,64.22000122070311,63.2599983215332,63.75,60.15492248535156,593400.0
2014-09-30,873579000.0,-664537000.0,209042000.0,-68963000.0,-66074000.0,,,140079000.0,-41484000.0,-40891000.0,98595000,252000.0,98847000,-31066000.0,67781000,-842000.0,66939000,66939000,91868000.0,479748000.0,306584000.0,954618000.0,3068570000.0,42117000.0,4004340000.0,7115027000.0,8069645000,364667000.0,145000.0,364812000.0,1984075000.0,3503734000.0,3868546000,2850872000.0,,1441742000.0,4201099000.0,8069645000,66939000.0,71156000.0,18726000.0,-29995000.0,,,,,126826000.0,-52042000.0,,-268397000.0,-258352000.0,-7899000.0,-17000.0,3499000.0,-4290000.0,-135816000,2014-09-30,62.2400016784668,62.36999893188477,60.20000076293945,60.22999954223633,56.88788604736328,884500.0
2014-12-31,755027000.0,-585367000.0,169660000.0,-73117000.0,-72480000.0,,,96543000.0,-41799000.0,-40876000.0,54744000,3349000.0,58093000,-19744000.0,38349000,-327000.0,38022000,38022000,141273000.0,354935000.0,321804000.0,920469000.0,3071630000.0,41650000.0,4007348000.0,7120628000.0,8041097000,301221000.0,150137000.0,451878000.0,1834642000.0,3412520000.0,3864398000,2866568000.0,,1471845000.0,4176699000.0,8041097000,38021000.0,70639000.0,6053000.0,-3432000.0,,,,,111281000.0,-50924000.0,,-13363000.0,-64254000.0,-7911000.0,-118000.0,10989000.0,2378000.0,49405000,2014-12-31,66.51999664306639,67.41999816894531,65.63999938964844,65.73000335693361,62.13703536987305,680200.0
2015-03-31,631293000.0,-553428000.0,77865000.0,-70663000.0,-66763000.0,,,7202000.0,-61501000.0,-62480000.0,-54299000,3557000.0,-50742000,14075000.0,-36667000,-3011000.0,-39678000,-39678000,392657000.0,369952000.0,333692000.0,1194665000.0,3084093000.0,41613000.0,4006154000.0,7131860000.0,8326525000,337895000.0,365441000.0,703336000.0,1888365000.0,3463022000.0,4166358000,2898051000.0,,1418901000.0,4160167000.0,8326525000,-39678000.0,66723000.0,-12466000.0,4575000.0,,,,,19154000.0,-47257000.0,,0.0,-47591000.0,-13253000.0,254082000.0,31416000.0,279821000.0,251384000,2015-03-31,85.0,85.47000122070312,84.30000305175781,84.30000305175781,79.79078674316406,847400.0
2015-06-30,895143000.0,-660694000.0,234449000.0,-74452000.0,-69197000.0,,,159997000.0,-84090000.0,-83651000.0,75907000,-6221000.0,69686000,-19867000.0,49819000,-1657000.0,48162000,48162000,74736000.0,490411000.0,341828000.0,1022200000.0,3115524000.0,41603000.0,4016556000.0,7173683000.0,8195883000,354016000.0,152624000.0,506640000.0,1893737000.0,3462286000.0,3968926000,2924216000.0,,1453752000.0,4226957000.0,8195883000,48162000.0,68385000.0,43301000.0,-114365000.0,,,,,45483000.0,-98045000.0,,-21387000.0,-119432000.0,-13296000.0,-246527000.0,19353000.0,-243972000.0,-317921000,2015-06-30,84.83999633789062,85.0,83.91000366210938,83.93000030517578,79.52709197998047,714000.0
2015-09-30,1038460000.0,-747170000.0,291290000.0,-79435000.0,-71390000.0,,,211855000.0,-40618000.0,-37800000.0,171237000,351000.0,171588000,-45386000.0,126202000,-2397000.0,123805000,123805000,168681000.0,552985000.0,326706000.0,1143690000.0,3119627000.0,40516000.0,4013033000.0,7173176000.0,8316866000,411947000.0,130000.0,412077000.0,1979493000.0,3541512000.0,3953589000,2945908000.0,,1564215000.0,4363277000.0,8316866000,123805000.0,69662000.0,-7557000.0,30790000.0,,,,,216700000.0,-65049000.0,,586000.0,-64430000.0,-13329000.0,-67611000.0,17119000.0,-58325000.0,93945000,2015-09-30,86.30999755859375,89.33000183105469,86.30999755859375,89.19999694824219,84.61121368408203,1730400.0
2015-12-31,857285000.0,-603356000.0,253929000.0,-87942000.0,-79494000.0,,,165987000.0,-35712000.0,-36312000.0,130275000,7050000.0,137325000,-43765000.0,93560000,-4672000.0,88888000,88888000,284060000.0,418024000.0,347073000.0,1084591000.0,3156290000.0,40558000.0,4020193000.0,7217041000.0,8301632000,353349000.0,130000.0,353479000.0,1980334000.0,3493965000.0,3847444000,2955750000.0,,1618507000.0,4454188000.0,8301632000,88888000.0,70053000.0,23380000.0,55880000.0,,,,,238201000.0,-70693000.0,,-6397000.0,-78289000.0,-13336000.0,-4000.0,-16392000.0,-44533000.0,115379000,2015-12-31,95.12000274658205,96.06999969482422,94.5199966430664,94.97000122070312,90.17047119140624,689000.0
2016-03-31,754728000.0,-590010000.0,164718000.0,-90706000.0,-76468000.0,,,74012000.0,-34426000.0,-33732000.0,39586000,-9091000.0,30495000,11470000.0,41965000,-1807000.0,40158000,40158000,191886000.0,443763000.0,337758000.0,1007503000.0,3197827000.0,38895000.0,4002800000.0,7239522000.0,8247025000,356354000.0,131000.0,356485000.0,1981425000.0,3469487000.0,3825972000,2935230000.0,,1605578000.0,4421053000.0,8247025000,40158000.0,69406000.0,-19270000.0,-1566000.0,,,,,88728000.0,-107198000.0,,-1611000.0,-106110000.0,-26718000.0,-5000.0,-23433000.0,-74792000.0,-92174000,2016-03-31,105.68000030517578,106.77999877929688,104.33000183105469,105.56999969482422,100.44649505615234,1162600.0
2016-06-30,956825000.0,-664641000.0,292184000.0,-88856000.0,-82681000.0,,,203328000.0,-33304000.0,-33333000.0,170024000,10458000.0,180482000,-53241000.0,127241000,-2532000.0,124709000,124709000,91902000.0,532795000.0,347866000.0,1023407000.0,3217371000.0,38924000.0,4010411000.0,7266706000.0,8290113000,332547000.0,131000.0,332678000.0,1982527000.0,3478104000.0,3810782000,2937306000.0,,1661459000.0,4479331000.0,8290113000,124708000.0,71908000.0,25308000.0,-155650000.0,,,,,66274000.0,-90139000.0,,0.0,-89826000.0,-26620000.0,-4000.0,-45723000.0,-76432000.0,-99984000,2016-06-30,118.9499969482422,120.83000183105469,118.37000274658205,120.36000061035156,114.71385955810548,1123200.0
2016-09-30,1008140000.0,-703931000.0,304209000.0,-79846000.0,-76311000.0,,,224363000.0,-32136000.0,-33126000.0,192227000,2713000.0,194940000,-49803000.0,145137000,-3113000.0,142024000,142024000,135365000.0,531982000.0,338042000.0,1076759000.0,3228293000.0,38914000.0,4014119000.0,7281326000.0,8358085000,360781000.0,131000.0,360912000.0,1983639000.0,3493203000.0,3854115000,2937664000.0,,1685412000.0,4503970000.0,8358085000,142024000.0,72048000.0,23867000.0,11668000.0,,,,,249607000.0,-84238000.0,,0.0,-83612000.0,-26527000.0,-5000.0,-92307000.0,-122532000.0,43463000,2016-09-30,115.0500030517578,115.4499969482422,113.62999725341795,113.7300033569336,108.58097076416016,1647100.0
2016-12-31,872974000.0,-633268000.0,239706000.0,-78404000.0,-79526000.0,,,161302000.0,-32459000.0,-33078000.0,128843000,12497000.0,141340000,-33277000.0,108063000,4537000.0,112600000,112600000,258986000.0,491821000.0,345616000.0,1137182000.0,3261438000.0,39226000.0,4033629000.0,7334293000.0,8471475000,372106000.0,138000.0,372244000.0,1982751000.0,3526755000.0,3898999000,2940334000.0,,1771518000.0,4572476000.0,8471475000,112601000.0,71578000.0,3040000.0,52760000.0,,,,,239979000.0,-45255000.0,,-30926000.0,-85529000.0,-26468000.0,-116000.0,0.0,-30829000.0,123621000,2016-12-30,127.7300033569336,128.3699951171875,124.7699966430664,125.1500015258789,119.6706314086914,716100.0
2017-03-31,787328000.0,-629107000.0,158221000.0,-88211000.0,-82383000.0,,,70010000.0,-30031000.0,-34076000.0,39979000,369000.0,40348000,3175000.0,43523000,1398000.0,44921000,44921000,286957000.0,468833000.0,363399000.0,1157762000.0,3451821000.0,34311000.0,4100430000.0,7586562000.0,8744324000,360759000.0,139000.0,360898000.0,2329248000.0,3862665000.0,4223563000,2924942000.0,,1734448000.0,4520761000.0,8744324000,44921000.0,71563000.0,5737000.0,-28069000.0,,,,,94152000.0,-131783000.0,,-185067000.0,-316850000.0,-33152000.0,349995000.0,-49221000.0,241636000.0,18938000,2017-03-31,117.33999633789062,121.04000091552734,117.25,120.4800033569336,115.44297790527344,1676700.0
2017-06-30,1030763000.0,-740746000.0,290017000.0,-100824000.0,-83056000.0,,,189193000.0,-34565000.0,-38455000.0,154628000,2773000.0,157401000,-45652000.0,111749000,8390000.0,120139000,120139000,1129799000.0,570086000.0,374929000.0,2184812000.0,3538808000.0,38888000.0,4107435000.0,7685131000.0,9869943000,400017000.0,525776000.0,925793000.0,2809293000.0,4342046000.0,5267839000,2929450000.0,,1810528000.0,4602104000.0,9869943000,120139000.0,76776000.0,6787000.0,-142632000.0,,,,,61070000.0,-150721000.0,,-25495000.0,-175811000.0,-33042000.0,1014998000.0,-11082000.0,957583000.0,842842000,2017-06-30,127.4499969482422,128.47000122070312,125.66999816894531,126.68000030517578,121.62516784667969,1273700.0
2017-09-30,1094715000.0,-790957000.0,303758000.0,-77768000.0,-73612000.0,,,225990000.0,-78248000.0,-82041000.0,147742000,1488000.0,149230000,-39080000.0,110150000,-1571000.0,108579000,108579000,701163000.0,579202000.0,365826000.0,1746972000.0,3537701000.0,35999000.0,4118662000.0,7692362000.0,9439334000,408872000.0,4827000.0,413699000.0,2809966000.0,4340501000.0,4754200000,2935387000.0,,1886006000.0,4685134000.0,9439334000,108579000.0,79635000.0,48247000.0,7852000.0,,,,,244313000.0,-73938000.0,,0.0,-73938000.0,-33069000.0,-565565000.0,0.0,-599011000.0,-428636000,2017-09-29,119.19000244140624,120.01000213623048,118.33000183105469,119.5999984741211,115.08011627197266,955700.0
2017-12-31,977490000.0,-735973000.0,241517000.0,-105493000.0,-85921000.0,,,136024000.0,-134884000.0,-136513000.0,1140000,13197000.0,14337000,313632000.0,327969000,-423000.0,327546000,327546000,141646000.0,434089000.0,384338000.0,1180101000.0,3918931000.0,35115000.0,4370744000.0,8324790000.0,9504891000,401489000.0,41383000.0,442872000.0,2813482000.0,4093126000.0,4535998000,2937911000.0,,2180448000.0,4968893000.0,9504891000,327546000.0,77991000.0,-153891000.0,-6503000.0,,,,,245143000.0,-87368000.0,,-611871000.0,-702892000.0,-33072000.0,-62736000.0,0.0,-96768000.0,-554517000,2017-12-29,128.47999572753906,129.6300048828125,127.02999877929688,128.3699951171875,123.76848602294922,967600.0
2018-03-31,854474000.0,-695140000.0,159334000.0,-82315000.0,-78340000.0,,,77019000.0,-32691000.0,-37774000.0,44328000,4164000.0,48492000,4903000.0,53395000,-416000.0,52979000,52979000,38141000.0,489436000.0,399754000.0,1011199000.0,4025865000.0,35056000.0,4381091000.0,8442012000.0,9453211000,383285000.0,200022000.0,583307000.0,2775687000.0,3956694000.0,4540001000,2920138000.0,,2138885000.0,4913210000.0,9453211000,52979000.0,81439000.0,-81282000.0,39832000.0,,,,,92968000.0,-126987000.0,,-65003000.0,-192024000.0,-37176000.0,157962000.0,-55568000.0,-1076000.0,-100132000,2018-03-29,112.2300033569336,114.91000366210938,111.4000015258789,114.16999816894531,110.33063507080078,1600500.0
2018-06-30,1200151000.0,-876967000.0,323184000.0,-95037000.0,-89043000.0,,,228147000.0,-29905000.0,-33244000.0,198242000,2106000.0,200348000,-40046000.0,160302000,-650000.0,159652000,159652000,55059000.0,638114000.0,403764000.0,1183202000.0,4106414000.0,41989000.0,4513179000.0,8661582000.0,9844784000,451773000.0,360023000.0,811796000.0,2776906000.0,4012358000.0,4824154000,2920754000.0,,2244545000.0,5020630000.0,9844784000,159652000.0,85633000.0,32754000.0,-95247000.0,,,,,182792000.0,-111656000.0,,-142737000.0,-264585000.0,-37020000.0,159994000.0,-19353000.0,96394000.0,14601000,2018-06-29,127.93000030517578,130.07000732421878,127.5,129.05999755859378,124.99288177490234,1104900.0
2018-09-30,1240197000.0,-897055000.0,343142000.0,-96062000.0,-81606000.0,,,247080000.0,-28657000.0,-33547000.0,218423000,2104000.0,220527000,-40663000.0,179864000,-713000.0,179151000,179151000,38026000.0,645715000.0,408652000.0,1175912000.0,4188723000.0,42944000.0,4468056000.0,8699723000.0,9875635000,490392000.0,200023000.0,690415000.0,2778129000.0,4039431000.0,4729846000,2927411000.0,,2361903000.0,5145789000.0,9875635000,179152000.0,89391000.0,40749000.0,-12421000.0,,,,,296871000.0,-96757000.0,,5858000.0,-92889000.0,-36996000.0,-160005000.0,-24995000.0,-222028000.0,-18046000,2018-09-28,112.4000015258789,112.83999633789062,110.41999816894531,111.1999969482422,107.97046661376952,1223400.0
2018-12-31,1088047000.0,-812762000.0,275285000.0,-94762000.0,-84382000.0,,,180523000.0,-33170000.0,-32858000.0,147353000,6570000.0,153923000,-29643000.0,124280000,-257000.0,124023000,124023000,40037000.0,512279000.0,429330000.0,1079145000.0,4237307000.0,44615000.0,4471063000.0,8752985000.0,9832130000,469527000.0,133023000.0,602550000.0,2779357000.0,4026677000.0,4629227000,2930248000.0,,2444870000.0,5202903000.0,9832130000,124022000.0,89783000.0,-20020000.0,66361000.0,,,,,260146000.0,-111478000.0,,-8281000.0,-120393000.0,-36917000.0,-67006000.0,-34067000.0,-138418000.0,1335000,2018-12-31,97.43000030517578,98.8000030517578,97.0,98.8000030517578,96.1898193359375,678800.0
2019-03-31,996511000.0,-804836000.0,191675000.0,-94539000.0,-90268000.0,,,97136000.0,-29805000.0,-32934000.0,67331000,7297000.0,74628000,-10693000.0,63935000,-636000.0,63299000,63299000,30838000.0,560530000.0,429397000.0,1083851000.0,4275338000.0,50952000.0,4886711000.0,9213001000.0,10296852000,248119000.0,178524000.0,659607000.0,2780589000.0,4420036000.0,5079643000,2921933000.0,,2467201000.0,5217209000.0,10296852000,63299000.0,89181000.0,9449000.0,-45765000.0,,,,,116164000.0,-115507000.0,,2866000.0,-119878000.0,-40939000.0,45494000.0,0.0,-9582000.0,-13296000,2019-03-29,117.26000213623048,120.0,116.83999633789062,118.4000015258789,115.58557891845705,2181900.0
2019-06-30,1327682000.0,-957180000.0,370502000.0,-97879000.0,-95689000.0,,,272623000.0,-30569000.0,-33035000.0,242054000,3451000.0,245505000,-47598000.0,197907000,-349000.0,197558000,197558000,26031000.0,697331000.0,441423000.0,1255015000.0,4290682000.0,51667000.0,4883400000.0,9225749000.0,10480764000,284875000.0,137024000.0,663588000.0,2781826000.0,4445729000.0,5109317000,2919233000.0,,2623747000.0,5371447000.0,10480764000,197558000.0,93496000.0,50189000.0,-155491000.0,,,,,185752000.0,-99130000.0,,0.0,-96470000.0,-40988000.0,-41505000.0,0.0,-93868000.0,-4586000,2019-06-28,135.47999572753906,137.91999816894528,135.47999572753906,137.30999755859378,134.37164306640622,1193300.0
2019-09-30,1418758000.0,-1018115000.0,400643000.0,-97501000.0,-88789000.0,,,303142000.0,-31838000.0,-32197000.0,271304000,234000.0,271538000,-53472000.0,218066000,-2353000.0,215713000,215713000,90411000.0,724940000.0,429660000.0,1324242000.0,4287345000.0,57059000.0,4871027000.0,9215431000.0,10539673000,265012000.0,24000.0,535284000.0,2783068000.0,4462150000.0,4997434000,2917595000.0,,2795834000.0,5542239000.0,10539673000,215712000.0,96248000.0,-169003000.0,201256000.0,,,,,344213000.0,-80144000.0,,0.0,-86909000.0,-41016000.0,-137006000.0,-2602000.0,-192724000.0,64580000,2019-09-30,149.67999267578125,152.49000549316406,149.30999755859375,151.24000549316406,148.32655334472656,1235800.0
2019-12-31,1186152000.0,-893071000.0,293081000.0,-112276000.0,-95802000.0,,,180805000.0,-27545000.0,-30834000.0,153260000,12770000.0,166030000,-23435000.0,142595000,-1503000.0,141092000,141092000,271589000.0,532012000.0,458308000.0,1379326000.0,4316038000.0,60709000.0,4892720000.0,9269467000.0,10648793000,381554000.0,25000.0,535563000.0,2784315000.0,4491373000.0,5026936000,2923724000.0,,2895871000.0,5621857000.0,10648793000,141093000.0,95671000.0,219929000.0,-118700000.0,,,,,337993000.0,-66652000.0,,-45273000.0,-112580000.0,-41030000.0,-6000.0,0.0,-42009000.0,183404000,2019-12-31,142.77000427246094,144.38999938964844,142.7100067138672,143.99000549316406,141.52845764160156,600200.0
2020-03-31,1049242000.0,-847519000.0,201723000.0,-90421000.0,-86430000.0,,,111302000.0,-40109000.0,-30773000.0,71193000,999000.0,72192000,-12194000.0,59998000,260000.0,60258000,60258000,120041000.0,597665000.0,470747000.0,1276780000.0,4401088000.0,57987000.0,4893527000.0,9352602000.0,10629382000,243019000.0,25000.0,475676000.0,2785566000.0,4563380000.0,5039056000,2915171000.0,,2885084000.0,5590326000.0,10629382000,60258000.0,95480000.0,-73263000.0,,,,,,82475000.0,-140114000.0,,,-130242000.0,-45100000.0,-6000.0,-26132000.0,-106466000.0,-154233000,2020-03-31,100.61000061035156,113.20999908447266,98.51000213623048,108.06999969482422,106.50057220458984,2921900.0
2020-06-30,1322575000.0,-926056000.0,396519000.0,-97365000.0,-91205000.0,,,299154000.0,-26587000.0,-33954000.0,272567000,-258000.0,272309000,-61352000.0,210957000,-1041000.0,209916000,209916000,816765000.0,695860000.0,421777000.0,2030110000.0,4383010000.0,43849000.0,4941755000.0,9368614000.0,11398724000,278102000.0,500026000.0,1038749000.0,2785646000.0,4595824000.0,5634573000,2922247000.0,,3049943000.0,5764151000.0,11398724000,209916000.0,99471000.0,33729000.0,,,,,,343116000.0,-79970000.0,,-5017000.0,-89284000.0,-45028000.0,499994000.0,0.0,443094000.0,696926000,2020-06-30,115.91999816894531,116.41999816894531,113.91000366210938,115.8499984741211,114.55142211914062,1200300.0
