Report Date,Revenue,Cost of Revenue,Gross Profit,Operating Expenses,"Selling, General & Administrative",Research & Development,Depreciation & Amortization,Operating Income (Loss),Non-Operating Income (Loss),"Interest Expense, Net","Pretax Income (Loss), Adj.",Abnormal Gains (Losses),Pretax Income (Loss),"Income Tax (Expense) Benefit, Net",Income (Loss) from Continuing Operations,Net Extraordinary Gains (Losses),Net Income,Net Income (Common),"Cash, Cash Equivalents & Short Term Investments",Accounts & Notes Receivable,Inventories,Total Current Assets,"Property, Plant & Equipment, Net",Long Term Investments & Receivables,Other Long Term Assets,Total Noncurrent Assets,Total Assets,Payables & Accruals,Short Term Debt,Total Current Liabilities,Long Term Debt,Total Noncurrent Liabilities,Total Liabilities,Share Capital & Additional Paid-In Capital,Treasury Stock,Retained Earnings,Total Equity,Total Liabilities & Equity,Net Income/Starting Line,Depreciation & Amortization,Non-Cash Items,Change in Working Capital,Change in Accounts Receivable,Change in Inventories,Change in Accounts Payable,Change in Other,Net Cash from Operating Activities,Change in Fixed Assets & Intangibles,Net Change in Long Term Investment,Net Cash from Acquisitions & Divestitures,Net Cash from Investing Activities,Dividends Paid,Cash from (Repayment of) Debt,Cash from (Repurchase of) Equity,Net Cash from Financing Activities,Net Change in Cash,Price Date,Open,High,Low,Close,Adj Close,Volume
2009-06-30,1909000000.0,,1909000000.0,-1560000000.0,-129000000.0,,,349000000.0,-120000000.0,-145000000.0,229000000,,229000000,-80000000.0,149000000,18000000.0,140000000,140000000,1853000000.0,677000000.0,249000000.0,3899000000.0,17966000000.0,894000000.0,2267000000.0,21127000000.0,25026000000,1778000000.0,13000000.0,2315000000.0,8265000000.0,13858000000.0,16173000000,8733000000.0,-1041000000.0,716000000.0,8853000000.0,25026000000,169000000.0,359000000.0,48000000.0,46000000.0,-1000000.0,-7000000.0,5000000.0,49000000.0,622000000.0,-465000000.0,,,-442000000.0,-64000000.0,0.0,,-113000000.0,67000000,2009-06-30,12.717120170593262,12.977984428405762,12.456255912780762,12.725272178649902,7.047818183898926,6103901.0
2009-09-30,2098000000.0,,2098000000.0,-1702000000.0,-126000000.0,,,396000000.0,-115000000.0,-153000000.0,281000000,0.0,281000000,-87000000.0,194000000,2000000.0,145000000,145000000,1640000000.0,705000000.0,232000000.0,3490000000.0,18464000000.0,894000000.0,2104000000.0,21462000000.0,24952000000,1632000000.0,19000000.0,2217000000.0,8258000000.0,13880000000.0,16097000000,8747000000.0,-1041000000.0,795000000.0,8855000000.0,24952000000,194000000.0,361000000.0,123000000.0,-54000000.0,-65000000.0,17000000.0,-21000000.0,15000000.0,624000000.0,-752000000.0,,,-755000000.0,-64000000.0,0.0,,-82000000.0,-213000000,2009-09-30,14.893704414367676,14.958919525146484,14.380127906799315,14.56762409210205,8.119669914245605,10994848.0
2009-12-31,-651000000.0,,-651000000.0,732000000.0,50000000.0,,,81000000.0,-115000000.0,-155000000.0,-34000000,-1000000.0,-35000000,19000000.0,-16000000,238000000.0,172000000,172000000,1867000000.0,816000000.0,222000000.0,3793000000.0,18644000000.0,886000000.0,1957000000.0,21487000000.0,25280000000,1882000000.0,17000000.0,2477000000.0,8259000000.0,13784000000.0,16261000000,8753000000.0,-1041000000.0,903000000.0,9019000000.0,25280000000,222000000.0,382000000.0,205000000.0,5000000.0,-127000000.0,10000000.0,81000000.0,41000000.0,814000000.0,-558000000.0,,0.0,-492000000.0,-64000000.0,-2000000.0,,-95000000.0,227000000,2009-12-31,17.445280075073242,17.55940818786621,17.15995979309082,17.184415817260742,9.632720947265623,5162414.0
2010-03-31,2591000000.0,,2591000000.0,-2114000000.0,-111000000.0,,,477000000.0,-115000000.0,-147000000.0,362000000,-606000000.0,-244000000,94000000.0,-150000000,2000000.0,-195000000,-195000000,1644000000.0,831000000.0,221000000.0,3589000000.0,18714000000.0,888000000.0,1938000000.0,21540000000.0,25129000000,1667000000.0,10000000.0,2097000000.0,8615000000.0,14070000000.0,16167000000,7965000000.0,-1041000000.0,646000000.0,8962000000.0,25129000000,-146000000.0,361000000.0,653000000.0,-251000000.0,2000000.0,,-13000000.0,-240000000.0,617000000.0,-428000000.0,,,-435000000.0,-64000000.0,342000000.0,,-405000000.0,-223000000,2010-03-31,18.798511505126953,19.00231170654297,18.733295440673828,18.83111953735352,10.606953620910645,6534470.0
2010-06-30,2289000000.0,,2289000000.0,-1873000000.0,-123000000.0,,,416000000.0,-87000000.0,-141000000.0,329000000,,329000000,-104000000.0,225000000,-3000000.0,185000000,185000000,1601000000.0,722000000.0,279000000.0,3359000000.0,18831000000.0,881000000.0,1876000000.0,21588000000.0,24947000000,1644000000.0,160000000.0,2119000000.0,8358000000.0,13802000000.0,15921000000,7979000000.0,-1041000000.0,758000000.0,9026000000.0,24947000000,222000000.0,366000000.0,39000000.0,53000000.0,113000000.0,-57000000.0,-76000000.0,73000000.0,680000000.0,-512000000.0,,,-498000000.0,-73000000.0,-108000000.0,,-225000000.0,-43000000,2010-06-30,15.244239807128904,15.325759887695312,14.82033634185791,14.901856422424315,8.44864559173584,9527110.0
2010-09-30,2300000000.0,,2300000000.0,-1909000000.0,-122000000.0,,,391000000.0,-81000000.0,-145000000.0,310000000,-1681000000.0,-1371000000,150000000.0,-1221000000,-5000000.0,-1263000000,-1263000000,1015000000.0,744000000.0,270000000.0,2803000000.0,18909000000.0,1317000000.0,819000000.0,21045000000.0,23848000000,1798000000.0,508000000.0,2549000000.0,8002000000.0,13123000000.0,15672000000,8610000000.0,-1041000000.0,-578000000.0,8176000000.0,23848000000,-1226000000.0,374000000.0,1481000000.0,15000000.0,-23000000.0,8000000.0,17000000.0,13000000.0,644000000.0,-1171000000.0,,,-1539000000.0,-73000000.0,-8000000.0,,309000000.0,-586000000,2010-09-30,15.659992218017578,15.733360290527346,15.40727996826172,15.578472137451172,8.893710136413574,6911801.0
2010-12-31,-542000000.0,-3260000000.0,-3802000000.0,3925000000.0,-148000000.0,,-612000000.0,123000000.0,-133000000.0,-159000000.0,-10000000,1681000000.0,1671000000,-254000000.0,1417000000,-1187000000.0,176000000,176000000,758000000.0,497000000.0,225000000.0,2530000000.0,11754000000.0,1240000000.0,9448000000.0,22442000000.0,24972000000,1170000000.0,508000000.0,2574000000.0,8600000000.0,14264000000.0,16838000000,8404000000.0,-1041000000.0,-478000000.0,8134000000.0,24972000000,228000000.0,406000000.0,-21000000.0,97000000.0,-128000000.0,-32000000.0,58000000.0,199000000.0,710000000.0,-631000000.0,,-1099000000.0,-1824000000.0,-74000000.0,598000000.0,12000000.0,894000000.0,-220000000,2010-12-31,20.013160705566406,20.290327072143555,19.996856689453125,20.151744842529297,11.565759658813475,3787905.0
2011-03-31,1871000000.0,,1871000000.0,-1432000000.0,-82000000.0,,,439000000.0,-101000000.0,-151000000.0,338000000,,338000000,22000000.0,360000000,24000000.0,321000000,321000000,923000000.0,850000000.0,264000000.0,2505000000.0,20341000000.0,1381000000.0,856000000.0,22578000000.0,25083000000,1785000000.0,532000000.0,2458000000.0,8577000000.0,13746000000.0,16204000000,8924000000.0,-1041000000.0,-230000000.0,8879000000.0,25083000000,384000000.0,381000000.0,28000000.0,18000000.0,6000000.0,38000000.0,46000000.0,-72000000.0,811000000.0,-515000000.0,,0.0,-579000000.0,-73000000.0,0.0,26000000.0,-104000000.0,128000000,2011-03-31,25.703256607055664,25.89890480041504,25.38532829284668,25.41793632507324,14.649185180664062,8583415.0
2011-06-30,1984000000.0,,1984000000.0,-1524000000.0,-78000000.0,,,460000000.0,-112000000.0,-150000000.0,348000000,,348000000,-109000000.0,239000000,58000000.0,227000000,227000000,1166000000.0,913000000.0,282000000.0,2830000000.0,20600000000.0,1463000000.0,812000000.0,22875000000.0,25705000000,1903000000.0,383000000.0,2390000000.0,8927000000.0,14270000000.0,16660000000,8974000000.0,-1041000000.0,-122000000.0,9045000000.0,25705000000,297000000.0,403000000.0,129000000.0,44000000.0,-62000000.0,-18000000.0,63000000.0,61000000.0,873000000.0,-568000000.0,,0.0,-620000000.0,-118000000.0,200000000.0,3000000.0,-10000000.0,243000000,2011-06-30,24.43969535827637,24.69240760803223,24.398935317993164,24.659799575805664,14.30817699432373,6344455.0
2011-09-30,1972000000.0,,1972000000.0,-1515000000.0,-75000000.0,,,457000000.0,-103000000.0,-146000000.0,354000000,,354000000,-33000000.0,321000000,21000000.0,272000000,272000000,996000000.0,1039000000.0,287000000.0,2889000000.0,20973000000.0,1492000000.0,792000000.0,23257000000.0,26146000000,1975000000.0,361000000.0,2439000000.0,9024000000.0,14454000000.0,16893000000,8991000000.0,-1041000000.0,33000000.0,9253000000.0,26146000000,342000000.0,418000000.0,79000000.0,-171000000.0,-124000000.0,-5000000.0,56000000.0,-98000000.0,668000000.0,-735000000.0,,-41000000.0,-789000000.0,-118000000.0,76000000.0,5000000.0,-49000000.0,-170000000,2011-09-30,20.029464721679688,20.3799991607666,19.78490447998047,19.841968536376953,11.603771209716795,9782139.0
2011-12-31,2103000000.0,-3934000000.0,-1831000000.0,2342000000.0,-242000000.0,,-661000000.0,511000000.0,-78000000.0,-126000000.0,433000000,-271000000.0,162000000,-4000000.0,158000000,-520000000.0,-444000000,-444000000,889000000.0,637000000.0,169000000.0,1894000000.0,12580000000.0,1391000000.0,637000000.0,14608000000.0,16502000000,1322000000.0,353000000.0,1675000000.0,8369000000.0,12241000000.0,13916000000,8546000000.0,-1041000000.0,-5820000000.0,2586000000.0,16502000000,-362000000.0,412000000.0,789000000.0,248000000.0,-17000000.0,45000000.0,85000000.0,135000000.0,1087000000.0,-962000000.0,,0.0,-1015000000.0,-148000000.0,841000000.0,15000000.0,-179000000.0,-107000000,2011-12-30,26.58367156982422,26.99127197265625,26.52660751342773,26.917903900146484,15.86525058746338,8067223.0
2012-03-31,2019000000.0,-957000000.0,1062000000.0,-535000000.0,-129000000.0,,-168000000.0,527000000.0,-35000000.0,-131000000.0,492000000,,492000000,-133000000.0,359000000,136000000.0,423000000,423000000,1100000000.0,641000000.0,186000000.0,2119000000.0,12964000000.0,1418000000.0,1289000000.0,15671000000.0,17790000000,1205000000.0,329000000.0,1534000000.0,8366000000.0,12532000000.0,14066000000,8899000000.0,-1041000000.0,-5551000000.0,3724000000.0,17790000000,495000000.0,168000000.0,-106000000.0,-123000000.0,52000000.0,-17000000.0,-68000000.0,-90000000.0,434000000.0,-251000000.0,,-325000000.0,-491000000.0,-154000000.0,-25000000.0,26000000.0,268000000.0,211000000,2012-03-30,31.3799991607666,31.440000534057614,30.65999984741211,30.809999465942386,18.31887435913086,21687800.0
2012-06-30,1846000000.0,-900000000.0,946000000.0,-614000000.0,-149000000.0,,-181000000.0,332000000.0,-95000000.0,-128000000.0,237000000,,237000000,-71000000.0,166000000,-1000000.0,132000000,132000000,679000000.0,636000000.0,159000000.0,1682000000.0,14056000000.0,1533000000.0,2996000000.0,18585000000.0,20267000000,1294000000.0,4000000.0,1298000000.0,9033000000.0,13342000000.0,14640000000,9966000000.0,-1041000000.0,-5607000000.0,5627000000.0,20267000000,165000000.0,181000000.0,36000000.0,42000000.0,36000000.0,27000000.0,-106000000.0,85000000.0,424000000.0,-593000000.0,,-1724000000.0,-2399000000.0,-188000000.0,345000000.0,902000000.0,1554000000.0,-421000000,2012-06-29,28.440000534057614,28.81999969482422,28.25,28.81999969482422,17.312929153442386,8737600.0
2012-09-30,1752000000.0,-771000000.0,981000000.0,-608000000.0,-137000000.0,,-196000000.0,373000000.0,-96000000.0,-129000000.0,277000000,,277000000,-77000000.0,200000000,3000000.0,155000000,155000000,996000000.0,624000000.0,161000000.0,1961000000.0,14684000000.0,1626000000.0,2992000000.0,19302000000.0,21263000000,1377000000.0,2000000.0,1379000000.0,9512000000.0,13893000000.0,15272000000,10111000000.0,-1041000000.0,-5648000000.0,5991000000.0,21263000000,203000000.0,196000000.0,14000000.0,18000000.0,-6000000.0,9000000.0,9000000.0,6000000.0,431000000.0,-729000000.0,,0.0,-790000000.0,-196000000.0,476000000.0,7000000.0,676000000.0,317000000,2012-09-28,34.90999984741211,35.0,34.470001220703125,34.970001220703125,21.213090896606445,5509800.0
2012-12-31,1869000000.0,-868000000.0,1001000000.0,-621000000.0,-156000000.0,,-211000000.0,380000000.0,-97000000.0,-121000000.0,283000000,0.0,283000000,-79000000.0,204000000,-2000000.0,149000000,149000000,839000000.0,620000000.0,175000000.0,1924000000.0,15467000000.0,3987000000.0,2949000000.0,22403000000.0,24327000000,1548000000.0,1000000.0,1549000000.0,10735000000.0,15351000000.0,16900000000,11850000000.0,-1041000000.0,-5695000000.0,7427000000.0,24327000000,202000000.0,211000000.0,102000000.0,31000000.0,-55000000.0,-14000000.0,55000000.0,45000000.0,546000000.0,-877000000.0,,0.0,-3241000000.0,-204000000.0,1222000000.0,1615000000.0,2538000000.0,-157000000,2012-12-31,31.71999931335449,32.759998321533196,31.649999618530273,32.740001678466804,20.06259536743164,5212400.0
2013-03-31,1810000000.0,-790000000.0,1020000000.0,-594000000.0,-132000000.0,,-201000000.0,426000000.0,-99000000.0,-128000000.0,327000000,0.0,327000000,-96000000.0,231000000,-1000000.0,161000000,161000000,702000000.0,760000000.0,190000000.0,1864000000.0,15995000000.0,4039000000.0,2918000000.0,22952000000.0,24816000000,1559000000.0,1000000.0,1560000000.0,10610000000.0,15386000000.0,16946000000,11975000000.0,-1041000000.0,-5765000000.0,7870000000.0,24816000000,230000000.0,201000000.0,112000000.0,-48000000.0,-72000000.0,-13000000.0,6000000.0,31000000.0,495000000.0,-713000000.0,,,-808000000.0,-231000000.0,-125000000.0,7000000.0,176000000.0,-137000000,2013-03-28,37.0099983215332,37.68000030517578,37.0099983215332,37.459999084472656,23.18813705444336,6465100.0
2013-06-30,1767000000.0,-801000000.0,966000000.0,-616000000.0,-123000000.0,,-198000000.0,350000000.0,-48000000.0,-127000000.0,302000000,0.0,302000000,-102000000.0,200000000,-8000000.0,142000000,142000000,824000000.0,698000000.0,174000000.0,1946000000.0,16599000000.0,4135000000.0,2977000000.0,23711000000.0,25657000000,1660000000.0,711000000.0,2371000000.0,10359000000.0,15315000000.0,17686000000,11992000000.0,-1041000000.0,-5863000000.0,7971000000.0,25657000000,192000000.0,198000000.0,169000000.0,109000000.0,62000000.0,15000000.0,-28000000.0,60000000.0,668000000.0,-817000000.0,,,-918000000.0,-241000000.0,459000000.0,2000000.0,372000000.0,122000000,2013-06-28,32.549999237060554,32.84999847412109,32.470001220703125,32.470001220703125,20.306697845458984,7983600.0
2013-09-30,1623000000.0,-710000000.0,913000000.0,-627000000.0,-130000000.0,,-207000000.0,286000000.0,-76000000.0,-124000000.0,210000000,50000000.0,260000000,-62000000.0,198000000,-1000000.0,141000000,141000000,732000000.0,590000000.0,230000000.0,1782000000.0,17467000000.0,4278000000.0,2928000000.0,24673000000.0,26455000000,1714000000.0,372000000.0,2086000000.0,10359000000.0,15423000000.0,17509000000,12300000000.0,-1041000000.0,-5973000000.0,8946000000.0,26455000000,197000000.0,207000000.0,48000000.0,87000000.0,95000000.0,-55000000.0,-25000000.0,72000000.0,539000000.0,-1012000000.0,,0.0,-1177000000.0,-250000000.0,-340000000.0,5000000.0,546000000.0,-92000000,2013-09-30,36.040000915527344,36.65999984741211,35.970001220703125,36.36000061035156,22.97182273864746,4825300.0
2013-12-31,1660000000.0,-726000000.0,934000000.0,-661000000.0,-127000000.0,,-209000000.0,273000000.0,-72000000.0,-131000000.0,201000000,-10000000.0,191000000,-141000000.0,50000000,-1000000.0,-14000000,-14000000,681000000.0,600000000.0,194000000.0,1683000000.0,18210000000.0,4360000000.0,2889000000.0,25459000000.0,27142000000,1757000000.0,226000000.0,1983000000.0,11353000000.0,16238000000.0,18221000000,12317000000.0,-1041000000.0,-6248000000.0,8921000000.0,27142000000,49000000.0,209000000.0,161000000.0,96000000.0,-50000000.0,36000000.0,12000000.0,98000000.0,515000000.0,-1027000000.0,,-6000000.0,-1149000000.0,-260000000.0,848000000.0,4000000.0,583000000.0,-51000000,2013-12-31,38.4900016784668,38.68000030517578,38.33000183105469,38.56999969482422,24.63188171386719,6645100.0
2014-03-31,1749000000.0,-769000000.0,980000000.0,-679000000.0,-150000000.0,,-214000000.0,301000000.0,-173000000.0,-140000000.0,128000000,119000000.0,247000000,-51000000.0,196000000,,140000000,140000000,1064000000.0,629000000.0,222000000.0,2178000000.0,18711000000.0,4520000000.0,2897000000.0,26128000000.0,28306000000,1798000000.0,751000000.0,2549000000.0,12099000000.0,17040000000.0,19589000000,12265000000.0,-1041000000.0,-6385000000.0,8717000000.0,28306000000,196000000.0,214000000.0,-85000000.0,121000000.0,16000000.0,-27000000.0,-16000000.0,148000000.0,446000000.0,-787000000.0,,,-992000000.0,-276000000.0,1271000000.0,14000000.0,929000000.0,383000000,2014-03-31,41.06999969482422,41.13000106811523,40.20000076293945,40.58000183105469,26.169044494628906,6639700.0
2014-06-30,1678000000.0,-724000000.0,954000000.0,-685000000.0,-136000000.0,,-214000000.0,269000000.0,-104000000.0,-163000000.0,165000000,42000000.0,207000000,-84000000.0,123000000,4000000.0,103000000,103000000,860000000.0,576000000.0,276000000.0,2119000000.0,19442000000.0,4489000000.0,8899000000.0,32830000000.0,34949000000,1645000000.0,751000000.0,2396000000.0,15539000000.0,20631000000.0,23027000000,15672000000.0,-1041000000.0,-6574000000.0,11922000000.0,34949000000,127000000.0,214000000.0,139000000.0,-167000000.0,1000000.0,-54000000.0,-18000000.0,-96000000.0,313000000.0,-1024000000.0,,0.0,-6944000000.0,-291000000.0,3438000000.0,3394000000.0,6427000000.0,-204000000,2014-06-30,58.11999893188477,58.6500015258789,58.09000015258789,58.209999084472656,37.8760871887207,5364600.0
2014-09-30,2069000000.0,-807000000.0,1262000000.0,-955000000.0,-171000000.0,,-369000000.0,307000000.0,-123000000.0,-210000000.0,184000000,2522000000.0,2706000000,-998000000.0,1708000000,0.0,1678000000,1678000000,302000000.0,860000000.0,284000000.0,1898000000.0,27398000000.0,7085000000.0,13426000000.0,47909000000.0,49807000000,1912000000.0,1019000000.0,2931000000.0,19922000000.0,26195000000.0,29126000000,15707000000.0,-1041000000.0,-5315000000.0,20681000000.0,49807000000,1708000000.0,369000000.0,-1498000000.0,-234000000.0,-123000000.0,-8000000.0,94000000.0,-197000000.0,345000000.0,-1097000000.0,,-5958000000.0,-1074000000.0,-419000000.0,600000000.0,6000000.0,171000000.0,-558000000,2014-09-30,55.93999862670898,56.36000061035156,55.099998474121094,55.349998474121094,36.36960220336914,4269200.0
2014-12-31,2141000000.0,-716000000.0,1425000000.0,-913000000.0,-204000000.0,,-379000000.0,512000000.0,-129000000.0,-234000000.0,383000000,41000000.0,424000000,-116000000.0,308000000,0.0,193000000,193000000,240000000.0,972000000.0,231000000.0,1890000000.0,28081000000.0,8400000000.0,12084000000.0,48565000000.0,50455000000,1765000000.0,802000000.0,2567000000.0,20780000000.0,27716000000.0,30283000000,15707000000.0,-1041000000.0,-5548000000.0,20172000000.0,50455000000,308000000.0,379000000.0,284000000.0,40000000.0,-170000000.0,53000000.0,-68000000.0,225000000.0,1011000000.0,-1089000000.0,,0.0,-1147000000.0,-426000000.0,756000000.0,2000000.0,74000000.0,-62000000,2014-12-31,44.97999954223633,45.41999816894531,44.810001373291016,44.93999862670898,29.890085220336914,6528200.0
2015-03-31,1716000000.0,-462000000.0,1254000000.0,-1027000000.0,-196000000.0,,-427000000.0,227000000.0,-184000000.0,-251000000.0,43000000,0.0,43000000,-30000000.0,13000000,,70000000,70000000,341000000.0,748000000.0,200000000.0,1622000000.0,28536000000.0,8319000000.0,11980000000.0,48835000000.0,50457000000,1529000000.0,801000000.0,2330000000.0,21690000000.0,28546000000.0,30876000000,15562000000.0,-1041000000.0,-5914000000.0,19581000000.0,50457000000,13000000.0,427000000.0,51000000.0,178000000.0,300000000.0,32000000.0,-75000000.0,-79000000.0,669000000.0,-832000000.0,,,-756000000.0,-434000000.0,808000000.0,10000000.0,188000000.0,101000000,2015-03-31,50.18999862670898,50.88999938964844,50.02999877929688,50.59000015258789,34.062225341796875,5412300.0
2015-06-30,1839000000.0,-494000000.0,1345000000.0,-1055000000.0,-174000000.0,,-428000000.0,290000000.0,-126000000.0,-262000000.0,164000000,102000000.0,266000000,-83000000.0,183000000,,114000000,114000000,204000000.0,742000000.0,168000000.0,1426000000.0,29089000000.0,8712000000.0,11936000000.0,49737000000.0,51163000000,1647000000.0,2121000000.0,3768000000.0,21285000000.0,28224000000.0,31992000000,15596000000.0,-1041000000.0,-6243000000.0,19171000000.0,51163000000,183000000.0,428000000.0,133000000.0,70000000.0,50000000.0,32000000.0,27000000.0,-39000000.0,814000000.0,-816000000.0,,-112000000.0,-1246000000.0,-442000000.0,932000000.0,11000000.0,295000000.0,-137000000,2015-06-30,56.83000183105469,57.88000106811523,56.83000183105469,57.38999938964844,39.11982345581055,9778700.0
2015-09-30,1799000000.0,-426000000.0,1373000000.0,-1015000000.0,-177000000.0,,-432000000.0,358000000.0,-133000000.0,-263000000.0,225000000,-463000000.0,-238000000,65000000.0,-173000000,,-40000000,-40000000,125000000.0,704000000.0,156000000.0,1264000000.0,29476000000.0,8198000000.0,11881000000.0,49555000000.0,50819000000,1951000000.0,1907000000.0,3858000000.0,21805000000.0,28701000000.0,32559000000,15617000000.0,-1041000000.0,-6764000000.0,18260000000.0,50819000000,-173000000.0,432000000.0,418000000.0,-74000000.0,24000000.0,12000000.0,-89000000.0,-21000000.0,603000000.0,-774000000.0,,0.0,-705000000.0,-480000000.0,309000000.0,6000000.0,23000000.0,-79000000,2015-09-30,35.7400016784668,37.18000030517578,35.009998321533196,36.849998474121094,25.47029113769531,17620600.0
2015-12-31,2006000000.0,-397000000.0,1609000000.0,-1077000000.0,-194000000.0,,-451000000.0,532000000.0,-137000000.0,-268000000.0,395000000,-2179000000.0,-1784000000,447000000.0,-1337000000,,-715000000,-715000000,100000000.0,1041000000.0,127000000.0,1527000000.0,29579000000.0,7336000000.0,10578000000.0,47493000000.0,49020000000,1822000000.0,675000000.0,2497000000.0,23812000000.0,30298000000.0,32795000000,15591000000.0,-1041000000.0,-7960000000.0,16225000000.0,49020000000,-1337000000.0,451000000.0,1815000000.0,-307000000.0,-335000000.0,29000000.0,49000000.0,-50000000.0,622000000.0,-742000000.0,,0.0,-592000000.0,-480000000.0,901000000.0,0.0,-55000000.0,-25000000,2015-12-31,24.1200008392334,25.81999969482422,24.04999923706055,25.70000076293945,18.190933227539066,10001200.0
2016-03-31,1660000000.0,-318000000.0,1342000000.0,-1080000000.0,-221000000.0,,-445000000.0,262000000.0,-161000000.0,-291000000.0,101000000,-112000000.0,-11000000,-2000000.0,-13000000,,-65000000,-65000000,164000000.0,733000000.0,142000000.0,1261000000.0,29823000000.0,7181000000.0,10542000000.0,47546000000.0,48807000000,1678000000.0,1111000000.0,2789000000.0,23701000000.0,30394000000.0,33183000000,15618000000.0,-1041000000.0,-8508000000.0,15624000000.0,48807000000,-13000000.0,445000000.0,135000000.0,216000000.0,298000000.0,-16000000.0,-23000000.0,-43000000.0,783000000.0,-489000000.0,,0.0,-346000000.0,-480000000.0,332000000.0,6000000.0,-373000000.0,64000000,2016-03-31,15.6899995803833,16.120000839233402,15.40999984741211,16.069999694824222,11.794952392578125,7605800.0
2016-06-30,1736000000.0,-401000000.0,1335000000.0,-1021000000.0,-158000000.0,,-446000000.0,314000000.0,-162000000.0,-298000000.0,152000000,-802000000.0,-650000000,145000000.0,-505000000,,-405000000,-405000000,135000000.0,730000000.0,122000000.0,2357000000.0,28249000000.0,7125000000.0,10393000000.0,45767000000.0,48124000000,1591000000.0,982000000.0,2752000000.0,24394000000.0,30950000000.0,33702000000,15634000000.0,-1041000000.0,-9394000000.0,14422000000.0,48124000000,-505000000.0,446000000.0,672000000.0,73000000.0,-8000000.0,13000000.0,36000000.0,32000000.0,686000000.0,-549000000.0,,0.0,-400000000.0,-481000000.0,566000000.0,0.0,-301000000.0,-15000000,2016-06-30,20.61000061035156,21.729999542236328,20.549999237060547,21.6299991607666,16.356706619262695,14657000.0
2016-09-30,1905000000.0,-461000000.0,1444000000.0,-1098000000.0,-177000000.0,,-435000000.0,346000000.0,-145000000.0,-297000000.0,201000000,-1000000.0,200000000,-69000000.0,131000000,,61000000,61000000,77000000.0,854000000.0,120000000.0,1627000000.0,28263000000.0,7084000000.0,10314000000.0,45661000000.0,47288000000,1678000000.0,787000000.0,2465000000.0,23932000000.0,30599000000.0,33064000000,15715000000.0,-1041000000.0,-9483000000.0,14224000000.0,47288000000,131000000.0,435000000.0,153000000.0,-91000000.0,-118000000.0,-4000000.0,-19000000.0,50000000.0,628000000.0,-510000000.0,,712000000.0,346000000.0,-150000000.0,-655000000.0,2000000.0,-1046000000.0,-72000000,2016-09-30,30.790000915527344,30.96999931335449,30.38999938964844,30.729999542236328,23.39864921569824,6703500.0
2016-12-31,2198000000.0,-545000000.0,1653000000.0,-1013000000.0,-166000000.0,,-437000000.0,640000000.0,-166000000.0,-293000000.0,474000000,-388000000.0,86000000,-49000000.0,37000000,,-15000000,-15000000,170000000.0,938000000.0,138000000.0,1462000000.0,28428000000.0,6701000000.0,10244000000.0,45373000000.0,46835000000,2071000000.0,878000000.0,2949000000.0,22624000000.0,29840000000.0,32789000000,15672000000.0,-1041000000.0,-9649000000.0,14046000000.0,46835000000,37000000.0,437000000.0,408000000.0,831000000.0,-90000000.0,-18000000.0,41000000.0,898000000.0,1713000000.0,-473000000.0,,342000000.0,-146000000.0,-150000000.0,-1215000000.0,1000000.0,-1474000000.0,93000000,2016-12-30,30.940000534057614,31.649999618530273,30.88999938964844,31.13999938964844,23.86287498474121,3982200.0
2017-03-31,1988000000.0,-579000000.0,1409000000.0,-979000000.0,-161000000.0,,-442000000.0,430000000.0,176000000.0,-280000000.0,606000000,,606000000,-37000000.0,569000000,,373000000,373000000,639000000.0,867000000.0,148000000.0,2845000000.0,27762000000.0,6738000000.0,10167000000.0,44667000000.0,47512000000,2002000000.0,0.0,2045000000.0,21825000000.0,30058000000.0,32103000000,19306000000.0,-1041000000.0,-9487000000.0,15409000000.0,47512000000,569000000.0,442000000.0,-220000000.0,-147000000.0,29000000.0,-30000000.0,32000000.0,-178000000.0,644000000.0,-513000000.0,,200000000.0,-160000000.0,-248000000.0,-1623000000.0,2122000000.0,-15000000.0,469000000,2017-03-31,29.059999465942386,29.690000534057614,29.059999465942386,29.59000015258789,22.908700942993164,9239800.0
2017-06-30,1924000000.0,-537000000.0,1387000000.0,-984000000.0,-153000000.0,,-433000000.0,403000000.0,-120000000.0,-271000000.0,283000000,-25000000.0,258000000,-65000000.0,193000000,,81000000,81000000,1918000000.0,693000000.0,150000000.0,3969000000.0,28042000000.0,6675000000.0,10084000000.0,44801000000.0,48770000000,2009000000.0,1951000000.0,3996000000.0,21325000000.0,29593000000.0,33589000000,19332000000.0,-1041000000.0,-9654000000.0,15181000000.0,48770000000,193000000.0,433000000.0,104000000.0,-20000000.0,172000000.0,0.0,-3000000.0,-189000000.0,710000000.0,-557000000.0,,0.0,-436000000.0,-248000000.0,1463000000.0,3000000.0,1005000000.0,1279000000,2017-06-30,29.959999084472656,30.43000030517578,29.84000015258789,30.28000068664551,23.68583106994629,6854400.0
2017-09-30,1891000000.0,-504000000.0,1387000000.0,-998000000.0,-138000000.0,,-433000000.0,389000000.0,-125000000.0,-267000000.0,264000000,-115000000.0,149000000,-24000000.0,125000000,,33000000,33000000,1172000000.0,783000000.0,144000000.0,2293000000.0,27709000000.0,6615000000.0,9503000000.0,43827000000.0,46120000000,1852000000.0,502000000.0,2354000000.0,20567000000.0,28884000000.0,31238000000,19353000000.0,-1041000000.0,-9872000000.0,14882000000.0,46120000000,125000000.0,433000000.0,137000000.0,-73000000.0,-83000000.0,7000000.0,18000000.0,-15000000.0,622000000.0,-657000000.0,,2056000000.0,1513000000.0,-248000000.0,-2395000000.0,5000000.0,-2881000000.0,-746000000,2017-09-29,29.86000061035156,30.07999992370605,29.84000015258789,30.01000022888184,23.710872650146484,2996200.0
2017-12-31,2228000000.0,-680000000.0,1548000000.0,-1690000000.0,-142000000.0,,-428000000.0,-142000000.0,-323000000.0,-265000000.0,-465000000,-13000000.0,-478000000,2100000000.0,1622000000,,1687000000,1687000000,899000000.0,976000000.0,113000000.0,2179000000.0,28211000000.0,6552000000.0,9410000000.0,44173000000.0,46352000000,2145000000.0,501000000.0,2646000000.0,20434000000.0,27531000000.0,30177000000,19369000000.0,-1041000000.0,-8434000000.0,16175000000.0,46352000000,1622000000.0,428000000.0,-1294000000.0,7000000.0,-206000000.0,31000000.0,71000000.0,111000000.0,763000000.0,-713000000.0,,11000000.0,-467000000.0,-248000000.0,-130000000.0,1000000.0,-569000000.0,-273000000,2017-12-29,30.59000015258789,30.71999931335449,30.40999984741211,30.489999771118164,24.34467887878418,2914900.0
2018-03-31,2088000000.0,-613000000.0,1475000000.0,-984000000.0,-132000000.0,,-431000000.0,491000000.0,-166000000.0,-273000000.0,325000000,,325000000,-55000000.0,270000000,,152000000,152000000,1292000000.0,743000000.0,160000000.0,2399000000.0,28847000000.0,6513000000.0,9293000000.0,44653000000.0,47052000000,1663000000.0,501000000.0,2164000000.0,21379000000.0,28985000000.0,31149000000,19395000000.0,-1041000000.0,-8587000000.0,15903000000.0,47052000000,270000000.0,431000000.0,87000000.0,-152000000.0,238000000.0,-40000000.0,-197000000.0,-153000000.0,636000000.0,-958000000.0,,0.0,-740000000.0,-281000000.0,988000000.0,10000000.0,497000000.0,393000000,2018-03-29,24.95000076293945,25.18000030517578,24.59000015258789,24.86000061035156,20.098268508911133,20019600.0
2018-06-30,2091000000.0,-636000000.0,1455000000.0,-979000000.0,-130000000.0,,-434000000.0,476000000.0,-89000000.0,-275000000.0,387000000,-66000000.0,321000000,-52000000.0,269000000,,135000000,135000000,275000000.0,844000000.0,153000000.0,1541000000.0,28953000000.0,6810000000.0,9070000000.0,44833000000.0,46374000000,1956000000.0,2000000.0,1958000000.0,21313000000.0,28969000000.0,30927000000,19414000000.0,-1041000000.0,-8735000000.0,15447000000.0,46374000000,269000000.0,434000000.0,156000000.0,-52000000.0,-117000000.0,7000000.0,127000000.0,-69000000.0,807000000.0,-929000000.0,,0.0,-787000000.0,-282000000.0,-570000000.0,1000000.0,-1037000000.0,-1017000000,2018-06-29,27.31999969482422,27.34000015258789,26.920000076293945,27.11000061035156,22.2055778503418,9774800.0
2018-09-30,2303000000.0,-790000000.0,1513000000.0,-1012000000.0,-174000000.0,,-425000000.0,501000000.0,-111000000.0,-270000000.0,390000000,0.0,390000000,-190000000.0,200000000,,129000000,129000000,42000000.0,883000000.0,153000000.0,1984000000.0,28674000000.0,7427000000.0,9068000000.0,45169000000.0,47153000000,1856000000.0,856000000.0,2761000000.0,21409000000.0,27433000000.0,30194000000,25925000000.0,-1041000000.0,-9018000000.0,16959000000.0,47153000000,200000000.0,425000000.0,215000000.0,-180000000.0,-46000000.0,-6000000.0,-6000000.0,-122000000.0,660000000.0,-774000000.0,,0.0,-1228000000.0,-411000000.0,947000000.0,4000000.0,335000000.0,-233000000,2018-09-28,27.20000076293945,27.46999931335449,27.11000061035156,27.190000534057614,22.53104591369629,8727700.0
2018-12-31,2204000000.0,-668000000.0,1536000000.0,-1013000000.0,-133000000.0,,-435000000.0,523000000.0,-39000000.0,-294000000.0,484000000,-1189000000.0,-705000000,159000000.0,-546000000,,-571000000,-572000000,168000000.0,992000000.0,130000000.0,1464000000.0,27504000000.0,7821000000.0,8513000000.0,43838000000.0,45302000000,1764000000.0,47000000.0,1811000000.0,22367000000.0,27494000000.0,29305000000,25938000000.0,-1041000000.0,-10002000000.0,15997000000.0,45302000000,-546000000.0,435000000.0,1166000000.0,135000000.0,-111000000.0,23000000.0,-17000000.0,240000000.0,1190000000.0,-602000000.0,,1296000000.0,19000000.0,-412000000.0,-643000000.0,0.0,-1083000000.0,126000000,2018-12-31,21.459999084472656,22.059999465942386,21.190000534057614,22.049999237060547,18.53225326538086,13561900.0
2019-03-31,2054000000.0,-565000000.0,1489000000.0,-928000000.0,-128000000.0,,-416000000.0,561000000.0,-204000000.0,-296000000.0,357000000,-74000000.0,283000000,-69000000.0,214000000,,195000000,194000000,43000000.0,929000000.0,129000000.0,1287000000.0,29081000000.0,6544000000.0,9058000000.0,44683000000.0,45970000000,1594000000.0,2575000000.0,4169000000.0,20703000000.0,26076000000.0,30245000000,25949000000.0,-1041000000.0,-10270000000.0,15725000000.0,45970000000,214000000.0,416000000.0,255000000.0,-110000000.0,97000000.0,1000000.0,-39000000.0,-169000000.0,775000000.0,-426000000.0,,-727000000.0,-1258000000.0,-460000000.0,858000000.0,6000000.0,358000000.0,-125000000,2019-03-29,28.95000076293945,29.0,28.51000022888184,28.71999931335449,24.478256225585934,5596500.0
2019-06-30,2041000000.0,-507000000.0,1534000000.0,-972000000.0,-152000000.0,,-424000000.0,562000000.0,-76000000.0,-296000000.0,486000000,-64000000.0,422000000,-98000000.0,324000000,,310000000,310000000,806000000.0,879000000.0,134000000.0,2028000000.0,29131000000.0,6261000000.0,9089000000.0,44481000000.0,46509000000,1826000000.0,1563000000.0,3389000000.0,20711000000.0,26039000000.0,29428000000,25542000000.0,-1041000000.0,-10423000000.0,17081000000.0,46509000000,324000000.0,424000000.0,145000000.0,176000000.0,52000000.0,3000000.0,-59000000.0,180000000.0,1069000000.0,-508000000.0,,485000000.0,-166000000.0,-461000000.0,-1010000000.0,0.0,-140000000.0,763000000,2019-06-28,27.56999969482422,28.06999969482422,27.489999771118164,28.040000915527344,24.229284286499023,8299800.0
2019-09-30,1999000000.0,-434000000.0,1565000000.0,-937000000.0,-130000000.0,,-435000000.0,628000000.0,-195000000.0,-296000000.0,433000000,-114000000.0,319000000,-77000000.0,242000000,,221000000,220000000,247000000.0,875000000.0,129000000.0,1434000000.0,29613000000.0,6228000000.0,9006000000.0,44847000000.0,46281000000,1786000000.0,1538000000.0,3324000000.0,20719000000.0,26098000000.0,29422000000,25557000000.0,-1041000000.0,-10664000000.0,16859000000.0,46281000000,242000000.0,435000000.0,250000000.0,-69000000.0,10000000.0,3000000.0,22000000.0,-104000000.0,858000000.0,-803000000.0,,-1000000.0,-920000000.0,-461000000.0,-20000000.0,4000000.0,-497000000.0,-559000000,2019-09-30,24.239999771118164,24.3700008392334,23.95000076293945,24.059999465942386,21.11158561706543,5806600.0
2019-12-31,2107000000.0,-455000000.0,1652000000.0,-1016000000.0,-148000000.0,,-439000000.0,636000000.0,-196000000.0,-298000000.0,440000000,-400000000.0,40000000,-91000000.0,-51000000,-15000000.0,124000000,123000000,289000000.0,996000000.0,125000000.0,1580000000.0,29200000000.0,6235000000.0,9025000000.0,44460000000.0,46040000000,1828000000.0,2140000000.0,3968000000.0,20148000000.0,25708000000.0,29676000000,25570000000.0,-1041000000.0,-11002000000.0,16364000000.0,46040000000,-66000000.0,439000000.0,624000000.0,-6000000.0,-125000000.0,-2000000.0,30000000.0,91000000.0,991000000.0,-412000000.0,,-2000000.0,-483000000.0,-460000000.0,30000000.0,0.0,-466000000.0,42000000,2019-12-31,23.13999938964844,23.729999542236328,23.10000038146973,23.71999931335449,21.159988403320312,8600200.0
2020-03-31,1913000000.0,-396000000.0,1517000000.0,-892000000.0,-113000000.0,,-429000000.0,625000000.0,-274000000.0,-296000000.0,351000000,-1125000000.0,-774000000,204000000.0,-570000000,,-517000000,-518000000,400000000.0,930000000.0,105000000.0,1565000000.0,29141000000.0,5179000000.0,8744000000.0,43064000000.0,44629000000,1488000000.0,628000000.0,2116000000.0,21848000000.0,27254000000.0,29370000000,25578000000.0,-1041000000.0,-12013000000.0,15259000000.0,44629000000,-570000000.0,429000000.0,1104000000.0,-176000000.0,67000000.0,19000000.0,-155000000.0,-107000000.0,787000000.0,-309000000.0,,,-329000000.0,-485000000.0,184000000.0,6000000.0,-347000000.0,111000000,2020-03-31,13.989999771118164,14.369999885559082,13.75,14.149999618530273,12.946089744567873,22671900.0
2020-06-30,1781000000.0,-271000000.0,1510000000.0,-892000000.0,-127000000.0,,-430000000.0,618000000.0,-186000000.0,-294000000.0,432000000,,432000000,-117000000.0,315000000,,303000000,303000000,1133000000.0,907000000.0,134000000.0,2338000000.0,29137000000.0,5155000000.0,8713000000.0,43005000000.0,45343000000,1812000000.0,626000000.0,2438000000.0,22323000000.0,27825000000.0,30263000000,25591000000.0,-1041000000.0,-12197000000.0,15080000000.0,45343000000,315000000.0,430000000.0,179000000.0,219000000.0,18000000.0,-28000000.0,391000000.0,-162000000.0,1143000000.0,-320000000.0,,,-341000000.0,-486000000.0,486000000.0,0.0,-69000000.0,733000000,2020-06-30,18.239999771118164,19.09000015258789,18.040000915527344,19.020000457763672,17.754362106323242,9757100.0
