Report Date,Revenue,Cost of Revenue,Gross Profit,Operating Expenses,"Selling, General & Administrative",Research & Development,Depreciation & Amortization,Operating Income (Loss),Non-Operating Income (Loss),"Interest Expense, Net","Pretax Income (Loss), Adj.",Abnormal Gains (Losses),Pretax Income (Loss),"Income Tax (Expense) Benefit, Net",Income (Loss) from Continuing Operations,Net Extraordinary Gains (Losses),Net Income,Net Income (Common),"Cash, Cash Equivalents & Short Term Investments",Accounts & Notes Receivable,Inventories,Total Current Assets,"Property, Plant & Equipment, Net",Long Term Investments & Receivables,Other Long Term Assets,Total Noncurrent Assets,Total Assets,Payables & Accruals,Short Term Debt,Total Current Liabilities,Long Term Debt,Total Noncurrent Liabilities,Total Liabilities,Share Capital & Additional Paid-In Capital,Treasury Stock,Retained Earnings,Total Equity,Total Liabilities & Equity,Net Income/Starting Line,Depreciation & Amortization,Non-Cash Items,Change in Working Capital,Change in Accounts Receivable,Change in Inventories,Change in Accounts Payable,Change in Other,Net Cash from Operating Activities,Change in Fixed Assets & Intangibles,Net Change in Long Term Investment,Net Cash from Acquisitions & Divestitures,Net Cash from Investing Activities,Dividends Paid,Cash from (Repayment of) Debt,Cash from (Repurchase of) Equity,Net Cash from Financing Activities,Net Change in Cash,Price Date,Open,High,Low,Close,Adj Close,Volume
2009-06-30,72874000000.0,-44932000000.0,27942000000.0,-7013000000.0,-3519000000.0,-490000000.0,-3004000000.0,20929000000.0,-13412000000.0,-343000000.0,7517000000,,7517000000,-3571000000.0,3946000000,,3950000000,3950000000,15729000000.0,26862000000.0,12441000000.0,59496000000.0,127861000000.0,30358000000.0,6946000000.0,165165000000.0,224661000000,41895000000.0,2157000000.0,51614000000.0,7117000000.0,61894000000.0,113508000000,5260000000.0,-160579000000.0,270160000000.0,111153000000.0,224661000000,3946000000.0,3004000000.0,,-4753000000.0,,,,-4753000000.0,2197000000.0,-5565000000.0,,,-4973000000.0,-2039000000.0,-33000000.0,-5182000000.0,-7255000000.0,-9396000000,2009-06-30,70.5999984741211,70.97000122070312,69.11000061035156,69.91000366210939,44.2086296081543,27339800.0
2009-09-30,80585000000.0,-49786000000.0,30799000000.0,-7309000000.0,-3887000000.0,-495000000.0,-2927000000.0,23490000000.0,-14286000000.0,-62000000.0,9204000000,,9204000000,-4333000000.0,4871000000,,4730000000,4730000000,12623000000.0,26937000000.0,12585000000.0,57324000000.0,132874000000.0,32064000000.0,7045000000.0,171983000000.0,229307000000,42645000000.0,2418000000.0,52933000000.0,7185000000.0,64269000000.0,117202000000,5445000000.0,-164679000000.0,272879000000.0,112105000000.0,229307000000,4871000000.0,2927000000.0,,1029000000.0,,,,1029000000.0,8827000000.0,-5490000000.0,,,-6284000000.0,-2011000000.0,188000000.0,-4122000000.0,-6028000000.0,-3104000000,2009-09-30,68.98000335693361,69.23999786376953,68.04000091552734,68.61000061035156,43.65155792236328,27117400.0
2009-12-31,87426000000.0,-55342000000.0,32084000000.0,-7759000000.0,-3881000000.0,-685000000.0,-3193000000.0,24325000000.0,-14119000000.0,-36000000.0,10206000000,,10206000000,-4067000000.0,6139000000,,6050000000,6050000000,10862000000.0,27645000000.0,11553000000.0,55235000000.0,139116000000.0,31665000000.0,7307000000.0,178088000000.0,233323000000,41275000000.0,2476000000.0,52061000000.0,7129000000.0,65870000000.0,117931000000,5503000000.0,-166410000000.0,276937000000.0,115392000000.0,233323000000,6139000000.0,3193000000.0,-1474000000.0,646000000.0,-3170000000.0,459000000.0,1420000000.0,1937000000.0,8504000000.0,-6763000000.0,555000000.0,,-6422000000.0,-1992000000.0,-116000000.0,-1916000000.0,-3895000000.0,-1779000000,2009-12-31,68.83999633789061,68.86000061035156,68.11000061035156,68.19000244140625,43.63687133789063,18852300.0
2010-03-31,87714000000.0,-55220000000.0,32494000000.0,-7480000000.0,-3514000000.0,-686000000.0,-3280000000.0,25014000000.0,-12946000000.0,-55000000.0,12068000000,,12068000000,-5493000000.0,6575000000,,6300000000,6300000000,13827000000.0,29052000000.0,13488000000.0,61696000000.0,140819000000.0,32541000000.0,7692000000.0,181052000000.0,242748000000,46136000000.0,2396000000.0,57744000000.0,7054000000.0,67338000000.0,125082000000,5300000000.0,-168473000000.0,281251000000.0,117666000000.0,242748000000,6575000000.0,3280000000.0,,3191000000.0,,,,3191000000.0,13046000000.0,-5756000000.0,,,-5167000000.0,-1986000000.0,-97000000.0,-2453000000.0,-4620000000.0,3049000000,2010-03-31,66.94000244140625,67.19000244140625,66.59999847412111,66.98000335693361,43.142173767089844,22352500.0
2010-06-30,90242000000.0,-56845000000.0,33397000000.0,-7380000000.0,-3607000000.0,-407000000.0,-3366000000.0,26017000000.0,-13311000000.0,-40000000.0,12706000000,,12706000000,-4960000000.0,7746000000,,7560000000,7560000000,13267000000.0,29206000000.0,13439000000.0,62216000000.0,188069000000.0,32642000000.0,8141000000.0,228852000000.0,291068000000,45454000000.0,2946000000.0,57821000000.0,17486000000.0,87880000000.0,145701000000,9002000000.0,-148820000000.0,286745000000.0,145367000000.0,291068000000,7746000000.0,3366000000.0,,-1877000000.0,,,,-1877000000.0,9235000000.0,-5644000000.0,-4000000.0,,-5078000000.0,-2066000000.0,-583000000.0,-1499000000.0,-4177000000.0,-490000000,2010-06-30,57.33000183105469,57.72999954223633,56.91999816894531,57.06999969482422,37.008731842041016,43944900.0
2010-09-30,92855000000.0,-57857000000.0,34998000000.0,-8051000000.0,-3707000000.0,-500000000.0,-3844000000.0,26947000000.0,-14089000000.0,-54000000.0,12858000000,,12858000000,-5297000000.0,7561000000,,7350000000,7350000000,12259000000.0,30244000000.0,14302000000.0,62633000000.0,195440000000.0,33173000000.0,8748000000.0,237361000000.0,299994000000,48251000000.0,3046000000.0,61740000000.0,15248000000.0,87654000000.0,149394000000,9341000000.0,-151832000000.0,291861000000.0,150600000000.0,299994000000,7561000000.0,3844000000.0,,1672000000.0,,,,1672000000.0,13077000000.0,-7801000000.0,140000000.0,,-6879000000.0,-2234000000.0,-2262000000.0,-3114000000.0,-7697000000.0,-1008000000,2010-09-30,61.95000076293945,62.43999862670898,61.47000122070313,61.790000915527344,40.35626602172852,25460200.0
2010-12-31,101733000000.0,-63829000000.0,37904000000.0,-8676000000.0,-3855000000.0,-551000000.0,-4270000000.0,29228000000.0,-13901000000.0,-110000000.0,15327000000,,15327000000,-5811000000.0,9516000000,,9250000000,9250000000,7825000000.0,32284000000.0,12976000000.0,58984000000.0,199548000000.0,35338000000.0,8640000000.0,243526000000.0,302510000000,50034000000.0,2787000000.0,62633000000.0,12227000000.0,87198000000.0,149831000000,9371000000.0,-156608000000.0,298899000000.0,152679000000.0,302510000000,9516000000.0,4270000000.0,129000000.0,-860000000.0,-5863000000.0,-1148000000.0,9943000000.0,-3792000000.0,13055000000.0,-7670000000.0,4000000.0,,-7080000000.0,-2212000000.0,-3268000000.0,-4984000000.0,-10430000000.0,-4419000000,2010-12-31,73.16000366210938,73.51000213623047,73.0199966430664,73.12000274658203,48.05681610107422,15273700.0
2011-03-31,110177000000.0,-70017000000.0,40160000000.0,-7722000000.0,-3627000000.0,-334000000.0,-3761000000.0,32438000000.0,-13521000000.0,-29000000.0,18917000000,,18917000000,-8004000000.0,10913000000,,10650000000,10650000000,12833000000.0,35146000000.0,16262000000.0,72022000000.0,203726000000.0,35207000000.0,8578000000.0,247511000000.0,319533000000,57700000000.0,3560000000.0,73576000000.0,12316000000.0,88426000000.0,162002000000,9156000000.0,-161381000000.0,307361000000.0,157531000000.0,319533000000,10913000000.0,3761000000.0,,2182000000.0,,,,2182000000.0,16856000000.0,-7051000000.0,,,-5353000000.0,-2188000000.0,812000000.0,-5269000000.0,-6749000000.0,5008000000,2011-03-31,84.81999969482422,84.94000244140625,84.11000061035156,84.12999725341797,55.584327697753906,15317800.0
2011-06-30,121766000000.0,-79769000000.0,41997000000.0,-8154000000.0,-3681000000.0,-592000000.0,-3881000000.0,33843000000.0,-15224000000.0,-45000000.0,18619000000,,18619000000,-7721000000.0,10898000000,,10680000000,10680000000,10041000000.0,35331000000.0,19048000000.0,72305000000.0,209807000000.0,35241000000.0,8851000000.0,253899000000.0,326204000000,57853000000.0,4365000000.0,74533000000.0,12123000000.0,89836000000.0,164369000000,9352000000.0,-166735000000.0,315733000000.0,161835000000.0,326204000000,10898000000.0,3881000000.0,,-1890000000.0,,,,-1890000000.0,12889000000.0,-7812000000.0,-1754000000.0,,-10504000000.0,-2308000000.0,576000000.0,-5444000000.0,-7065000000.0,-4546000000,2011-06-30,80.38999938964844,81.41000366210938,80.2699966430664,81.37999725341797,54.07236862182617,19942100.0
2011-09-30,121415000000.0,-79488000000.0,41927000000.0,-8358000000.0,-3764000000.0,-728000000.0,-3866000000.0,33569000000.0,-14889000000.0,-98000000.0,18680000000,,18680000000,-8009000000.0,10671000000,,10330000000,10330000000,11022000000.0,34368000000.0,16730000000.0,69376000000.0,209194000000.0,35342000000.0,9315000000.0,253851000000.0,323227000000,54572000000.0,7431000000.0,74971000000.0,9331000000.0,86044000000.0,161015000000,9506000000.0,-172025000000.0,323786000000.0,162212000000.0,323227000000,10671000000.0,3866000000.0,,312000000.0,,,,312000000.0,14849000000.0,-7478000000.0,1674000000.0,,-4296000000.0,-2277000000.0,247000000.0,-5304000000.0,-7397000000.0,2735000000,2011-09-30,72.76000213623047,74.58999633789062,72.62999725341797,72.62999725341797,48.57718276977539,30917000.0
2011-12-31,117782000000.0,-77528000000.0,40254000000.0,-8413000000.0,-3911000000.0,-427000000.0,-4075000000.0,31841000000.0,-14800000000.0,-75000000.0,17041000000,,17041000000,-7317000000.0,9724000000,,9400000000,9400000000,12664000000.0,38642000000.0,15024000000.0,72963000000.0,214664000000.0,34333000000.0,9092000000.0,258089000000.0,331052000000,57067000000.0,7711000000.0,77505000000.0,9322000000.0,92803000000.0,170308000000,9512000000.0,-176932000000.0,330939000000.0,160744000000.0,331052000000,9724000000.0,4075000000.0,262000000.0,-3310000000.0,-7906000000.0,-2208000000.0,8880000000.0,-2076000000.0,10751000000.0,-8634000000.0,0.0,,-2012000000.0,-2247000000.0,322000000.0,-5114000000.0,-7045000000.0,1642000000,2011-12-30,85.16000366210938,85.29000091552734,84.56999969482422,84.76000213623047,57.02790832519531,9768900.0
2012-03-31,119843000000.0,-79675000000.0,40168000000.0,-7965000000.0,-3601000000.0,-522000000.0,-3842000000.0,32203000000.0,-14688000000.0,-107000000.0,17515000000,,17515000000,-7716000000.0,9799000000,,9450000000,9450000000,18670000000.0,35844000000.0,14749000000.0,76160000000.0,214602000000.0,34527000000.0,19863000000.0,268992000000.0,345152000000,59084000000.0,6419000000.0,79994000000.0,9231000000.0,101041000000.0,181035000000,9007000000.0,-182165000000.0,338168000000.0,164117000000.0,345152000000,9799000000.0,3842000000.0,,5646000000.0,,,,5646000000.0,19287000000.0,-7843000000.0,,,-5351000000.0,-2221000000.0,-403000000.0,-5622000000.0,-8130000000.0,6006000000,2012-03-30,86.4800033569336,86.76000213623047,86.08999633789062,86.7300033569336,58.67273712158203,12968300.0
2012-06-30,123712000000.0,-76131000000.0,47581000000.0,-7757000000.0,-3486000000.0,-372000000.0,-3899000000.0,39824000000.0,-13633000000.0,-50000000.0,26191000000,,26191000000,-8537000000.0,17654000000,,15910000000,15910000000,17802000000.0,33741000000.0,15158000000.0,72797000000.0,214940000000.0,33921000000.0,7987000000.0,256848000000.0,329645000000,51322000000.0,6704000000.0,70136000000.0,8877000000.0,91524000000.0,161660000000,9221000000.0,-187172000000.0,351421000000.0,167985000000.0,329645000000,17654000000.0,3899000000.0,,-11336000000.0,,,,-11336000000.0,10217000000.0,-8345000000.0,,,-3756000000.0,-2657000000.0,567000000.0,-5008000000.0,-7153000000.0,-868000000,2012-06-29,84.77999877929688,85.69999694824219,84.45999908447266,85.56999969482422,58.28678894042969,24906300.0
2012-09-30,111755000000.0,-73743000000.0,38012000000.0,-7999000000.0,-3468000000.0,-494000000.0,-4037000000.0,30013000000.0,-12693000000.0,-59000000.0,17320000000,,17320000000,-7394000000.0,9926000000,,9570000000,9570000000,13055000000.0,36635000000.0,16575000000.0,72138000000.0,220330000000.0,35105000000.0,7618000000.0,263053000000.0,335191000000,53516000000.0,3496000000.0,70061000000.0,8928000000.0,92775000000.0,162836000000,9645000000.0,-192188000000.0,358369000000.0,172355000000.0,335191000000,9926000000.0,4037000000.0,,-521000000.0,,,,-521000000.0,13442000000.0,-8026000000.0,,,-7492000000.0,-2622000000.0,-3088000000.0,-5000000000.0,-10860000000.0,-4747000000,2012-09-28,91.4800033569336,91.6500015258789,90.93000030517578,91.4499969482422,62.69681167602539,12507600.0
2012-12-31,110361000000.0,-72507000000.0,37854000000.0,-7884000000.0,-3322000000.0,-452000000.0,-4110000000.0,29970000000.0,-12270000000.0,-111000000.0,17700000000,,17700000000,-7398000000.0,10302000000,,9950000000,9950000000,9582000000.0,34987000000.0,14542000000.0,64460000000.0,226949000000.0,34718000000.0,7668000000.0,269335000000.0,333795000000,50728000000.0,3653000000.0,64139000000.0,7928000000.0,97996000000.0,162135000000,9653000000.0,-197333000000.0,365727000000.0,171660000000.0,333795000000,10302000000.0,4110000000.0,3313000000.0,-4501000000.0,-1082000000.0,-1873000000.0,3624000000.0,-5170000000.0,13224000000.0,-10057000000.0,,,-9002000000.0,-2592000000.0,16000000.0,-5245000000.0,-7725000000.0,-3473000000,2012-12-31,85.04000091552734,86.66000366210938,84.69999694824219,86.55000305175781,59.70895385742188,19810800.0
2013-03-31,103939000000.0,-69185000000.0,34754000000.0,-7673000000.0,-3118000000.0,-445000000.0,-4110000000.0,27081000000.0,-11043000000.0,-24000000.0,16038000000,,16038000000,-6277000000.0,9761000000,,9500000000,9500000000,6214000000.0,34291000000.0,16231000000.0,62594000000.0,233728000000.0,35641000000.0,7676000000.0,277045000000.0,339639000000,53978000000.0,5937000000.0,70084000000.0,7475000000.0,96478000000.0,166562000000,9665000000.0,-202563000000.0,372666000000.0,173077000000.0,339639000000,9761000000.0,4110000000.0,,-279000000.0,,,,-279000000.0,13592000000.0,-7494000000.0,,,-10054000000.0,-2561000000.0,1592000000.0,-5619000000.0,-6694000000.0,-3368000000,2013-03-28,90.63999938964844,90.9800033569336,89.98999786376953,90.11000061035156,62.56208801269531,17485200.0
2013-06-30,103568000000.0,-69956000000.0,33612000000.0,-8127000000.0,-3268000000.0,-454000000.0,-4405000000.0,25485000000.0,-12717000000.0,-85000000.0,12768000000,,12768000000,-5793000000.0,6975000000,,6860000000,6860000000,4609000000.0,35340000000.0,17197000000.0,62844000000.0,235240000000.0,35643000000.0,7888000000.0,278771000000.0,341615000000,52619000000.0,11861000000.0,72688000000.0,7496000000.0,97339000000.0,170027000000,9882000000.0,-206586000000.0,376732000000.0,171588000000.0,341615000000,6975000000.0,4405000000.0,,-3697000000.0,,,,-3697000000.0,7683000000.0,-8651000000.0,,,-8493000000.0,-2794000000.0,6176000000.0,-4024000000.0,-715000000.0,-1605000000,2013-06-28,89.8499984741211,90.75,89.55999755859375,90.3499984741211,63.16265487670898,22984200.0
2013-09-30,108928000000.0,-73803000000.0,35125000000.0,-7923000000.0,-3150000000.0,-486000000.0,-4287000000.0,27202000000.0,-13013000000.0,-52000000.0,14189000000,,14189000000,-6120000000.0,8069000000,,7870000000,7870000000,5310000000.0,33230000000.0,16867000000.0,61303000000.0,240981000000.0,37048000000.0,8232000000.0,286261000000.0,347564000000,51260000000.0,13889000000.0,72749000000.0,7404000000.0,99337000000.0,172086000000,10062000000.0,-209598000000.0,381832000000.0,175478000000.0,347564000000,8069000000.0,4287000000.0,,1075000000.0,,,,1075000000.0,13431000000.0,-9098000000.0,,,-8942000000.0,-2770000000.0,1921000000.0,-3007000000.0,-3889000000.0,701000000,2013-09-30,86.05999755859375,86.69999694824219,85.61000061035156,86.04000091552734,60.56531143188477,17486100.0
2013-12-31,107893000000.0,-71737000000.0,36156000000.0,-8312000000.0,-3341000000.0,-591000000.0,-4380000000.0,27844000000.0,-13128000000.0,152000000.0,14716000000,,14716000000,-6073000000.0,8643000000,,8350000000,8350000000,4644000000.0,33152000000.0,16135000000.0,59308000000.0,243650000000.0,36328000000.0,7522000000.0,287500000000.0,346808000000,48085000000.0,15808000000.0,71724000000.0,6891000000.0,94589000000.0,166313000000,10077000000.0,-212781000000.0,387432000000.0,180495000000.0,346808000000,8643000000.0,4380000000.0,482000000.0,-3297000000.0,-305000000.0,-1812000000.0,-2498000000.0,1318000000.0,10208000000.0,-8426000000.0,,,-6712000000.0,-2750000000.0,1915000000.0,-3298000000.0,-4178000000.0,-666000000,2013-12-31,100.48999786376952,101.38999938964844,100.43000030517578,101.1999969482422,71.72144317626953,8509600.0
2014-03-31,102217000000.0,-67954000000.0,34263000000.0,-7641000000.0,-3132000000.0,-317000000.0,-4192000000.0,26622000000.0,-11395000000.0,-66000000.0,15227000000,,15227000000,-5857000000.0,9370000000,,9100000000,9100000000,5601000000.0,32480000000.0,18568000000.0,61864000000.0,245897000000.0,37169000000.0,8103000000.0,291169000000.0,353033000000,52109000000.0,9223000000.0,70108000000.0,12144000000.0,100034000000.0,170142000000,10276000000.0,-216638000000.0,393800000000.0,182891000000.0,353033000000,9370000000.0,4192000000.0,,1541000000.0,,,,1541000000.0,15103000000.0,-7328000000.0,,,-6306000000.0,-2732000000.0,-1168000000.0,-3858000000.0,-7816000000.0,957000000,2014-03-31,98.48999786376952,98.8499984741211,97.31999969482422,97.68000030517578,69.71710205078125,12375200.0
2014-06-30,107896000000.0,-72688000000.0,35208000000.0,-7950000000.0,-3169000000.0,-496000000.0,-4285000000.0,27258000000.0,-13107000000.0,-64000000.0,14151000000,,14151000000,-5034000000.0,9117000000,,8780000000,8780000000,6083000000.0,34182000000.0,18177000000.0,64013000000.0,251353000000.0,35110000000.0,8110000000.0,294573000000.0,358586000000,52363000000.0,9948000000.0,69529000000.0,11817000000.0,100926000000.0,170455000000,10487000000.0,-219635000000.0,399614000000.0,188131000000.0,358586000000,9117000000.0,4285000000.0,,-3200000000.0,,,,-3200000000.0,10202000000.0,-8542000000.0,,,-4177000000.0,-2966000000.0,432000000.0,-2996000000.0,-5596000000.0,482000000,2014-06-30,101.20999908447266,101.2699966430664,100.5199966430664,100.68000030517578,72.34617614746094,9454800.0
2014-09-30,103919000000.0,-70019000000.0,33900000000.0,-7850000000.0,-3169000000.0,-319000000.0,-4362000000.0,26050000000.0,-12640000000.0,-88000000.0,13410000000,,13410000000,-5064000000.0,8346000000,,8070000000,8070000000,4962000000.0,30963000000.0,17761000000.0,58595000000.0,251406000000.0,35012000000.0,7751000000.0,294169000000.0,352764000000,49272000000.0,10243000000.0,65984000000.0,11591000000.0,99285000000.0,165269000000,10681000000.0,-222636000000.0,404738000000.0,187495000000.0,352764000000,8346000000.0,4362000000.0,,-312000000.0,,,,-312000000.0,12396000000.0,-8198000000.0,,,-7645000000.0,-2946000000.0,312000000.0,-3001000000.0,-5673000000.0,-1121000000,2014-09-30,94.11000061035156,94.80999755859376,93.62000274658205,94.0500030517578,68.05278778076172,15576500.0
2014-12-31,84584000000.0,-56170000000.0,28414000000.0,-8123000000.0,-3128000000.0,-537000000.0,-4458000000.0,20291000000.0,-11449000000.0,-68000000.0,8842000000,,8842000000,-2060000000.0,6782000000,,6570000000,6570000000,4616000000.0,28009000000.0,16678000000.0,52910000000.0,252668000000.0,35239000000.0,8676000000.0,296583000000.0,349493000000,42227000000.0,17468000000.0,64633000000.0,11653000000.0,103796000000.0,168429000000,10792000000.0,-225820000000.0,408384000000.0,181064000000.0,349493000000,6782000000.0,4458000000.0,3110000000.0,-6935000000.0,3118000000.0,-1343000000.0,-6639000000.0,-2071000000.0,7415000000.0,-8884000000.0,,,-8847000000.0,-2924000000.0,7390000000.0,-3298000000.0,1197000000.0,-346000000,2014-12-31,92.41999816894531,93.12999725341795,92.05999755859376,92.4499969482422,67.37803649902344,11337200.0
2015-03-31,65357000000.0,-41428000000.0,23929000000.0,-7324000000.0,-2713000000.0,-311000000.0,-4300000000.0,16605000000.0,-9970000000.0,-88000000.0,6635000000,,6635000000,-1560000000.0,5075000000,,4940000000,4940000000,5184000000.0,25031000000.0,16102000000.0,50658000000.0,249497000000.0,34471000000.0,8335000000.0,292303000000.0,342961000000,38144000000.0,13277000000.0,55933000000.0,19494000000.0,109582000000.0,165515000000,11006000000.0,-227598000000.0,410414000000.0,177446000000.0,342961000000,5075000000.0,4300000000.0,,-1377000000.0,,,,-1377000000.0,7998000000.0,-6844000000.0,,,-6352000000.0,-2910000000.0,3877000000.0,-1781000000.0,-854000000.0,568000000,2015-03-31,84.8499984741211,85.33999633789062,84.45999908447266,85.0,62.41473770141602,13354000.0
2015-06-30,72032000000.0,-46547000000.0,25485000000.0,-7652000000.0,-2831000000.0,-370000000.0,-4451000000.0,17833000000.0,-10879000000.0,-85000000.0,6954000000,,6954000000,-2692000000.0,4262000000,,4190000000,4190000000,4343000000.0,25957000000.0,16663000000.0,51647000000.0,253653000000.0,34162000000.0,8798000000.0,296613000000.0,348260000000,39914000000.0,14409000000.0,58372000000.0,19431000000.0,110890000000.0,169262000000,11224000000.0,-228601000000.0,411538000000.0,178998000000.0,348260000000,4262000000.0,4451000000.0,,79000000.0,,,,79000000.0,8792000000.0,-7109000000.0,,,-6491000000.0,-3066000000.0,923000000.0,-1003000000.0,-3194000000.0,-841000000,2015-06-30,83.73999786376953,84.9000015258789,82.80000305175781,83.19999694824219,61.59829330444336,14981100.0
2015-09-30,65561000000.0,-40890000000.0,24671000000.0,-7833000000.0,-2967000000.0,-324000000.0,-4542000000.0,16838000000.0,-11089000000.0,-78000000.0,5749000000,,5749000000,-1365000000.0,4384000000,,4240000000,4240000000,4296000000.0,22157000000.0,16584000000.0,47234000000.0,250583000000.0,34315000000.0,8530000000.0,293428000000.0,340662000000,36681000000.0,14473000000.0,54828000000.0,19839000000.0,108995000000.0,163823000000,11443000000.0,-229102000000.0,412718000000.0,176839000000.0,340662000000,4384000000.0,4542000000.0,,248000000.0,,,,248000000.0,9174000000.0,-6401000000.0,,,-5657000000.0,-3060000000.0,198000000.0,-501000000.0,-3402000000.0,-47000000,2015-09-30,73.4000015258789,74.3499984741211,73.33000183105469,74.3499984741211,55.56112670898438,18176500.0
2015-12-31,38654000000.0,-36725000000.0,1929000000.0,-8263000000.0,-2990000000.0,-518000000.0,-4755000000.0,-6334000000.0,8962000000.0,-60000000.0,2628000000,,2628000000,202000000.0,2830000000,,2780000000,2780000000,3705000000.0,19875000000.0,16245000000.0,42623000000.0,251605000000.0,34245000000.0,8285000000.0,294135000000.0,336758000000,32412000000.0,18762000000.0,53976000000.0,19925000000.0,105972000000.0,159948000000,11612000000.0,-229734000000.0,412444000000.0,176810000000.0,336758000000,2830000000.0,4755000000.0,-750000000.0,-2455000000.0,4692000000.0,-379000000.0,-7471000000.0,703000000.0,4380000000.0,-6136000000.0,,,-5324000000.0,-3054000000.0,4257000000.0,-749000000.0,413000000.0,-591000000,2015-12-31,77.51000213623047,78.44000244140625,77.43000030517578,77.94999694824219,58.75917053222656,10285500.0
2016-03-31,47456000000.0,-28268000000.0,19188000000.0,-7713000000.0,-2593000000.0,-355000000.0,-4765000000.0,11475000000.0,-9745000000.0,-77000000.0,1730000000,,1730000000,51000000.0,1781000000,,1810000000,1810000000,4846000000.0,19814000000.0,16223000000.0,44251000000.0,255257000000.0,34915000000.0,8366000000.0,298538000000.0,342789000000,32294000000.0,13540000000.0,48726000000.0,29568000000.0,115565000000.0,164291000000,11825000000.0,-230454000000.0,411200000000.0,178498000000.0,342789000000,1781000000.0,4765000000.0,,-1734000000.0,,,,-1734000000.0,4812000000.0,-4601000000.0,,,-4349000000.0,-3054000000.0,4341000000.0,-721000000.0,524000000.0,1141000000,2016-03-31,84.06999969482422,85.0999984741211,83.58999633789062,83.58999633789062,63.58255004882813,13896900.0
2016-06-30,56570000000.0,-35206000000.0,21364000000.0,-7912000000.0,-2646000000.0,-445000000.0,-4821000000.0,13452000000.0,-11056000000.0,-75000000.0,2396000000,,2396000000,-715000000.0,1681000000,,1700000000,1700000000,4358000000.0,21827000000.0,15875000000.0,45828000000.0,254062000000.0,34182000000.0,8401000000.0,296645000000.0,342473000000,33801000000.0,14972000000.0,51504000000.0,29499000000.0,114094000000.0,165598000000,12019000000.0,-230451000000.0,409767000000.0,176875000000.0,342473000000,1681000000.0,4821000000.0,,-1983000000.0,,,,-1983000000.0,4519000000.0,-4271000000.0,,,-3147000000.0,-3133000000.0,1400000000.0,1000000.0,-1775000000.0,-488000000,2016-06-30,92.33000183105469,93.83000183105469,92.3000030517578,93.73999786376952,71.90237426757812,14073700.0
2016-09-30,57574000000.0,-35744000000.0,21830000000.0,-7668000000.0,-2736000000.0,-327000000.0,-4605000000.0,14162000000.0,-10936000000.0,-106000000.0,3226000000,,3226000000,-337000000.0,2889000000,,2650000000,2650000000,5093000000.0,20388000000.0,15342000000.0,42945000000.0,251923000000.0,35553000000.0,8965000000.0,296441000000.0,339386000000,30027000000.0,17239000000.0,50021000000.0,28916000000.0,112355000000.0,162376000000,12228000000.0,-230449000000.0,409284000000.0,177010000000.0,339386000000,2889000000.0,4605000000.0,,-2139000000.0,,,,-2139000000.0,5355000000.0,-3404000000.0,,,-3235000000.0,-3133000000.0,1875000000.0,-1000000.0,-1296000000.0,735000000,2016-09-30,86.83999633789062,87.80999755859375,86.6500015258789,87.27999877929688,67.51820373535156,15961500.0
2016-12-31,59688000000.0,-36880000000.0,22808000000.0,-11281000000.0,-2824000000.0,-340000000.0,-8117000000.0,11527000000.0,-10910000000.0,-195000000.0,617000000,,617000000,1407000000.0,2024000000,,1680000000,1680000000,3657000000.0,21394000000.0,15080000000.0,41416000000.0,244224000000.0,35102000000.0,9572000000.0,288898000000.0,330314000000,31193000000.0,13830000000.0,47638000000.0,28932000000.0,108846000000.0,156484000000,12157000000.0,-230424000000.0,407831000000.0,173830000000.0,330314000000,2024000000.0,8117000000.0,-5313000000.0,2568000000.0,-2090000000.0,-388000000.0,915000000.0,4131000000.0,7396000000.0,-3887000000.0,,,-1672000000.0,-3133000000.0,-3323000000.0,-250000000.0,-6746000000.0,-1436000000,2016-12-30,90.02999877929688,90.6999969482422,90.01000213623047,90.26000213623048,70.44172668457031,9117800.0
2017-03-31,61577000000.0,-38204000000.0,23373000000.0,-7407000000.0,-2599000000.0,-289000000.0,-4519000000.0,15966000000.0,-10048000000.0,-146000000.0,5918000000,,5918000000,-1828000000.0,4090000000,,4010000000,4010000000,4897000000.0,21842000000.0,14873000000.0,43131000000.0,253147000000.0,38268000000.0,9663000000.0,301078000000.0,344209000000,32069000000.0,18483000000.0,53374000000.0,25124000000.0,107064000000.0,160438000000,14415000000.0,-225292000000.0,408707000000.0,183771000000.0,344209000000,4090000000.0,4519000000.0,,-436000000.0,,,,-436000000.0,8173000000.0,-2890000000.0,,,-3761000000.0,-3134000000.0,433000000.0,-501000000.0,-3246000000.0,1240000000,2017-03-31,83.26000213623047,83.30999755859375,81.86000061035156,82.01000213623047,64.58843231201172,21750400.0
2017-06-30,61351000000.0,-38601000000.0,22750000000.0,-7794000000.0,-2628000000.0,-514000000.0,-4652000000.0,14956000000.0,-10800000000.0,-158000000.0,4156000000,,4156000000,-892000000.0,3264000000,,3350000000,3350000000,4042000000.0,21289000000.0,15305000000.0,42180000000.0,252987000000.0,37719000000.0,10126000000.0,300832000000.0,343012000000,31100000000.0,17185000000.0,50949000000.0,24750000000.0,106225000000.0,157174000000,14617000000.0,-225305000000.0,408768000000.0,185838000000.0,343012000000,3264000000.0,4652000000.0,,-969000000.0,,,,-969000000.0,6947000000.0,-3098000000.0,,,-2878000000.0,-3289000000.0,-1681000000.0,-13000000.0,-5059000000.0,-855000000,2017-06-30,81.08000183105469,81.23999786376953,80.69999694824219,80.7300033569336,64.18075561523439,14000600.0
2017-09-30,59628000000.0,-39384000000.0,20244000000.0,-8271000000.0,-2632000000.0,-284000000.0,-4880000000.0,11973000000.0,-6390000000.0,-111000000.0,5583000000,,5583000000,-1498000000.0,4085000000,,3970000000,3970000000,4266000000.0,23263000000.0,16743000000.0,45752000000.0,255556000000.0,37649000000.0,10470000000.0,303675000000.0,349427000000,34698000000.0,15741000000.0,53777000000.0,24869000000.0,106452000000.0,160229000000,14783000000.0,-225305000000.0,409449000000.0,189198000000.0,349427000000,4085000000.0,4880000000.0,,-1430000000.0,,,,-1430000000.0,7535000000.0,-4913000000.0,,,-2555000000.0,-3289000000.0,-1589000000.0,-1000000.0,-4988000000.0,224000000,2017-09-29,81.94000244140625,82.05999755859375,81.58000183105469,81.9800033569336,65.80623626708984,9944000.0
2017-12-31,56427000000.0,-44718000000.0,11709000000.0,-10605000000.0,-2790000000.0,-703000000.0,-5842000000.0,1104000000.0,1913000000.0,-186000000.0,3017000000,,3017000000,5392000000.0,8409000000,,8380000000,8380000000,3177000000.0,25597000000.0,16992000000.0,47134000000.0,252630000000.0,39160000000.0,9767000000.0,301557000000.0,348691000000,36796000000.0,17930000000.0,57771000000.0,24406000000.0,96420000000.0,154191000000,14656000000.0,-225246000000.0,414540000000.0,194500000000.0,348691000000,8409000000.0,5842000000.0,-7921000000.0,1081000000.0,-3954000000.0,-1682000000.0,5104000000.0,1613000000.0,7411000000.0,-4501000000.0,,,-6536000000.0,-3289000000.0,1789000000.0,-232000000.0,-1837000000.0,-1089000000,2017-12-29,84.0,84.19999694824219,83.63999938964844,83.63999938964844,67.76008605957031,8523400.0
2018-03-31,66301000000.0,-44779000000.0,21522000000.0,-7841000000.0,-2747000000.0,-287000000.0,-4470000000.0,13681000000.0,-6441000000.0,-204000000.0,7240000000,,7240000000,-2457000000.0,4783000000,,4650000000,4650000000,4125000000.0,24686000000.0,18048000000.0,48315000000.0,250352000000.0,40350000000.0,9809000000.0,300511000000.0,348826000000,37207000000.0,19836000000.0,60306000000.0,20781000000.0,93609000000.0,153915000000,14888000000.0,-225671000000.0,415970000000.0,194911000000.0,348826000000,4783000000.0,4470000000.0,,-734000000.0,,,,-734000000.0,8519000000.0,-3349000000.0,,,-1859000000.0,-3291000000.0,-1922000000.0,-427000000.0,-5742000000.0,948000000,2018-03-29,73.33000183105469,74.88999938964844,73.26000213623047,74.61000061035156,61.0626106262207,14882900.0
2018-06-30,71772000000.0,-50245000000.0,21527000000.0,-8222000000.0,-2993000000.0,-332000000.0,-4589000000.0,13305000000.0,-6793000000.0,-147000000.0,6512000000,,6512000000,-2526000000.0,3986000000,,3950000000,3950000000,3430000000.0,26993000000.0,18483000000.0,50555000000.0,248209000000.0,39691000000.0,10335000000.0,298235000000.0,348790000000,38490000000.0,20500000000.0,62447000000.0,20720000000.0,92810000000.0,155257000000,15086000000.0,-225673000000.0,416418000000.0,193533000000.0,348790000000,3986000000.0,4589000000.0,,-795000000.0,,,,-795000000.0,7780000000.0,-4927000000.0,,,-5096000000.0,-3502000000.0,568000000.0,-2000000.0,-3244000000.0,-695000000,2018-06-29,82.44999694824219,83.54000091552734,82.29000091552734,82.7300033569336,68.39450836181639,17323200.0
2018-09-30,74645000000.0,-50873000000.0,23772000000.0,-8149000000.0,-2892000000.0,-292000000.0,-4658000000.0,15623000000.0,-6543000000.0,-200000000.0,9080000000,,9080000000,-2634000000.0,6446000000,,6240000000,6240000000,5669000000.0,27880000000.0,18761000000.0,53975000000.0,249153000000.0,40427000000.0,11073000000.0,300653000000.0,354628000000,41714000000.0,19413000000.0,65288000000.0,20624000000.0,92509000000.0,157797000000,15254000000.0,-225674000000.0,419155000000.0,196831000000.0,354628000000,6446000000.0,4658000000.0,,4000000.0,,,,4000000.0,11108000000.0,-5204000000.0,,,-3907000000.0,-3503000000.0,-1299000000.0,-1000000.0,-4959000000.0,2239000000,2018-09-28,85.25,85.93000030517578,84.98999786376953,85.0199966430664,71.0126724243164,9884900.0
2018-12-31,66614000000.0,-46957000000.0,19657000000.0,-8764000000.0,-2848000000.0,-555000000.0,-5028000000.0,10893000000.0,-2772000000.0,-215000000.0,8121000000,,8121000000,-1915000000.0,6206000000,,6000000000,6000000000,3042000000.0,24701000000.0,18958000000.0,47973000000.0,247101000000.0,40790000000.0,10332000000.0,298223000000.0,346196000000,37268000000.0,17258000000.0,57138000000.0,20538000000.0,90530000000.0,147668000000,15258000000.0,-225553000000.0,421653000000.0,198528000000.0,346196000000,6206000000.0,5028000000.0,-2735000000.0,108000000.0,-545000000.0,-3107000000.0,2321000000.0,1439000000.0,8607000000.0,-6094000000.0,,,-5584000000.0,-3502000000.0,-2272000000.0,-196000000.0,-5501000000.0,-2627000000,2018-12-31,68.31999969482422,69.15000152587889,67.66000366210939,68.19000244140625,57.53284072875977,15807000.0
2019-03-31,61916000000.0,-43771000000.0,18145000000.0,-7979000000.0,-2770000000.0,-280000000.0,-4571000000.0,10166000000.0,-5877000000.0,-181000000.0,4289000000,,4289000000,-1883000000.0,2406000000,,2350000000,2350000000,4586000000.0,27105000000.0,18332000000.0,51576000000.0,248563000000.0,42068000000.0,13982000000.0,304613000000.0,356189000000,42090000000.0,21794000000.0,66632000000.0,19031000000.0,91536000000.0,158168000000,15476000000.0,-225970000000.0,420498000000.0,198021000000.0,356189000000,2406000000.0,4571000000.0,,1361000000.0,,,,1361000000.0,8338000000.0,-5199000000.0,,,-5793000000.0,-3505000000.0,2999000000.0,-421000000.0,-1044000000.0,1544000000,2019-03-29,81.33000183105469,81.4800033569336,80.4800033569336,80.80000305175781,68.92893218994139,10889200.0
2019-06-30,67732000000.0,-48464000000.0,19268000000.0,-8104000000.0,-2827000000.0,-333000000.0,-4631000000.0,11164000000.0,-6532000000.0,-216000000.0,4632000000,,4632000000,-1241000000.0,3391000000,,3130000000,3130000000,4213000000.0,27132000000.0,18835000000.0,51743000000.0,250853000000.0,42533000000.0,15600000000.0,308986000000.0,360729000000,41480000000.0,26195000000.0,70287000000.0,19001000000.0,91977000000.0,162264000000,15639000000.0,-225970000000.0,419913000000.0,198465000000.0,360729000000,3391000000.0,4631000000.0,1014000000.0,-3089000000.0,,,,-3089000000.0,5947000000.0,-6173000000.0,,,-6877000000.0,-3715000000.0,4365000000.0,0.0,548000000.0,-373000000,2019-06-28,76.19000244140625,76.7300033569336,75.94000244140625,76.62999725341797,66.12089538574219,14781300.0
2019-09-30,63853000000.0,-44138000000.0,19715000000.0,-8282000000.0,-2753000000.0,-299000000.0,-4873000000.0,11433000000.0,-6712000000.0,-232000000.0,4721000000,,4721000000,-1474000000.0,3247000000,,3170000000,3170000000,5351000000.0,25308000000.0,17590000000.0,50008000000.0,250512000000.0,42920000000.0,15921000000.0,309353000000.0,359361000000,40541000000.0,21196000000.0,64195000000.0,25950000000.0,98057000000.0,162252000000,15795000000.0,-225970000000.0,419367000000.0,197109000000.0,359361000000,3247000000.0,4873000000.0,1550000000.0,-591000000.0,,,,-591000000.0,9079000000.0,-6285000000.0,600000000.0,,-6150000000.0,-3716000000.0,1958000000.0,0.0,-1666000000.0,1138000000,2019-09-30,71.23999786376953,71.44999694824219,70.58000183105469,70.61000061035156,61.68404769897461,9768900.0
2019-12-31,62082000000.0,-44254000000.0,17828000000.0,-8535000000.0,-3048000000.0,-357000000.0,-4923000000.0,9293000000.0,-2879000000.0,-201000000.0,6414000000,,6414000000,-684000000.0,5730000000,,5690000000,5690000000,3089000000.0,26966000000.0,18528000000.0,50052000000.0,253018000000.0,43164000000.0,16363000000.0,312545000000.0,362597000000,41831000000.0,20578000000.0,63989000000.0,26342000000.0,99670000000.0,163659000000,15637000000.0,-225835000000.0,421341000000.0,198938000000.0,362597000000,5730000000.0,4923000000.0,-9083000000.0,4782000000.0,-2640000000.0,72000000.0,3725000000.0,3625000000.0,6352000000.0,-6704000000.0,-600000000.0,,-4264000000.0,-3716000000.0,-660000000.0,-173000000.0,-4456000000.0,-2262000000,2019-12-31,69.01999664306639,69.80000305175781,69.01000213623047,69.77999877929689,61.69412231445313,13151800.0
2020-03-31,55383000000.0,-40380000000.0,15003000000.0,-8955000000.0,-2579000000.0,-288000000.0,-5819000000.0,6048000000.0,-6306000000.0,-249000000.0,-258000000,,-258000000,-512000000.0,-770000000,,-610000000,-610000000,11412000000.0,20871000000.0,16501000000.0,50249000000.0,248409000000.0,42981000000.0,14165000000.0,305555000000.0,355804000000,35815000000.0,27755000000.0,64773000000.0,31857000000.0,102288000000.0,167061000000,15636000000.0,-226137000000.0,416919000000.0,188743000000.0,355804000000,-770000000.0,5819000000.0,1303000000.0,-78000000.0,,,,-78000000.0,6274000000.0,-5945000000.0,86000000.0,,-6367000000.0,-3719000000.0,12760000000.0,-305000000.0,8785000000.0,8323000000,2020-03-31,38.34000015258789,39.45000076293945,37.36999893188477,37.97000122070313,34.052112579345696,41491600.0
2020-06-30,32502000000.0,-20964000000.0,11538000000.0,-7810000000.0,-2409000000.0,-214000000.0,-4916000000.0,3728000000.0,-5368000000.0,-317000000.0,-1640000000,,-1640000000,471000000.0,-1169000000,,-1080000000,-1080000000,12576000000.0,19036000000.0,19657000000.0,53016000000.0,250524000000.0,43192000000.0,14763000000.0,308479000000.0,361495000000,33216000000.0,22952000000.0,57270000000.0,46563000000.0,117072000000.0,174342000000,15812000000.0,-226136000000.0,412124000000.0,187153000000.0,361495000000,-1169000000.0,4916000000.0,-3550000000.0,-197000000.0,,,,-197000000.0,0.0,-4417000000.0,43000000.0,,-5081000000.0,-3715000000.0,9838000000.0,0.0,6277000000.0,1164000000,2020-06-30,43.43000030517578,44.97000122070313,43.15999984741211,44.72000122070313,40.88323593139648,22153600.0
