Report Date,Revenue,Cost of Revenue,Gross Profit,Operating Expenses,"Selling, General & Administrative",Research & Development,Depreciation & Amortization,Operating Income (Loss),Non-Operating Income (Loss),"Interest Expense, Net","Pretax Income (Loss), Adj.",Abnormal Gains (Losses),Pretax Income (Loss),"Income Tax (Expense) Benefit, Net",Income (Loss) from Continuing Operations,Net Extraordinary Gains (Losses),Net Income,Net Income (Common),"Cash, Cash Equivalents & Short Term Investments",Accounts & Notes Receivable,Inventories,Total Current Assets,"Property, Plant & Equipment, Net",Long Term Investments & Receivables,Other Long Term Assets,Total Noncurrent Assets,Total Assets,Payables & Accruals,Short Term Debt,Total Current Liabilities,Long Term Debt,Total Noncurrent Liabilities,Total Liabilities,Share Capital & Additional Paid-In Capital,Treasury Stock,Retained Earnings,Total Equity,Total Liabilities & Equity,Net Income/Starting Line,Depreciation & Amortization,Non-Cash Items,Change in Working Capital,Change in Accounts Receivable,Change in Inventories,Change in Accounts Payable,Change in Other,Net Cash from Operating Activities,Change in Fixed Assets & Intangibles,Net Change in Long Term Investment,Net Cash from Acquisitions & Divestitures,Net Cash from Investing Activities,Dividends Paid,Cash from (Repayment of) Debt,Cash from (Repurchase of) Equity,Net Cash from Financing Activities,Net Change in Cash,Price Date,Open,High,Low,Close,Adj Close,Volume
2009-06-30,552832000.0,-267164000.0,285668000.0,-186942000.0,-186942000.0,,,98726000.0,-3706000.0,-3756000.0,95020000,,95020000,-24440000.0,70580000,,70199000,70199000,251907000.0,357546000.0,309431000.0,1032505000.0,429935000.0,,1436039000.0,1865974000.0,2898479000,316587000.0,273906000.0,590493000.0,145949000.0,503864000.0,1094357000,194129000.0,-475765000.0,1955977000.0,1804122000.0,2898479000,70579000.0,16576000.0,9652000.0,7913000.0,-14713000.0,20966000.0,-8624000.0,10284000.0,104720000.0,-11051000.0,,-2412000.0,-13307000.0,-7459000.0,-75236000.0,-624000.0,-81908000.0,25572000,2009-06-30,30.88999938964844,30.959999084472656,30.31999969482422,30.56999969482422,28.326555252075195,1432500.0
2009-09-30,531203000.0,-259473000.0,271730000.0,-178789000.0,-178789000.0,,,92941000.0,-5089000.0,-4598000.0,87852000,,87852000,-19999000.0,67853000,,67483000,67483000,333405000.0,356976000.0,311666000.0,1127103000.0,445365000.0,,1494641000.0,1940006000.0,3067109000,363286000.0,240366000.0,603652000.0,154842000.0,561006000.0,1164658000,197409000.0,-481300000.0,2016007000.0,1902451000.0,3067109000,67853000.0,16398000.0,9413000.0,36341000.0,11292000.0,8379000.0,1558000.0,15112000.0,130005000.0,-16050000.0,,0.0,-16045000.0,-7464000.0,-39834000.0,-7874000.0,-54254000.0,81497000,2009-09-30,34.380001068115234,34.68000030517578,33.560001373291016,34.540000915527344,32.051559448242195,1925000.0
2009-12-31,568394000.0,-285161000.0,283233000.0,-179832000.0,-179832000.0,,,103401000.0,-3978000.0,-4313000.0,99423000,,99423000,-23374000.0,76049000,,74833000,74833000,450348000.0,348684000.0,291640000.0,1217796000.0,439619000.0,,1430517000.0,1870136000.0,3087932000,362382000.0,82174000.0,444556000.0,387151000.0,736418000.0,1180974000,197123000.0,-532019000.0,2083459000.0,1906958000.0,3087932000,76050000.0,15385000.0,-18707000.0,44397000.0,6224000.0,17040000.0,4752000.0,16381000.0,117125000.0,-9368000.0,0.0,0.0,-9365000.0,-7453000.0,78855000.0,-53510000.0,18476000.0,116980000,2009-12-31,35.59000015258789,35.63999938964844,35.169998168945305,35.169998168945305,32.682144165039055,489300.0
2010-03-31,545944000.0,-263906000.0,282038000.0,-192714000.0,-192714000.0,,,89324000.0,-5878000.0,-4933000.0,83446000,,83446000,-21255000.0,62191000,,61843000,61843000,405017000.0,355030000.0,301198000.0,1178454000.0,420779000.0,,1387514000.0,1808293000.0,2986747000,308489000.0,18946000.0,327435000.0,457565000.0,776694000.0,1104129000,196434000.0,-557805000.0,2137952000.0,1882618000.0,2986747000,62191000.0,17789000.0,-57000.0,-43379000.0,-15530000.0,-14472000.0,9195000.0,-22572000.0,36544000.0,-8024000.0,,-7687000.0,-15711000.0,-7409000.0,10495000.0,-34020000.0,-29036000.0,-45331000,2010-03-31,34.650001525878906,35.009998321533196,34.610000610351555,34.880001068115234,32.459590911865234,1342500.0
2010-06-30,565086000.0,-277491000.0,287595000.0,-182626000.0,-182626000.0,,,104969000.0,-6581000.0,-5859000.0,98388000,,98388000,-25042000.0,73346000,,72386000,72386000,340347000.0,351304000.0,284394000.0,1089242000.0,399077000.0,,1308948000.0,1708025000.0,2797267000,310447000.0,11927000.0,322374000.0,462976000.0,733483000.0,1055857000,199865000.0,-670603000.0,2202130000.0,1741410000.0,2797267000,73346000.0,16420000.0,5935000.0,18223000.0,-12957000.0,5361000.0,3408000.0,22411000.0,113924000.0,-10849000.0,,-622000.0,-11471000.0,-8332000.0,-5840000.0,-116765000.0,-128169000.0,-64670000,2010-06-30,30.0,30.43000030517578,29.90999984741211,29.90999984741211,27.879058837890625,1116400.0
2010-09-30,541815000.0,-269001000.0,272814000.0,-182395000.0,-182395000.0,,,90419000.0,-5316000.0,-4731000.0,85103000,,85103000,-21288000.0,63815000,,63653000,63653000,534243000.0,366789000.0,318071000.0,1331557000.0,423802000.0,,1439797000.0,1863599000.0,3195156000,344622000.0,7290000.0,351912000.0,592376000.0,966688000.0,1318600000,204110000.0,-700980000.0,2258531000.0,1876556000.0,3195156000,63814000.0,15910000.0,14310000.0,11556000.0,11719000.0,-11688000.0,-14993000.0,26518000.0,105590000.0,-10475000.0,,-13688000.0,-42732000.0,-7311000.0,108293000.0,-30818000.0,70282000.0,193896000,2010-09-30,32.029998779296875,32.439998626708984,31.540000915527344,31.96999931335449,29.846405029296875,802700.0
2010-12-31,568169000.0,-280458000.0,287711000.0,-192150000.0,-192150000.0,,,95561000.0,-4842000.0,-5312000.0,90719000,,90719000,-21640000.0,67983000,,67826000,67826000,540038000.0,344796000.0,308738000.0,1315045000.0,423105000.0,,1519801000.0,1942906000.0,3257951000,352337000.0,7754000.0,360091000.0,604015000.0,987948000.0,1348039000,206530000.0,-711650000.0,2320350000.0,1909912000.0,3257951000,67984000.0,15793000.0,17240000.0,18751000.0,21883000.0,11490000.0,4555000.0,-19177000.0,119768000.0,-12932000.0,-49654000.0,-13559000.0,-94554000.0,-6025000.0,3869000.0,-12201000.0,-14478000.0,5795000,2010-12-31,34.330001831054695,34.419998168945305,34.09999847412109,34.169998168945305,31.94645118713379,424000.0
2011-03-31,570503000.0,-270519000.0,299984000.0,-201400000.0,-201400000.0,,,98584000.0,-4585000.0,-4515000.0,93999000,,93999000,-23712000.0,69463000,,69084000,69084000,575264000.0,385357000.0,332282000.0,1412068000.0,432716000.0,,1592265000.0,2024981000.0,3437049000,350558000.0,11453000.0,362011000.0,652290000.0,1092539000.0,1454550000,225376000.0,-750639000.0,2382336000.0,1982499000.0,3437049000,69463000.0,17579000.0,3423000.0,-46460000.0,-28706000.0,-14727000.0,5569000.0,-8596000.0,44005000.0,-11976000.0,,-5582000.0,-17558000.0,-7131000.0,52552000.0,-51508000.0,-17261000.0,35226000,2011-03-31,36.61000061035156,37.150001525878906,36.560001373291016,36.9900016784668,34.631359100341804,892300.0
2011-06-30,609443000.0,-294592000.0,314851000.0,-217847000.0,-217847000.0,,,97004000.0,-4574000.0,-3140000.0,92430000,,92430000,-17957000.0,75390000,,74236000,74236000,671710000.0,404661000.0,337200000.0,1552413000.0,442957000.0,,1661273000.0,2104230000.0,3656643000,421926000.0,8500000.0,430426000.0,654873000.0,1144984000.0,1575410000,228699000.0,-739445000.0,2449463000.0,2081233000.0,3656643000,75390000.0,19516000.0,5735000.0,20318000.0,-11651000.0,6359000.0,-1440000.0,27050000.0,120959000.0,-13519000.0,,-14505000.0,-28024000.0,-7181000.0,-16878000.0,6001000.0,-18878000.0,96446000,2011-06-30,37.709999084472656,38.20000076293945,37.65999984741211,38.08000183105469,35.6998291015625,1836100.0
2011-09-30,619759000.0,-322111000.0,297648000.0,-257846000.0,-257846000.0,,,39802000.0,-20826000.0,-13644000.0,18976000,,18976000,40627000.0,61200000,,60597000,60597000,81866000.0,475947000.0,391528000.0,1089605000.0,569853000.0,,3174253000.0,3744106000.0,4833711000,467116000.0,45573000.0,512689000.0,1793979000.0,2430608000.0,2943297000,233453000.0,-736023000.0,2502945000.0,1890414000.0,4833711000,61200000.0,26793000.0,-26855000.0,26043000.0,13352000.0,5759000.0,539000.0,6393000.0,87181000.0,-19707000.0,,-1777832000.0,-1800001000.0,-7200000.0,1159817000.0,2300000.0,1120776000.0,-589844000,2011-09-30,31.06999969482422,31.3700008392334,30.649999618530273,30.690000534057614,28.81842803955078,1123400.0
2011-12-31,738013000.0,-377056000.0,360957000.0,-295619000.0,-295619000.0,,,65338000.0,-14632000.0,-14278000.0,50706000,,50706000,-9974000.0,41393000,,40603000,40603000,77128000.0,427709000.0,361762000.0,1012903000.0,591445000.0,,3151050000.0,3742495000.0,4755398000,447372000.0,276701000.0,724073000.0,1490010000.0,2147174000.0,2871247000,231315000.0,-727977000.0,2535709000.0,1884151000.0,4755398000,41393000.0,21147000.0,-21157000.0,99941000.0,28474000.0,24112000.0,6148000.0,41207000.0,141324000.0,-28555000.0,,10403000.0,-41259000.0,-7120000.0,-70700000.0,5982000.0,-82256000.0,-4738000,2011-12-30,35.45000076293945,35.45000076293945,34.959999084472656,34.990001678466804,32.90714263916016,568800.0
2012-03-31,716413000.0,-323663000.0,392750000.0,-305590000.0,-305590000.0,,,87160000.0,-13969000.0,-13904000.0,73191000,,73191000,-14715000.0,54228000,,53284000,53284000,67346000.0,461352000.0,403052000.0,1119185000.0,604160000.0,,3291716000.0,3895876000.0,5015061000,506446000.0,288037000.0,794483000.0,1481217000.0,2173603000.0,2968086000,226469000.0,-730955000.0,2581134000.0,2046975000.0,5015061000,54228000.0,35569000.0,12525000.0,-82369000.0,-25597000.0,-34006000.0,11528000.0,-34294000.0,19953000.0,-18622000.0,,0.0,-20199000.0,-7847000.0,10555000.0,-16386000.0,-12380000.0,-9782000,2012-03-30,40.09000015258789,40.31999969482422,39.959999084472656,40.13000106811523,37.79301452636719,463000.0
2012-06-30,762994000.0,-355525000.0,407469000.0,-298562000.0,-298562000.0,,,108907000.0,-13321000.0,-12339000.0,95586000,,95586000,-14875000.0,82040000,,80764000,80764000,53210000.0,462233000.0,403195000.0,1105182000.0,587285000.0,,3178289000.0,3765574000.0,4870756000,506402000.0,241801000.0,748203000.0,1482783000.0,2133554000.0,2881757000,232490000.0,-731253000.0,2654044000.0,1988999000.0,4870756000,82041000.0,32802000.0,-6778000.0,-24623000.0,-15864000.0,-13028000.0,-12848000.0,17117000.0,83442000.0,-24087000.0,,0.0,-38308000.0,-7859000.0,-45736000.0,-2388000.0,-55034000.0,-14136000,2012-06-29,37.36999893188477,37.88000106811523,37.27999877929688,37.810001373291016,35.66166687011719,789800.0
2012-09-30,695734000.0,-331619000.0,364115000.0,-275449000.0,-275449000.0,,,88666000.0,-12885000.0,-11606000.0,75781000,,75781000,-18960000.0,54292000,,53364000,53364000,56075000.0,467296000.0,415922000.0,1128978000.0,602670000.0,,3245774000.0,3848444000.0,4977422000,528880000.0,411840000.0,940720000.0,1237244000.0,1875835000.0,2816555000,243472000.0,-725168000.0,2699546000.0,2160867000.0,4977422000,54292000.0,28427000.0,14648000.0,1303000.0,-482000.0,-7295000.0,-10237000.0,19317000.0,98670000.0,-21793000.0,,0.0,-21793000.0,-7855000.0,-80287000.0,4765000.0,-78171000.0,2865000,2012-09-28,38.08000183105469,38.22999954223633,37.63000106811523,38.13999938964844,36.02537536621094,1159700.0
2012-12-31,753288000.0,-361235000.0,392053000.0,-294847000.0,-294847000.0,,,97206000.0,-11085000.0,-10242000.0,86121000,,86121000,39630000.0,127929000,,126801000,126801000,80132000.0,442412000.0,402940000.0,1111096000.0,614705000.0,,3246496000.0,3861201000.0,4972297000,628817000.0,298963000.0,927780000.0,1222035000.0,1795074000.0,2722854000,248176000.0,-713739000.0,2818461000.0,2249443000.0,4972297000,127928000.0,32401000.0,-60956000.0,68247000.0,29352000.0,17537000.0,24400000.0,-3042000.0,167620000.0,-29860000.0,,-4861000.0,-34721000.0,-7864000.0,-113444000.0,9355000.0,-110024000.0,24057000,2012-12-31,39.11999893188477,39.63999938964844,38.7599983215332,39.61000061035156,37.465274810791016,794600.0
2013-03-31,732084000.0,-343884000.0,388200000.0,-294342000.0,-294342000.0,,,93858000.0,-15964000.0,-13046000.0,77894000,,77894000,-3542000.0,72573000,,71685000,71685000,56203000.0,468537000.0,417094000.0,1160519000.0,608850000.0,,3132759000.0,3741609000.0,4902128000,510727000.0,315438000.0,826165000.0,1207722000.0,1806569000.0,2632734000,240573000.0,-689096000.0,2881126000.0,2269394000.0,4902128000,72573000.0,32351000.0,16129000.0,-84967000.0,-37637000.0,-22080000.0,-10928000.0,-14322000.0,36086000.0,-23019000.0,,-3939000.0,-72723000.0,-7909000.0,16133000.0,13578000.0,13603000.0,-23929000,2013-03-28,41.88999938964844,42.5,41.63000106811523,42.43999862670898,40.202823638916016,668100.0
2013-06-30,761010000.0,-346054000.0,414956000.0,-292090000.0,-292090000.0,,,122866000.0,-13487000.0,-9264000.0,109379000,,109379000,-22870000.0,88691000,,87228000,87228000,57027000.0,499006000.0,433189000.0,1170033000.0,605028000.0,,3099622000.0,3704650000.0,4874683000,473550000.0,417065000.0,890615000.0,1123792000.0,1695972000.0,2586587000,246226000.0,-732210000.0,2959391000.0,2288096000.0,4874683000,88691000.0,32826000.0,-123000.0,-25612000.0,-34687000.0,-18620000.0,-215000.0,27910000.0,95782000.0,-21886000.0,,0.0,-63465000.0,-9019000.0,24317000.0,-44643000.0,-29039000.0,824000,2013-06-28,41.0099983215332,41.36999893188477,40.79999923706055,40.959999084472656,38.86167907714844,1224800.0
2013-09-30,704018000.0,-327601000.0,376417000.0,-271396000.0,-271396000.0,,,105021000.0,-10885000.0,-9304000.0,94136000,,94136000,-13187000.0,80866000,,79851000,79851000,50658000.0,502370000.0,448277000.0,1153145000.0,628509000.0,,3228325000.0,3856834000.0,5009979000,506613000.0,270948000.0,777561000.0,1164794000.0,1753400000.0,2530961000,251781000.0,-723488000.0,3030252000.0,2479018000.0,5009979000,80865000.0,31068000.0,-24550000.0,39015000.0,6869000.0,-4584000.0,-13956000.0,50686000.0,126398000.0,-26552000.0,,0.0,-25703000.0,-8967000.0,-108368000.0,7034000.0,-109214000.0,-6369000,2013-09-30,43.08000183105469,43.459999084472656,42.97999954223633,43.40999984741211,41.24534606933594,783500.0
2013-12-31,753688000.0,-355861000.0,397827000.0,-300372000.0,-300372000.0,,,97455000.0,-9564000.0,-9886000.0,87891000,,87891000,-12601000.0,76070000,,74436000,74436000,74954000.0,472802000.0,438559000.0,1143802000.0,637172000.0,,3297073000.0,3934245000.0,5078047000,486543000.0,309862000.0,796405000.0,1166178000.0,1703668000.0,2500073000,256900000.0,-748506000.0,3095721000.0,2577974000.0,5078047000,76071000.0,31655000.0,40544000.0,11264000.0,32955000.0,19884000.0,-11601000.0,-29974000.0,159534000.0,-26943000.0,0.0,-62261000.0,-98309000.0,-8905000.0,48418000.0,-27069000.0,-37050000.0,24374000,2013-12-31,48.54999923706055,48.68999862670898,48.31999969482422,48.47999954223633,46.12200546264648,434400.0
2014-03-31,730114000.0,-335909000.0,394205000.0,-288635000.0,-288635000.0,,,105570000.0,-9908000.0,-9520000.0,95662000,,95662000,-22452000.0,72920000,,72878000,72878000,55823000.0,496221000.0,455074000.0,1202323000.0,642318000.0,,3244792000.0,3887110000.0,5089433000,564301000.0,403145000.0,967446000.0,1065463000.0,1597389000.0,2564835000,213095000.0,-773520000.0,3159123000.0,2524598000.0,5089433000,72920000.0,33939000.0,-7761000.0,-34533000.0,-22920000.0,-15180000.0,8047000.0,-4480000.0,64565000.0,-26459000.0,,,-28842000.0,-8979000.0,-10288000.0,-36246000.0,-55477000.0,-19131000,2014-03-31,45.65999984741211,46.18999862670898,45.40999984741211,46.040000915527344,43.864234924316406,783400.0
2014-06-30,765225000.0,-340756000.0,424469000.0,-297363000.0,-297363000.0,,,127106000.0,-10629000.0,-10054000.0,116477000,,116477000,-26096000.0,90014000,,89993000,89993000,66929000.0,503972000.0,461203000.0,1231274000.0,639212000.0,,3201887000.0,3841099000.0,5072373000,595015000.0,301294000.0,896309000.0,1065881000.0,1591290000.0,2487599000,218902000.0,-777081000.0,3239641000.0,2584774000.0,5072373000,90014000.0,32879000.0,9709000.0,23078000.0,-8585000.0,-7247000.0,2566000.0,36344000.0,155680000.0,-23411000.0,,-2009000.0,-26504000.0,-9474000.0,-103170000.0,-5604000.0,-117968000.0,11106000,2014-06-30,47.540000915527344,47.66999816894531,47.22000122070313,47.349998474121094,45.17499923706055,669300.0
2014-09-30,708200000.0,-320100000.0,388100000.0,-278500000.0,-278500000.0,,,109600000.0,-12100000.0,-11300000.0,97500000,,97500000,-21200000.0,75300000,,75300000,75300000,97652000.0,476856000.0,422485000.0,1257701000.0,606924000.0,,3019436000.0,3626360000.0,4884061000,619316000.0,115253000.0,734569000.0,1165566000.0,1653248000.0,2387817000,228655000.0,-785940000.0,3305448000.0,2496244000.0,4884061000,75266000.0,32682000.0,30852000.0,8655000.0,605000.0,16727000.0,-8713000.0,36000.0,147455000.0,-23830000.0,,1409000.0,-21054000.0,-9447000.0,-71242000.0,-10250000.0,-90855000.0,30725000,2014-09-30,45.9000015258789,46.06000137329102,45.5099983215332,45.599998474121094,43.568214416503906,744400.0
2014-12-31,719061000.0,-326035000.0,393026000.0,-289702000.0,-289702000.0,,,103324000.0,-8563000.0,-10426000.0,94761000,,94761000,-11352000.0,84666000,,84729000,84729000,151600000.0,426600000.0,387100000.0,1207000000.0,588800000.0,,2850700000.0,3439500000.0,4646500000,540800000.0,111800000.0,652600000.0,1150100000.0,1671700000.0,2324300000,223300000.0,-841600000.0,3380700000.0,2322200000.0,4646500000,84700000.0,29600000.0,29200000.0,49200000.0,38100000.0,26700000.0,8100000.0,-23700000.0,192700000.0,-31500000.0,0.0,-1500000.0,-62300000.0,-9400000.0,-2100000.0,-62100000.0,-71900000.0,53900000,2014-12-31,53.54999923706055,54.18999862670898,53.22000122070313,53.27000045776367,50.95863342285156,760300.0
2015-03-31,656300000.0,-282900000.0,373400000.0,-275700000.0,-275700000.0,,,97700000.0,-10500000.0,-10000000.0,87200000,,87200000,-18900000.0,64000000,,64000000,64000000,100619000.0,409865000.0,380098000.0,1200082000.0,556766000.0,,2627982000.0,3184748000.0,4384830000,414202000.0,247631000.0,661833000.0,1078823000.0,1548745000.0,2210578000,212742000.0,-900866000.0,3434484000.0,2174252000.0,4384830000,64000000.0,30200000.0,26900000.0,-55500000.0,-10200000.0,-7400000.0,5200000.0,-43100000.0,65600000.0,-16300000.0,,0.0,-8500000.0,-9500000.0,60000000.0,-70900000.0,-100500000.0,-51000000,2015-03-31,51.08000183105469,51.40999984741211,50.86999893188477,50.88999938964844,48.74968338012695,701900.0
2015-06-30,698000000.0,-298300000.0,399700000.0,-313900000.0,-313900000.0,,,85800000.0,-8800000.0,-9100000.0,77000000,,77000000,-24800000.0,44100000,,44100000,44100000,96472000.0,447500000.0,374820000.0,1270330000.0,568036000.0,,2658390000.0,3226426000.0,4496756000,493269000.0,119704000.0,612973000.0,1077779000.0,1567494000.0,2180467000,226630000.0,-905118000.0,3468364000.0,2316289000.0,4496756000,44000000.0,30400000.0,52300000.0,18900000.0,-29800000.0,11500000.0,-300000.0,37500000.0,145600000.0,-16900000.0,,-3300000.0,-14500000.0,-10100000.0,-126800000.0,-9500000.0,-138000000.0,-4100000,2015-06-30,51.81000137329102,52.1500015258789,51.43000030517578,51.54999923706055,49.44991683959961,663800.0
2015-09-30,648900000.0,-279400000.0,369500000.0,-270900000.0,-270900000.0,,,98600000.0,-5400000.0,-9200000.0,93200000,,93200000,-19600000.0,84400000,,84500000,84500000,236400000.0,429800000.0,361300000.0,1208100000.0,555200000.0,,2638900000.0,3194100000.0,4402200000,480200000.0,453200000.0,933400000.0,701900000.0,1187300000.0,2120700000,233600000.0,-908700000.0,3542700000.0,2281500000.0,4402200000,84500000.0,33800000.0,2900000.0,38600000.0,12100000.0,6000000.0,6300000.0,14200000.0,159800000.0,-18200000.0,,0.0,-11500000.0,-10300000.0,6300000.0,-5100000.0,-7800000.0,139900000,2015-09-30,51.209999084472656,51.349998474121094,50.31999969482422,50.56999969482422,48.577369689941406,1558100.0
2015-12-31,671100000.0,-296500000.0,374600000.0,-281500000.0,-281500000.0,,,93100000.0,-20800000.0,-25400000.0,72300000,,72300000,-13700000.0,58600000,,58600000,58600000,284600000.0,399900000.0,340400000.0,1196700000.0,558800000.0,,2647400000.0,3206200000.0,4402900000,463900000.0,12100000.0,476000000.0,1141000000.0,1587500000.0,2063500000,239400000.0,-898400000.0,3591000000.0,2339400000.0,4402900000,58600000.0,28500000.0,3200000.0,36100000.0,27000000.0,22000000.0,-2400000.0,-10500000.0,126400000.0,-20200000.0,47700000.0,-50700000.0,-20400000.0,-10100000.0,-56300000.0,8300000.0,-56600000.0,48200000,2015-12-31,61.20000076293945,61.56999969482422,60.75,60.849998474121094,58.52344512939453,417900.0
2016-03-31,772600000.0,-353700000.0,418900000.0,-346200000.0,-346200000.0,,,72700000.0,-5300000.0,-8700000.0,67400000,,67400000,57900000.0,125300000,,125000000,125000000,323100000.0,625200000.0,562100000.0,1805500000.0,816500000.0,,9060400000.0,9876900000.0,11682400000,843300000.0,10900000.0,854200000.0,1169100000.0,2442800000.0,3297000000,6492300000.0,-1376800000.0,3697500000.0,8385400000.0,11682400000,125300000.0,45300000.0,-83700000.0,-86200000.0,-67100000.0,8600000.0,1200000.0,-28900000.0,700000.0,-20400000.0,,524300000.0,504400000.0,-10100000.0,-49700000.0,-421400000.0,-472800000.0,38500000,2016-03-31,62.15999984741211,62.34000015258789,61.4900016784668,61.63000106811523,59.35077667236328,1657800.0
2016-06-30,1022000000.0,-495100000.0,526900000.0,-405700000.0,-405700000.0,,,121200000.0,2600000.0,-8900000.0,123800000,,123800000,-17900000.0,105900000,,105400000,105400000,311600000.0,637200000.0,523100000.0,1738400000.0,794100000.0,,8918900000.0,9713000000.0,11451400000,712700000.0,9800000.0,722500000.0,1171800000.0,2413300000.0,3135800000,6501400000.0,-1460000000.0,3784700000.0,8315600000.0,11451400000,105900000.0,75400000.0,-3800000.0,9900000.0,-15700000.0,36100000.0,12700000.0,-23200000.0,187400000.0,-23000000.0,,0.0,-18100000.0,-18500000.0,-1500000.0,-158200000.0,-177800000.0,-11500000,2016-06-30,61.72000122070313,62.04999923706055,61.36000061035156,62.040000915527344,59.81920623779297,1642700.0
2016-09-30,954200000.0,-440600000.0,513600000.0,-387000000.0,-387000000.0,,,126600000.0,-9500000.0,-7900000.0,117100000,,117100000,-24800000.0,92300000,,92500000,92500000,330700000.0,672100000.0,556400000.0,1841600000.0,822900000.0,,9287900000.0,10110800000.0,11952400000,753800000.0,16400000.0,770200000.0,1569800000.0,2825100000.0,3595300000,6511900000.0,-1547400000.0,3859000000.0,8357100000.0,11952400000,92300000.0,76200000.0,-28200000.0,12600000.0,-10100000.0,-3800000.0,-15300000.0,41800000.0,152900000.0,-31800000.0,,-337800000.0,-379700000.0,-18100000.0,341000000.0,-88300000.0,237100000.0,19100000,2016-09-30,59.36000061035156,59.65999984741211,59.0099983215332,59.43000030517578,57.37779235839844,1505800.0
2016-12-31,996500000.0,-455000000.0,541500000.0,-407300000.0,-407300000.0,,,134200000.0,-1600000.0,-8400000.0,132600000,,132600000,-24700000.0,107900000,,107000000,107000000,383900000.0,636000000.0,517100000.0,1743500000.0,799800000.0,,9012500000.0,9812300000.0,11555800000,746500000.0,21100000.0,767600000.0,1511100000.0,2662300000.0,3429900000,6519300000.0,-1647300000.0,3948000000.0,8125900000.0,11555800000,107900000.0,74800000.0,19200000.0,20500000.0,17800000.0,24500000.0,8600000.0,-30400000.0,222400000.0,-45900000.0,0.0,100000.0,-46600000.0,-17900000.0,9200000.0,-105000000.0,-112700000.0,53200000,2016-12-30,58.290000915527344,58.36000061035156,57.540000915527344,57.72999954223633,55.8101921081543,949200.0
2017-03-31,900500000.0,-408500000.0,492000000.0,-407800000.0,-407800000.0,,,84200000.0,-7600000.0,-8600000.0,76600000,,76600000,-16900000.0,59700000,,59800000,59800000,363300000.0,598600000.0,565100000.0,1720600000.0,807100000.0,,9066300000.0,9873400000.0,11594000000,724800000.0,22700000.0,747500000.0,1528100000.0,2682900000.0,3430400000,6518800000.0,-1695000000.0,3986400000.0,8163600000.0,11594000000,59700000.0,76100000.0,7800000.0,-61100000.0,46200000.0,-38300000.0,23400000.0,-92400000.0,82500000.0,-34300000.0,,-9100000.0,-41100000.0,-18000000.0,-1100000.0,-48500000.0,-67600000.0,-20600000,2017-03-31,62.2599983215332,62.70000076293945,62.18000030517578,62.43999862670898,60.44807434082031,1061400.0
2017-06-30,992700000.0,-448500000.0,544200000.0,-1592200000.0,-1592200000.0,,,-1048000000.0,-16800000.0,-9000000.0,-1064800000,,-1064800000,14500000.0,-1050300000,,-1050000000,-1050000000,268400000.0,664200000.0,596800000.0,1765700000.0,841000000.0,,8243300000.0,9084300000.0,10850000000,732100000.0,21600000.0,753700000.0,1587300000.0,2822100000.0,3575800000,6530000000.0,-1745100000.0,2915600000.0,7274200000.0,10850000000,-1050300000.0,77800000.0,1160800000.0,-62100000.0,-44300000.0,-11300000.0,-13900000.0,7400000.0,126200000.0,-34500000.0,,-116100000.0,-150800000.0,-20100000.0,-1200000.0,-57600000.0,-78900000.0,-94900000,2017-06-30,64.90000152587889,65.05000305175781,64.44999694824219,64.83999633789061,62.85736846923828,762900.0
2017-09-30,1009200000.0,-450200000.0,559000000.0,-451100000.0,-451100000.0,,,107900000.0,-10300000.0,-9400000.0,97600000,,97600000,-7100000.0,90500000,,90600000,90600000,370000000.0,734400000.0,624400000.0,1972400000.0,859900000.0,,8366700000.0,9226600000.0,11199000000,827000000.0,21400000.0,848400000.0,1600700000.0,2860800000.0,3709200000,6547500000.0,-1737100000.0,2986000000.0,7489800000.0,11199000000,90500000.0,80500000.0,12800000.0,-19500000.0,-59500000.0,-17700000.0,-400000.0,58100000.0,164300000.0,-34400000.0,,-10700000.0,-43900000.0,-20100000.0,-9600000.0,7600000.0,-22100000.0,101600000,2017-09-29,59.040000915527344,59.88000106811523,58.72000122070313,59.81000137329102,58.06666946411133,1103500.0
2017-12-31,1091000000.0,-497700000.0,593300000.0,-1299700000.0,-1299700000.0,,,-706400000.0,-6500000.0,-8900000.0,-712900000,,-712900000,62700000.0,-650200000,,-650400000,-650400000,320600000.0,746200000.0,623100000.0,2002500000.0,876000000.0,,7496000000.0,8372000000.0,10374500000,924400000.0,30100000.0,954500000.0,1611600000.0,2792100000.0,3746600000,6546500000.0,-1955400000.0,2316200000.0,6627900000.0,10374500000,-650200000.0,82000000.0,799200000.0,-2100000.0,-5800000.0,4400000.0,35100000.0,-35800000.0,228900000.0,-40400000.0,0.0,-10000000.0,-50600000.0,-20100000.0,8500000.0,-220600000.0,-232200000.0,-49400000,2017-12-29,66.30000305175781,66.72000122070311,65.76999664306639,65.83000183105469,63.996482849121094,916900.0
2018-03-31,956100000.0,-442000000.0,514100000.0,-445400000.0,-445400000.0,,,68700000.0,26100000.0,-8000000.0,94800000,,94800000,-13700000.0,81100000,,81200000,81200000,317100000.0,670400000.0,696600000.0,2000500000.0,888200000.0,,7484100000.0,8372300000.0,10372800000,872800000.0,22600000.0,895400000.0,1645500000.0,2772200000.0,3667600000,6534300000.0,-1936100000.0,2375900000.0,6705200000.0,10372800000,81100000.0,83200000.0,-33100000.0,-76100000.0,87500000.0,-64700000.0,-3900000.0,-95000000.0,55100000.0,-36100000.0,,-6700000.0,-45200000.0,-19800000.0,-7900000.0,8300000.0,-19400000.0,-3500000,2018-03-29,50.06999969482422,50.63999938964844,49.599998474121094,50.31000137329102,48.99492645263672,3175000.0
2018-06-30,1042100000.0,-489300000.0,552800000.0,-1706900000.0,-1706900000.0,,,-1154100000.0,-8200000.0,-9200000.0,-1162300000,,-1162300000,41300000.0,-1121000000,,-1122000000,-1122000000,239300000.0,710300000.0,666300000.0,1892400000.0,857600000.0,,6072000000.0,6929600000.0,8822000000,899600000.0,218100000.0,1117700000.0,1586600000.0,2564200000.0,3681900000,6528800000.0,-2177000000.0,1216200000.0,5140100000.0,8822000000,-1121000000.0,85700000.0,1201100000.0,-48900000.0,-64500000.0,-4600000.0,-2600000.0,22800000.0,116900000.0,-46500000.0,54100000.0,-123800000.0,-114300000.0,-19900000.0,195100000.0,-244600000.0,-69400000.0,-77800000,2018-06-29,43.209999084472656,44.02000045776367,43.209999084472656,43.77000045776367,42.71137237548828,1440900.0
2018-09-30,928400000.0,-452300000.0,476100000.0,-430600000.0,-430600000.0,,,45500000.0,-13800000.0,-9100000.0,31700000,,31700000,-4200000.0,27500000,,28000000,28000000,233100000.0,702000000.0,672000000.0,1902800000.0,865700000.0,,6000700000.0,6866400000.0,8769200000,925300000.0,154800000.0,1080100000.0,1574800000.0,2534800000.0,3614900000,6531300000.0,-2166400000.0,1243600000.0,5154300000.0,8769200000,27500000.0,84200000.0,-8000000.0,21900000.0,2100000.0,-14000000.0,16600000.0,17200000.0,125600000.0,-47200000.0,0.0,0.0,-45500000.0,-19400000.0,-71900000.0,8900000.0,-82400000.0,-6200000,2018-09-28,37.900001525878906,38.11000061035156,37.56999969482422,37.7400016784668,36.91263198852539,2079000.0
2018-12-31,1059400000.0,-534400000.0,525000000.0,863900000.0,863900000.0,,,1388900000.0,-4100000.0,-8700000.0,1384800000,-1307000000.0,77800000,-76400000.0,1400000,,1800000,1800000,309600000.0,701900000.0,598900000.0,1888000000.0,870600000.0,,5928400000.0,6799000000.0,8687000000,920900000.0,92400000.0,1013300000.0,1564900000.0,2540700000.0,3554000000,6524900000.0,-2151000000.0,1225900000.0,5133000000.0,8687000000,1400000.0,77900000.0,54000000.0,69100000.0,-1100000.0,63300000.0,-3100000.0,10000000.0,202400000.0,4800000.0,-54100000.0,500000.0,-48000000.0,-19900000.0,-64300000.0,5400000.0,-78800000.0,76500000,2018-12-31,37.27999877929688,37.54999923706055,36.7599983215332,37.209999084472656,36.48057174682617,1664300.0
2019-03-31,946200000.0,-446500000.0,499700000.0,-452400000.0,-452400000.0,,,47300000.0,6500000.0,-7300000.0,53800000,,53800000,-14600000.0,39200000,,39200000,39200000,225400000.0,658500000.0,618200000.0,1795600000.0,853900000.0,,5955000000.0,6808900000.0,8604500000,849900000.0,20700000.0,870600000.0,1670600000.0,2624400000.0,3495000000,6523000000.0,-2122900000.0,1245000000.0,5109500000.0,8604500000,39200000.0,83100000.0,2300000.0,-95300000.0,36500000.0,-31500000.0,-11300000.0,-89000000.0,29300000.0,-33600000.0,,0.0,-12700000.0,-19500000.0,-68900000.0,19800000.0,-99200000.0,-84200000,2019-03-29,49.56999969482422,49.65999984741211,48.86999893188477,49.59000015258789,48.70497512817383,2118100.0
2019-06-30,1009400000.0,-468600000.0,540800000.0,-473300000.0,-473300000.0,,,67500000.0,-19900000.0,-7800000.0,47600000,,47600000,-11200000.0,36400000,,36400000,36400000,250100000.0,700100000.0,608300000.0,1828300000.0,819600000.0,,5927400000.0,6747000000.0,8575300000,824500000.0,56300000.0,880800000.0,1560600000.0,2511600000.0,3392400000,6553900000.0,-2132000000.0,1261800000.0,5182900000.0,8575300000,36400000.0,82800000.0,58100000.0,-32200000.0,-38000000.0,13200000.0,-20900000.0,13500000.0,145100000.0,-29200000.0,,0.0,-11800000.0,-19600000.0,-87300000.0,-3400000.0,-110300000.0,24700000,2019-06-28,57.65999984741211,58.41999816894531,57.47000122070313,58.36000061035156,57.40614318847656,2231700.0
2019-09-30,962100000.0,-448100000.0,514000000.0,-404500000.0,-404500000.0,,,109500000.0,-3000000.0,-5900000.0,106500000,,106500000,-21500000.0,85000000,,85000000,85000000,226100000.0,698400000.0,605100000.0,1811300000.0,782500000.0,,5773000000.0,6555500000.0,8366800000,857200000.0,11700000.0,868900000.0,1522400000.0,2438800000.0,3307700000,6569800000.0,-2227700000.0,1324300000.0,5059100000.0,8366800000,85000000.0,78600000.0,5100000.0,-9600000.0,-19200000.0,-30100000.0,1700000.0,38000000.0,159100000.0,-19800000.0,,-3300000.0,-15200000.0,-19600000.0,-43500000.0,-97600000.0,-160800000.0,-24000000,2019-09-30,53.02000045776367,53.52999877929688,52.68999862670898,53.31000137329102,52.53741073608398,1400600.0
2019-12-31,1111300000.0,-500800000.0,610500000.0,-392800000.0,-392800000.0,,,217700000.0,400000.0,-7000000.0,218100000,-81000000.0,137100000,-34700000.0,102400000,,102400000,102400000,405000000.0,782000000.0,562000000.0,2000000000.0,802000000.0,,5801000000.0,6603000000.0,8603000000,993000000.0,2000000.0,995000000.0,1433000000.0,2513000000.0,3508000000,6590000000.0,-2301000000.0,1404000000.0,5095000000.0,8603000000,102400000.0,78500000.0,1500000.0,117100000.0,-70300000.0,62400000.0,56500000.0,68500000.0,299500000.0,-35400000.0,,300000.0,-29300000.0,-22300000.0,-300000.0,-69800000.0,-95700000.0,178500000,2019-12-31,56.36999893188477,56.70000076293945,55.95000076293945,56.59000015258789,55.86753463745117,1211000.0
2020-03-31,874000000.0,-406000000.0,468000000.0,-393000000.0,-359000000.0,-34000000.0,,75000000.0,-5000000.0,-7000000.0,70000000,-200000000.0,-130000000,-10000000.0,-140000000,,-140000000,-140000000,235900000.0,709100000.0,590500000.0,1805200000.0,776600000.0,,5476600000.0,6253200000.0,8058400000,858500000.0,33000000.0,891500000.0,1421200000.0,2476700000.0,3368200000,6556500000.0,-2399000000.0,1242200000.0,4690200000.0,8058400000,-140000000.0,79000000.0,209000000.0,-158000000.0,53000000.0,-57000000.0,-29000000.0,-125000000.0,-10000000.0,-25000000.0,,,-16000000.0,-22000000.0,30000000.0,-136000000.0,-130000000.0,-169000000,2020-03-31,38.97999954223633,39.97999954223633,38.34000015258789,38.83000183105469,38.44411087036133,3788800.0
2020-06-30,491000000.0,-315000000.0,176000000.0,-279000000.0,-261000000.0,-18000000.0,,-103000000.0,-16000000.0,-11000000.0,-119000000,-1000000.0,-120000000,24000000.0,-96000000,,-95000000,-95000000,1109100000.0,500200000.0,548900000.0,2362900000.0,771700000.0,,5469600000.0,6241300000.0,8604200000,762700000.0,300000.0,763000000.0,2182700000.0,3195800000.0,3958800000,6579300000.0,-2416200000.0,1124700000.0,4645400000.0,8604200000,-96000000.0,80000000.0,-22000000.0,212000000.0,216000000.0,56000000.0,-60000000.0,0.0,174000000.0,-13000000.0,,,36000000.0,-22000000.0,710000000.0,2000000.0,658000000.0,873000000,2020-06-30,43.959999084472656,44.209999084472656,43.54999923706055,44.060001373291016,43.72415542602539,1861900.0
