Report Date,Revenue,Cost of Revenue,Gross Profit,Operating Expenses,"Selling, General & Administrative",Research & Development,Depreciation & Amortization,Operating Income (Loss),Non-Operating Income (Loss),"Interest Expense, Net","Pretax Income (Loss), Adj.",Abnormal Gains (Losses),Pretax Income (Loss),"Income Tax (Expense) Benefit, Net",Income (Loss) from Continuing Operations,Net Extraordinary Gains (Losses),Net Income,Net Income (Common),"Cash, Cash Equivalents & Short Term Investments",Accounts & Notes Receivable,Inventories,Total Current Assets,"Property, Plant & Equipment, Net",Long Term Investments & Receivables,Other Long Term Assets,Total Noncurrent Assets,Total Assets,Payables & Accruals,Short Term Debt,Total Current Liabilities,Long Term Debt,Total Noncurrent Liabilities,Total Liabilities,Share Capital & Additional Paid-In Capital,Treasury Stock,Retained Earnings,Total Equity,Total Liabilities & Equity,Net Income/Starting Line,Depreciation & Amortization,Non-Cash Items,Change in Working Capital,Change in Accounts Receivable,Change in Inventories,Change in Accounts Payable,Change in Other,Net Cash from Operating Activities,Change in Fixed Assets & Intangibles,Net Change in Long Term Investment,Net Cash from Acquisitions & Divestitures,Net Cash from Investing Activities,Dividends Paid,Cash from (Repayment of) Debt,Cash from (Repurchase of) Equity,Net Cash from Financing Activities,Net Change in Cash,Price Date,Open,High,Low,Close,Adj Close,Volume
2016-03-31,1443000000.0,-544000000.0,899000000.0,-555000000.0,-243000000.0,,,344000000.0,-34000000.0,-42000000.0,310000000,-2000000.0,308000000,-82000000.0,226000000,138000000.0,364000000,364000000,934000000.0,418000000.0,210000000.0,1963000000.0,4111000000.0,,2147000000.0,6258000000.0,8221000000,2205000000.0,2321000000.0,4648000000.0,2510000000.0,3356000000.0,8004000000,2000000.0,,454000000.0,217000000.0,8221000000,226000000.0,73000000.0,-10000000.0,20000000.0,,,,,309000000.0,8000000.0,,,-67000000.0,-192000000.0,793000000.0,-925000000.0,-378000000.0,-133000000,2016-03-31,59.16606903076172,59.3961181640625,58.52624130249024,58.84255981445313,53.46786499023438,3889375.0
2016-06-30,1509000000.0,-570000000.0,939000000.0,-577000000.0,-254000000.0,,,362000000.0,-45000000.0,-51000000.0,317000000,47000000.0,364000000,-98000000.0,266000000,70000000.0,336000000,336000000,795000000.0,395000000.0,255000000.0,1879000000.0,4096000000.0,,2209000000.0,6305000000.0,8184000000,2138000000.0,39000000.0,2279000000.0,5324000000.0,6236000000.0,8515000000,,,-123000000.0,-331000000.0,8184000000,266000000.0,74000000.0,-41000000.0,-21000000.0,,,,,278000000.0,76000000.0,,,-23000000.0,-187000000.0,4518000000.0,-1142000000.0,3198000000.0,3449000000,2016-06-30,59.41049575805664,59.62616729736328,58.80661392211914,59.61178970336914,54.47222518920898,5201505.0
2016-09-30,1518000000.0,-563000000.0,955000000.0,-578000000.0,-270000000.0,,,377000000.0,-96000000.0,-98000000.0,281000000,20000000.0,301000000,-83000000.0,218000000,422000000.0,640000000,640000000,2885000000.0,440000000.0,255000000.0,4003000000.0,4010000000.0,,2419000000.0,6429000000.0,10432000000,2115000000.0,48000000.0,2299000000.0,9119000000.0,9963000000.0,12262000000,,,-1572000000.0,-1830000000.0,10432000000,218000000.0,77000000.0,43000000.0,11000000.0,,,,,349000000.0,63000000.0,,,-37000000.0,-180000000.0,-6000000.0,-2249000000.0,-2378000000.0,-2073000000,2016-09-30,64.61538696289061,65.78001403808594,64.58663177490234,65.28396606445311,59.97531127929688,5022623.0
2016-12-31,1886000000.0,-1812000000.0,74000000.0,380000000.0,-362000000.0,,,454000000.0,-180000000.0,-116000000.0,274000000,98000000.0,372000000,-64000000.0,308000000,-5000000.0,303000000,303000000,725000000.0,370000000.0,37000000.0,1505000000.0,2113000000.0,,1835000000.0,3948000000.0,5453000000,1103000000.0,66000000.0,1306000000.0,9059000000.0,9762000000.0,11068000000,,,-5157000000.0,-5615000000.0,5453000000,308000000.0,86000000.0,-29000000.0,-53000000.0,,,,,312000000.0,223000000.0,,,123000000.0,-185000000.0,-13000000.0,-1087000000.0,-1186000000.0,-777000000,2016-12-30,63.93000030517578,63.93999862670898,63.15999984741211,63.33000183105469,58.51486587524414,1887100.0
2017-03-31,1417000000.0,-758000000.0,659000000.0,-283000000.0,-237000000.0,,,376000000.0,-140000000.0,-110000000.0,236000000,111000000.0,347000000,-67000000.0,280000000,,280000000,280000000,525000000.0,355000000.0,34000000.0,1277000000.0,2084000000.0,,1790000000.0,3874000000.0,5151000000,1017000000.0,393000000.0,1558000000.0,8715000000.0,9405000000.0,10963000000,,,-5433000000.0,-5812000000.0,5151000000,280000000.0,70000000.0,-43000000.0,-19000000.0,,,,,288000000.0,185000000.0,,,104000000.0,-106000000.0,-8000000.0,-461000000.0,-629000000.0,-220000000,2017-03-31,64.01999664306639,64.37000274658203,63.9000015258789,63.9000015258789,59.31537628173828,2410400.0
2017-06-30,1448000000.0,-748000000.0,700000000.0,-301000000.0,-247000000.0,,,399000000.0,-107000000.0,-105000000.0,292000000,19000000.0,311000000,-105000000.0,206000000,,206000000,206000000,970000000.0,356000000.0,31000000.0,1785000000.0,2021000000.0,,1790000000.0,3811000000.0,5596000000,942000000.0,375000000.0,1478000000.0,9474000000.0,10220000000.0,11698000000,,,-5710000000.0,-6102000000.0,5596000000,206000000.0,65000000.0,48000000.0,-168000000.0,,,,,151000000.0,136000000.0,,,69000000.0,-105000000.0,736000000.0,-395000000.0,219000000.0,445000000,2017-06-30,73.54000091552734,74.1500015258789,73.54000091552734,73.76000213623047,68.78974914550781,1727000.0
2017-09-30,1436000000.0,-717000000.0,719000000.0,-276000000.0,-215000000.0,,,443000000.0,-120000000.0,-110000000.0,323000000,201000000.0,524000000,-106000000.0,418000000,,418000000,418000000,980000000.0,358000000.0,15000000.0,1999000000.0,1861000000.0,,1594000000.0,3455000000.0,5454000000,850000000.0,372000000.0,1403000000.0,9479000000.0,10172000000.0,11575000000,,,-5817000000.0,-6121000000.0,5454000000,418000000.0,60000000.0,-103000000.0,-96000000.0,,,,,279000000.0,395000000.0,,,316000000.0,-104000000.0,23000000.0,-492000000.0,-619000000.0,-5000000,2017-09-29,73.5,73.94000244140625,73.20999908447266,73.61000061035156,68.92941284179689,1942300.0
2017-12-31,1577000000.0,-731000000.0,846000000.0,-376000000.0,-300000000.0,,,470000000.0,-130000000.0,-120000000.0,340000000,752000000.0,1092000000,-656000000.0,436000000,,436000000,436000000,1522000000.0,400000000.0,,2507000000.0,1594000000.0,,1210000000.0,2804000000.0,5311000000,936000000.0,375000000.0,1512000000.0,9429000000.0,10133000000.0,11645000000,,,-6063000000.0,-6334000000.0,5311000000,436000000.0,58000000.0,-208000000.0,26000000.0,,,,,312000000.0,1057000000.0,,,983000000.0,-101000000.0,-48000000.0,-612000000.0,-766000000.0,548000000,2017-12-29,82.63999938964844,82.70999908447266,81.58999633789062,81.61000061035156,76.70932006835938,1347600.0
2018-03-31,1371000000.0,-438000000.0,933000000.0,-538000000.0,-219000000.0,,,395000000.0,-42000000.0,-107000000.0,353000000,156000000.0,509000000,-76000000.0,433000000,,433000000,433000000,982000000.0,501000000.0,,1889000000.0,1651000000.0,,1296000000.0,2947000000.0,4836000000,1048000000.0,61000000.0,1109000000.0,9419000000.0,10481000000.0,11590000000,,,-6539000000.0,-6754000000.0,4836000000,433000000.0,37000000.0,-177000000.0,-104000000.0,,,,,189000000.0,205000000.0,,,164000000.0,-120000000.0,-327000000.0,-498000000.0,-976000000.0,-585000000,2018-03-29,84.72000122070312,85.66999816894531,84.05999755859375,85.12999725341797,80.38863372802734,1718900.0
2018-06-30,1368000000.0,-421000000.0,947000000.0,-522000000.0,-208000000.0,,,425000000.0,-97000000.0,-112000000.0,328000000,29000000.0,357000000,-36000000.0,321000000,,321000000,321000000,313000000.0,527000000.0,,1203000000.0,1533000000.0,,1590000000.0,3123000000.0,4326000000,870000000.0,54000000.0,924000000.0,9612000000.0,10649000000.0,11573000000,,,-6965000000.0,-7247000000.0,4326000000,321000000.0,34000000.0,-81000000.0,-82000000.0,,,,,192000000.0,47000000.0,,,-206000000.0,-116000000.0,194000000.0,-670000000.0,-603000000.0,-674000000,2018-06-29,78.05000305175781,78.8499984741211,77.7300033569336,78.22000122070312,74.18294525146484,3246400.0
2018-09-30,1391000000.0,-399000000.0,992000000.0,-532000000.0,-204000000.0,,,460000000.0,-26000000.0,-111000000.0,434000000,100000000.0,534000000,-80000000.0,454000000,,454000000,454000000,198000000.0,528000000.0,,1169000000.0,1378000000.0,,1608000000.0,2986000000.0,4155000000,899000000.0,295000000.0,1194000000.0,9405000000.0,10419000000.0,11613000000,,,-7141000000.0,-7458000000.0,4155000000,454000000.0,32000000.0,-104000000.0,33000000.0,,,,,415000000.0,193000000.0,,,131000000.0,-113000000.0,50000000.0,-516000000.0,-582000000.0,-72000000,2018-09-28,90.27999877929688,91.26000213623048,90.06999969482422,90.91000366210938,86.58821105957031,2074400.0
2018-12-31,1558000000.0,-376000000.0,1182000000.0,-699000000.0,-264000000.0,,,483000000.0,-299000000.0,-122000000.0,184000000,255000000.0,439000000,-105000000.0,334000000,,334000000,334000000,292000000.0,561000000.0,,1207000000.0,1237000000.0,,1686000000.0,2923000000.0,4130000000,980000000.0,321000000.0,1301000000.0,9751000000.0,10755000000.0,12056000000,,,-7592000000.0,-7926000000.0,4130000000,334000000.0,34000000.0,-72000000.0,84000000.0,,,,,380000000.0,380000000.0,,-66000000.0,224000000.0,-113000000.0,375000000.0,-706000000.0,-459000000.0,137000000,2018-12-31,91.79000091552734,92.05999755859376,91.29000091552734,91.91999816894531,87.91382598876953,1657000.0
2019-03-31,1254000000.0,-272000000.0,982000000.0,-555000000.0,-211000000.0,,,427000000.0,-134000000.0,-115000000.0,293000000,6000000.0,299000000,-37000000.0,262000000,,262000000,262000000,278000000.0,543000000.0,,1186000000.0,1212000000.0,,2346000000.0,3558000000.0,4744000000,989000000.0,338000000.0,1327000000.0,9736000000.0,11321000000.0,12648000000,,,-7580000000.0,-7904000000.0,4744000000,262000000.0,26000000.0,66000000.0,-54000000.0,,,,,300000000.0,14000000.0,,,-34000000.0,-129000000.0,-3000000.0,-109000000.0,-278000000.0,0,2019-03-29,99.6999969482422,100.0999984741211,99.18000030517578,99.80999755859376,95.88817596435548,2356600.0
2019-06-30,1310000000.0,-286000000.0,1024000000.0,-551000000.0,-198000000.0,,,473000000.0,-100000000.0,-119000000.0,373000000,4000000.0,377000000,-88000000.0,289000000,,289000000,289000000,252000000.0,535000000.0,,1122000000.0,1193000000.0,,2359000000.0,3552000000.0,4674000000,861000000.0,325000000.0,1186000000.0,9869000000.0,11482000000.0,12668000000,,,-7614000000.0,-7994000000.0,4674000000,289000000.0,28000000.0,14000000.0,-170000000.0,,,,,161000000.0,11000000.0,,,-18000000.0,-128000000.0,124000000.0,-196000000.0,-214000000.0,-85000000,2019-06-28,110.66999816894531,110.79000091552734,109.23999786376952,110.66999816894531,106.76685333251952,3871200.0
2019-09-30,1339000000.0,-292000000.0,1047000000.0,-576000000.0,-208000000.0,,,471000000.0,-179000000.0,-120000000.0,292000000,8000000.0,300000000,-45000000.0,255000000,,255000000,255000000,691000000.0,527000000.0,,1548000000.0,1151000000.0,,2304000000.0,3455000000.0,5003000000,903000000.0,84000000.0,987000000.0,10491000000.0,12113000000.0,13100000000,,,-7669000000.0,-8097000000.0,5003000000,255000000.0,30000000.0,86000000.0,51000000.0,,,,,422000000.0,30000000.0,,,-2000000.0,-128000000.0,378000000.0,-167000000.0,52000000.0,447000000,2019-09-30,113.12999725341795,113.80999755859376,112.72000122070312,113.43000030517578,109.82577514648438,1247700.0
2019-12-31,1694000000.0,-385000000.0,1309000000.0,-783000000.0,-300000000.0,,,526000000.0,-148000000.0,-132000000.0,378000000,19000000.0,397000000,91000000.0,488000000,,488000000,488000000,605000000.0,584000000.0,,1527000000.0,1170000000.0,,2534000000.0,3704000000.0,5231000000,1110000000.0,431000000.0,1541000000.0,10131000000.0,11706000000.0,13247000000,,,-7628000000.0,-8016000000.0,5231000000,488000000.0,28000000.0,-180000000.0,96000000.0,,,,,432000000.0,55000000.0,,,-34000000.0,-126000000.0,-26000000.0,-343000000.0,-498000000.0,-68000000,2019-12-31,100.66999816894531,101.16999816894531,100.2300033569336,100.7300033569336,97.94876861572266,1271000.0
2020-03-31,1263000000.0,-298000000.0,965000000.0,-576000000.0,-208000000.0,,,389000000.0,-307000000.0,-118000000.0,82000000,13000000.0,95000000,-12000000.0,83000000,,83000000,83000000,1154000000.0,511000000.0,,1991000000.0,1252000000.0,,2842000000.0,4094000000.0,6085000000,1053000000.0,447000000.0,1500000000.0,11059000000.0,12814000000.0,14314000000,15000000.0,,-7695000000.0,-8229000000.0,6085000000,83000000.0,27000000.0,147000000.0,-19000000.0,,,,,238000000.0,2000000.0,,-408000000.0,-441000000.0,-141000000.0,952000000.0,,798000000.0,542000000,2020-03-31,70.12999725341797,71.93000030517578,68.06999969482422,68.52999877929689,66.93649291992189,3796100.0
2020-06-30,1198000000.0,-349000000.0,849000000.0,-559000000.0,-259000000.0,,,290000000.0,-41000000.0,-132000000.0,249000000,8000000.0,257000000,-51000000.0,206000000,,206000000,206000000,1243000000.0,530000000.0,,2398000000.0,1265000000.0,,2758000000.0,4023000000.0,6421000000,1041000000.0,434000000.0,1475000000.0,11252000000.0,13054000000.0,14529000000,11000000.0,,-7631000000.0,-8108000000.0,6421000000,206000000.0,26000000.0,-71000000.0,-37000000.0,,,,,124000000.0,1000000.0,,0.0,-31000000.0,-142000000.0,177000000.0,,10000000.0,138000000,2020-06-30,85.91000366210938,87.41000366210938,85.54000091552734,86.91000366210938,85.33354949951172,2046600.0
