Report Date,Revenue,Cost of Revenue,Gross Profit,Operating Expenses,"Selling, General & Administrative",Research & Development,Depreciation & Amortization,Operating Income (Loss),Non-Operating Income (Loss),"Interest Expense, Net","Pretax Income (Loss), Adj.",Abnormal Gains (Losses),Pretax Income (Loss),"Income Tax (Expense) Benefit, Net",Income (Loss) from Continuing Operations,Net Extraordinary Gains (Losses),Net Income,Net Income (Common),"Cash, Cash Equivalents & Short Term Investments",Accounts & Notes Receivable,Inventories,Total Current Assets,"Property, Plant & Equipment, Net",Long Term Investments & Receivables,Other Long Term Assets,Total Noncurrent Assets,Total Assets,Payables & Accruals,Short Term Debt,Total Current Liabilities,Long Term Debt,Total Noncurrent Liabilities,Total Liabilities,Share Capital & Additional Paid-In Capital,Treasury Stock,Retained Earnings,Total Equity,Total Liabilities & Equity,Net Income/Starting Line,Depreciation & Amortization,Non-Cash Items,Change in Working Capital,Change in Accounts Receivable,Change in Inventories,Change in Accounts Payable,Change in Other,Net Cash from Operating Activities,Change in Fixed Assets & Intangibles,Net Change in Long Term Investment,Net Cash from Acquisitions & Divestitures,Net Cash from Investing Activities,Dividends Paid,Cash from (Repayment of) Debt,Cash from (Repurchase of) Equity,Net Cash from Financing Activities,Net Change in Cash,Price Date,Open,High,Low,Close,Adj Close,Volume
2001-06-30,112935000.0,-60601000.0,52334000.0,-30537000.0,-21625000.0,-7615000.0,-1297000.0,21797000.0,1346000.0,-28000.0,23143000,-532000.0,22611000,-8140000.0,14471000,,14471000,14471000,183580000.0,79517000.0,47974000.0,318139000.0,41244000.0,,78342000.0,119586000.0,437725000,30833000.0,385000.0,31218000.0,292000.0,610000.0,31828000,61030000.0,-43566000.0,392427000.0,405897000.0,437725000,14471000.0,3970000.0,416000.0,-16952000.0,,,,,1905000.0,-2909000.0,,,-2909000.0,,58000.0,,1567000.0,367000,2001-06-29,21.37777709960937,23.13777732849121,21.004444122314453,21.831111907958984,21.831111907958984,492750.0
2001-09-30,110318000.0,-58281000.0,52037000.0,-28012000.0,-19837000.0,-6849000.0,-1326000.0,24025000.0,-468000.0,-12000.0,23557000,-305000.0,23252000,-8370000.0,14882000,,14882000,14882000,211099000.0,82831000.0,43247000.0,345284000.0,41877000.0,,75374000.0,117251000.0,462535000,35964000.0,390000.0,36354000.0,292000.0,639000.0,36993000,59820000.0,-40603000.0,407308000.0,425542000.0,462535000,14881000.0,3828000.0,3415000.0,-25739000.0,,,,,-3615000.0,-3134000.0,,,-3134000.0,,-51000.0,,1702000.0,-3993000,2001-09-28,16.226667404174805,16.808889389038086,16.022222518920902,16.648889541625973,16.648889541625973,650025.0
2001-12-31,111611000.0,-60111000.0,51500000.0,-28540000.0,-20089000.0,-7124000.0,-1327000.0,22960000.0,1031000.0,-99000.0,23991000,-169000.0,23822000,-8576000.0,15246000,,15246000,15246000,249349000.0,67160000.0,39923000.0,364338000.0,40742000.0,,74476000.0,115218000.0,479556000,33528000.0,300000.0,33828000.0,408000.0,721000.0,34549000,59327000.0,-35482000.0,422555000.0,445007000.0,479556000,15247000.0,4049000.0,2119000.0,-6033000.0,,,,,15382000.0,-1588000.0,,,-1588000.0,,-46000.0,,3309000.0,16896000,2001-12-31,24.773332595825195,25.11111068725586,24.51111030578613,24.67111015319824,24.67111015319824,425700.0
2002-03-31,110185000.0,-58173000.0,52012000.0,-29101000.0,-21279000.0,-7455000.0,-367000.0,22911000.0,3799000.0,-55000.0,26710000,-3373000.0,23337000,-8397000.0,14940000,,14940000,14940000,270292000.0,72317000.0,36817000.0,386380000.0,40418000.0,,70703000.0,111121000.0,497501000,37580000.0,387000.0,37967000.0,233000.0,881000.0,38848000,58537000.0,-33810000.0,437495000.0,458653000.0,497501000,14940000.0,3005000.0,-1144000.0,-21728000.0,,,,,-4927000.0,-2314000.0,,,-2314000.0,,221000.0,,1103000.0,-6323000,2002-03-28,23.74666786193848,24.399999618530273,23.74666786193848,24.040000915527344,24.040000915527344,745875.0
2002-06-30,115951000.0,-60202000.0,55749000.0,-30783000.0,-22944000.0,-7472000.0,-367000.0,24966000.0,743000.0,-32000.0,25709000,,25709000,-9249000.0,16460000,,16460000,16460000,289329000.0,73556000.0,39949000.0,410731000.0,39986000.0,,69620000.0,109606000.0,520337000,35176000.0,401000.0,35577000.0,242000.0,1167000.0,36744000,55320000.0,-25030000.0,453955000.0,483593000.0,520337000,16460000.0,3019000.0,-432000.0,-26868000.0,,,,,-7821000.0,-1797000.0,,,-1797000.0,,234000.0,,5797000.0,-2952000,2002-06-28,22.16444396972656,22.755556106567386,21.053333282470703,21.431110382080078,21.431110382080078,2158425.0
2002-09-30,123151000.0,-62729000.0,60422000.0,-31538000.0,-23556000.0,-7609000.0,-373000.0,28884000.0,1680000.0,-114000.0,30564000,,30564000,-10697000.0,19867000,,19867000,19867000,311205000.0,78380000.0,36733000.0,434709000.0,38692000.0,,69656000.0,108348000.0,543057000,36292000.0,400000.0,36692000.0,216000.0,1378000.0,38070000,54636000.0,-22509000.0,473824000.0,504987000.0,543057000,19869000.0,3077000.0,914000.0,-27824000.0,,,,,-3964000.0,-1378000.0,,,-1378000.0,,-641000.0,,1196000.0,-4074000,2002-09-30,23.60444450378418,23.68000030517578,23.27555656433105,23.41777801513672,23.41777801513672,561375.0
2002-12-31,126324000.0,-63760000.0,62564000.0,-34147000.0,-27086000.0,-6674000.0,-387000.0,28417000.0,2856000.0,-118000.0,31273000,0.0,31273000,-10945000.0,20328000,,20328000,20328000,348577000.0,71299000.0,38066000.0,464580000.0,39462000.0,,69046000.0,108508000.0,573088000,36759000.0,145000.0,36904000.0,605000.0,2029000.0,38933000,56793000.0,-16760000.0,494150000.0,534155000.0,573088000,20326000.0,3158000.0,4681000.0,-28302000.0,,,,,-137000.0,-2992000.0,3499000.0,,507000.0,,69000.0,,4893000.0,5439000,2002-12-31,24.96444320678711,25.86222267150879,24.86666679382324,25.46666717529297,25.46666717529297,863325.0
2003-03-31,124685000.0,-60336000.0,64349000.0,-32705000.0,-24755000.0,-7579000.0,-371000.0,31644000.0,2264000.0,-38000.0,33908000,,33908000,-11868000.0,22040000,,22040000,22040000,375927000.0,78281000.0,40221000.0,504176000.0,38738000.0,,68379000.0,107117000.0,611293000,50402000.0,446000.0,50848000.0,416000.0,2090000.0,52938000,55952000.0,-12902000.0,516190000.0,558355000.0,611293000,22040000.0,2909000.0,-66000.0,1790000.0,,,,,26673000.0,-1935000.0,-19259000.0,,-21194000.0,,-184000.0,,2833000.0,8091000,2003-03-31,28.56444358825684,28.755556106567386,28.31111145019531,28.622222900390625,28.622222900390625,687150.0
2003-06-30,129863000.0,-63305000.0,66558000.0,-34933000.0,-27002000.0,-7560000.0,-371000.0,31625000.0,2624000.0,-14000.0,34249000,,34249000,-11987000.0,22262000,,22262000,22262000,401348000.0,79555000.0,40030000.0,531687000.0,39162000.0,,68265000.0,107427000.0,639114000,40909000.0,792000.0,41701000.0,379000.0,2701000.0,44402000,57914000.0,-2913000.0,538452000.0,594712000.0,639114000,22262000.0,2874000.0,2609000.0,-9766000.0,,,,,17979000.0,-2612000.0,-32813000.0,,-35425000.0,,-41000.0,,9052000.0,-7392000,2003-06-30,33.59999847412109,33.59999847412109,32.91110992431641,33.444442749023445,33.444442749023445,623700.0
2003-09-30,134649000.0,-66876000.0,67773000.0,-34077000.0,-25808000.0,-7898000.0,-371000.0,33696000.0,-1327000.0,-64000.0,32369000,,32369000,-9370000.0,22999000,,22999000,22999000,422622000.0,82862000.0,39072000.0,555525000.0,38472000.0,,75762000.0,114234000.0,669759000,45382000.0,167000.0,45549000.0,409000.0,3055000.0,48604000,58286000.0,-1142000.0,561451000.0,621155000.0,669759000,22999000.0,2836000.0,1281000.0,-5763000.0,,,,,21353000.0,-1746000.0,-20508000.0,,-22254000.0,,27000.0,,1666000.0,766000,2003-09-30,33.633331298828125,35.04666519165039,33.040000915527344,34.31999969482422,34.31999969482422,832950.0
2003-12-31,147200000.0,-72803000.0,74397000.0,-39671000.0,-30422000.0,-8722000.0,-527000.0,34726000.0,2664000.0,-38000.0,37390000,-1924000.0,35466000,-11071000.0,24395000,,24395000,24395000,447848000.0,81867000.0,42781000.0,581418000.0,39286000.0,,80907000.0,120193000.0,701611000,45449000.0,153000.0,45602000.0,452000.0,4094000.0,49696000,62640000.0,,585846000.0,651915000.0,701611000,24395000.0,2961000.0,1158000.0,7884000.0,,,,,36398000.0,-2114000.0,-30843000.0,-13680000.0,-46637000.0,,-2000.0,,3869000.0,-5617000,2003-12-31,43.54666519165039,44.79999923706055,43.5,44.246665954589844,44.246665954589844,606000.0
2004-03-31,154174000.0,-73571000.0,80603000.0,-39515000.0,-29970000.0,-8896000.0,-649000.0,41088000.0,2092000.0,-26000.0,43180000,-385000.0,42795000,-14861000.0,27934000,,27934000,27934000,487583000.0,82104000.0,48009000.0,626727000.0,41896000.0,,84080000.0,125976000.0,752703000,54007000.0,182000.0,54189000.0,351000.0,5885000.0,60074000,72716000.0,,613780000.0,692629000.0,752703000,27934000.0,3050000.0,4259000.0,2138000.0,,,,,37381000.0,-4805000.0,-36689000.0,,-41494000.0,,-68000.0,,6860000.0,3046000,2004-03-31,46.59333419799805,46.66666793823242,45.96666717529297,46.246665954589844,46.246665954589844,336000.0
2004-06-30,162830000.0,-78315000.0,84515000.0,-40444000.0,-30585000.0,-9233000.0,-626000.0,44071000.0,1961000.0,-6000.0,46032000,-876000.0,45156000,-15728000.0,29428000,,29428000,29428000,498944000.0,95333000.0,47613000.0,651645000.0,41352000.0,,84616000.0,125968000.0,777613000,46171000.0,160000.0,46331000.0,437000.0,4908000.0,51239000,79588000.0,,643208000.0,726374000.0,777613000,29428000.0,3030000.0,594000.0,-23060000.0,,,,,9992000.0,-2932000.0,-19286000.0,,-22218000.0,,60000.0,,4564000.0,-7925000,2004-06-30,57.813331604003906,58.099998474121094,57.31999969482422,58.0,58.0,554100.0
2004-09-30,171176000.0,-84030000.0,87146000.0,-41377000.0,-31134000.0,-9596000.0,-647000.0,45769000.0,2906000.0,-7000.0,48675000,-715000.0,47960000,-16641000.0,31319000,,31319000,31319000,523040000.0,95300000.0,54313000.0,683055000.0,42500000.0,,94208000.0,136708000.0,819763000,52931000.0,55000.0,52986000.0,131000.0,5439000.0,58425000,82408000.0,,674528000.0,761338000.0,819763000,31320000.0,2950000.0,1010000.0,29000.0,,,,,35309000.0,-2561000.0,-33242000.0,,-35803000.0,,-411000.0,,1579000.0,882000,2004-09-30,60.290000915527344,61.38999938964844,60.27000045776367,61.0099983215332,61.0099983215332,314500.0
2004-12-31,174874000.0,-85035000.0,89839000.0,-52036000.0,-40505000.0,-10884000.0,-647000.0,37803000.0,2516000.0,-5000.0,40319000,-146000.0,40173000,-13713000.0,26460000,,26460000,26460000,557993000.0,96881000.0,59255000.0,724638000.0,46283000.0,,91301000.0,137584000.0,862222000,59522000.0,54000.0,59576000.0,117000.0,4992000.0,64568000,84898000.0,,706489000.0,797654000.0,862222000,26459000.0,3225000.0,-5496000.0,9250000.0,,,,,33438000.0,-5945000.0,-27239000.0,,-33184000.0,,-15000.0,,7020000.0,7714000,2004-12-31,56.41999816894531,56.66999816894531,55.97999954223633,56.27999877929688,56.27999877929688,178300.0
2005-03-31,170727000.0,-83599000.0,87128000.0,-49065000.0,-37366000.0,-11052000.0,-647000.0,38063000.0,3023000.0,-3000.0,41086000,-1517000.0,39569000,-13750000.0,25819000,,25819000,25819000,573207000.0,101078000.0,63901000.0,750034000.0,46722000.0,,104310000.0,151032000.0,901066000,65082000.0,55000.0,65137000.0,103000.0,6962000.0,72099000,89962000.0,,733596000.0,828967000.0,901066000,25819000.0,3093000.0,1017000.0,-8895000.0,,,,,21034000.0,-2586000.0,-17846000.0,-7700000.0,-28132000.0,,-13000.0,,4563000.0,-2632000,2005-03-31,46.88000106811523,48.099998474121094,46.88000106811523,47.4900016784668,47.4900016784668,526900.0
2005-06-30,176614000.0,-87467000.0,89147000.0,-53623000.0,-40850000.0,-12386000.0,-387000.0,35524000.0,3614000.0,-27000.0,39138000,-141000.0,38997000,-13551000.0,25446000,,25446000,25446000,573810000.0,104999000.0,63569000.0,756483000.0,47564000.0,,114816000.0,162380000.0,918863000,51144000.0,55000.0,51199000.0,89000.0,9009000.0,60208000,93598000.0,,760359000.0,858655000.0,918863000,25445000.0,3306000.0,1998000.0,-21035000.0,,,,,9714000.0,-12275000.0,-5856000.0,45000.0,-18086000.0,,-14000.0,,3421000.0,-5253000,2005-06-30,44.20000076293945,44.40999984741211,43.63999938964844,43.790000915527344,43.790000915527344,709200.0
2005-09-30,175636000.0,-88103000.0,87533000.0,-49249000.0,-36922000.0,-11818000.0,-509000.0,38284000.0,3798000.0,-41000.0,42082000,-283000.0,41799000,-13724000.0,28075000,,28075000,28075000,529723000.0,98298000.0,63684000.0,705720000.0,47523000.0,,129058000.0,176581000.0,882301000,54257000.0,56000.0,54313000.0,75000.0,7518000.0,61831000,94725000.0,-68164000.0,789798000.0,820470000.0,882301000,28075000.0,3160000.0,-494000.0,10555000.0,,,,,41296000.0,-8129000.0,42410000.0,-2000.0,34279000.0,,-13000.0,-70421000.0,-67391000.0,8351000,2005-09-30,37.56999969482422,39.18999862670898,37.40999984741211,39.09000015258789,39.09000015258789,505300.0
2005-12-31,179294000.0,-89682000.0,89612000.0,-53443000.0,-40542000.0,-12103000.0,-798000.0,36169000.0,3819000.0,-8000.0,39988000,-71000.0,39917000,-13073000.0,26844000,,26844000,26844000,544239000.0,111551000.0,63638000.0,732714000.0,49643000.0,,136058000.0,185701000.0,918415000,52160000.0,,52160000.0,,8283000.0,60443000,140155000.0,-64013000.0,779453000.0,857972000.0,918415000,26845000.0,3545000.0,1351000.0,-14492000.0,,,,,17249000.0,-5050000.0,-7344000.0,-140000.0,-12534000.0,,-131000.0,0.0,2826000.0,5993000,2005-12-30,42.79999923706055,43.11999893188477,42.70000076293945,42.849998474121094,42.849998474121094,263300.0
2006-03-31,175814000.0,-93116000.0,82698000.0,-49540000.0,-36758000.0,-12035000.0,-747000.0,33158000.0,4651000.0,-218000.0,37809000,,37809000,-13037000.0,24772000,,24772000,26091000,216305000.0,116415000.0,66605000.0,412919000.0,51610000.0,353218000.0,134729000.0,539557000.0,952476000,57996000.0,,57996000.0,,6470000.0,64466000,135862000.0,-52060000.0,805544000.0,888010000.0,952476000,26091000.0,3669000.0,-999000.0,-3138000.0,,,,,25623000.0,-4836000.0,-36933000.0,,-41769000.0,,,,8178000.0,-8078000,2006-03-31,44.959999084472656,45.13999938964844,44.43999862670898,44.72000122070313,44.72000122070313,389200.0
2006-06-30,187421000.0,-97895000.0,89526000.0,-51696000.0,-38591000.0,-12382000.0,-723000.0,37830000.0,4417000.0,-13000.0,42247000,,42247000,-14575000.0,27672000,,27672000,27672000,207401000.0,115693000.0,77369000.0,414897000.0,54684000.0,377446000.0,138821000.0,570951000.0,985848000,58210000.0,,58210000.0,,6569000.0,64779000,137096000.0,-50087000.0,833216000.0,921069000.0,985848000,27672000.0,3631000.0,-616000.0,-7932000.0,,,,,22755000.0,-9508000.0,-5251000.0,,-14759000.0,,,,1310000.0,10084000,2006-06-30,33.84999847412109,34.330001831054695,33.77000045776367,34.15999984741211,34.15999984741211,415400.0
2006-09-30,186386000.0,-98600000.0,87786000.0,-50672000.0,-38109000.0,-11774000.0,-789000.0,37114000.0,6173000.0,-5000.0,43287000,-53392000.0,-10105000,5842000.0,-4263000,,-4263000,-4263000,204726000.0,116612000.0,82072000.0,425560000.0,55700000.0,342897000.0,163906000.0,562503000.0,988063000,62265000.0,,62265000.0,,6786000.0,69051000,138234000.0,-52542000.0,828953000.0,919012000.0,988063000,-4263000.0,4038000.0,2653000.0,-10051000.0,,,,,-7623000.0,-18387000.0,41117000.0,,22730000.0,,,-4069000.0,-2937000.0,11930000,2006-09-29,36.13999938964844,36.15999984741211,35.720001220703125,35.7400016784668,35.7400016784668,401900.0
2006-12-31,209903000.0,-111493000.0,98410000.0,-60148000.0,-45986000.0,-12768000.0,-1394000.0,38262000.0,5972000.0,236000.0,44234000,-12543000.0,31691000,-10245000.0,21446000,,21446000,21446000,259578000.0,122540000.0,81190000.0,479690000.0,57431000.0,298245000.0,127776000.0,483452000.0,963142000,72543000.0,,74854000.0,,10607000.0,85461000,139805000.0,-119335000.0,850399000.0,877681000.0,963142000,21446000.0,4749000.0,-3068000.0,24183000.0,,,,,47310000.0,-4557000.0,22510000.0,-2681000.0,15272000.0,,,-64152000.0,-62856000.0,1270000,2006-12-29,34.810001373291016,34.900001525878906,34.68000030517578,34.790000915527344,34.790000915527344,369300.0
2007-03-31,208576000.0,-108786000.0,99790000.0,-62604000.0,-46096000.0,-14185000.0,-2323000.0,37186000.0,5555000.0,,42741000,-1853000.0,40888000,-14172000.0,26716000,,26716000,26716000,185236000.0,136867000.0,79560000.0,421813000.0,59596000.0,267249000.0,252396000.0,579241000.0,1001054000,78129000.0,,78129000.0,,11797000.0,89926000,138143000.0,-110870000.0,877115000.0,911128000.0,1001054000,26716000.0,5853000.0,3615000.0,-9353000.0,,,,,26831000.0,-5333000.0,107208000.0,-127200000.0,-25325000.0,,,-6048000.0,-1232000.0,292000,2007-03-30,38.560001373291016,38.81999969482422,38.310001373291016,38.61000061035156,38.61000061035156,295300.0
2007-06-30,208912000.0,-109510000.0,99402000.0,-65433000.0,-48944000.0,-13869000.0,-2620000.0,33969000.0,5166000.0,,39135000,,39135000,-13502000.0,25633000,,25633000,25633000,209306000.0,124584000.0,79478000.0,434227000.0,61559000.0,285769000.0,251068000.0,598396000.0,1032623000,76990000.0,,76990000.0,,12262000.0,89252000,139983000.0,-107318000.0,902748000.0,943371000.0,1032623000,25633000.0,6390000.0,2212000.0,11650000.0,,,,,45885000.0,-5570000.0,-21313000.0,-226000.0,-27109000.0,,,0.0,2256000.0,21849000,2007-06-29,38.86999893188477,39.060001373291016,38.47999954223633,38.7400016784668,38.7400016784668,658400.0
2007-09-30,217218000.0,-112590000.0,104628000.0,-67606000.0,-50774000.0,-13904000.0,-2928000.0,37022000.0,4140000.0,,41162000,,41162000,-14201000.0,26961000,,26961000,26961000,298837000.0,133880000.0,84512000.0,536730000.0,62616000.0,170523000.0,268199000.0,501338000.0,1038068000,93257000.0,,93257000.0,,12255000.0,105512000,142190000.0,-146360000.0,929709000.0,932556000.0,1038068000,26961000.0,6941000.0,1700000.0,1368000.0,,,,,36970000.0,-7599000.0,-3320000.0,-13851000.0,-24770000.0,,,-42865000.0,-41547000.0,-30261000,2007-09-28,36.709999084472656,36.77000045776367,35.97999954223633,36.4900016784668,36.4900016784668,210200.0
2007-12-31,233573000.0,-120275000.0,113298000.0,-76437000.0,-49658000.0,-23522000.0,-3257000.0,36861000.0,9329000.0,,46190000,0.0,46190000,-15387000.0,30803000,,30803000,30803000,136649000.0,150775000.0,85038000.0,420832000.0,67686000.0,142033000.0,403727000.0,613446000.0,1034278000,112539000.0,,122172000.0,,9413000.0,131585000,142244000.0,-205058000.0,960512000.0,902693000.0,1034278000,30803000.0,7718000.0,2995000.0,6918000.0,,,,,48434000.0,-8368000.0,174315000.0,-145484000.0,20463000.0,,,-63181000.0,-62275000.0,6683000,2007-12-31,34.5,34.919998168945305,34.150001525878906,34.700000762939446,34.700000762939446,360900.0
2008-03-31,246277000.0,-123362000.0,122915000.0,-80327000.0,-53598000.0,-22215000.0,-4514000.0,42588000.0,2851000.0,,45439000,-3234000.0,42205000,-14561000.0,27644000,,27644000,27644000,154221000.0,171862000.0,89443000.0,443523000.0,69716000.0,149325000.0,404042000.0,623083000.0,1066606000,145648000.0,,156759000.0,,10692000.0,167451000,144179000.0,-236722000.0,988156000.0,899155000.0,1066606000,27644000.0,9088000.0,-187000.0,-4341000.0,,,,,32204000.0,-5909000.0,16349000.0,,10440000.0,,,-24600000.0,-23882000.0,18603000,2008-03-31,33.029998779296875,33.639999389648445,32.799999237060554,33.31999969482422,33.31999969482422,336600.0
2008-06-30,253782000.0,-126067000.0,127715000.0,-86066000.0,-56136000.0,-25251000.0,-4679000.0,41649000.0,2002000.0,,43651000,-4680000.0,38971000,-13445000.0,25526000,,25526000,25526000,123852000.0,179081000.0,101339000.0,429682000.0,78948000.0,144426000.0,417407000.0,640781000.0,1070463000,126132000.0,,140882000.0,,12090000.0,152972000,145447000.0,-247409000.0,1013682000.0,917491000.0,1070463000,25526000.0,9519000.0,3407000.0,-20104000.0,,,,,18348000.0,-14810000.0,19530000.0,-17987000.0,-13267000.0,,,-23802000.0,-21006000.0,-14898000,2008-06-30,33.220001220703125,33.400001525878906,32.580001831054695,32.639999389648445,32.639999389648445,371200.0
2008-09-30,244073000.0,-126287000.0,117786000.0,-78104000.0,-49514000.0,-23879000.0,-4711000.0,39682000.0,-5078000.0,,34604000,998000.0,35602000,-9832000.0,25770000,,25770000,25770000,128523000.0,171928000.0,106261000.0,436338000.0,70700000.0,116571000.0,414219000.0,601490000.0,1037828000,112402000.0,,134308000.0,,14394000.0,148702000,144449000.0,-299757000.0,1039452000.0,889126000.0,1037828000,25770000.0,9811000.0,1628000.0,-7255000.0,,,,,29954000.0,5881000.0,27888000.0,-583000.0,33186000.0,,,-59102000.0,-58086000.0,4961000,2008-09-30,27.420000076293945,27.85000038146973,26.209999084472656,27.85000038146973,27.85000038146973,1040500.0
2008-12-31,232568000.0,-121679000.0,110889000.0,-77847000.0,-48721000.0,-24455000.0,-4671000.0,33042000.0,3658000.0,,36700000,-165391000.0,-128691000,11330000.0,-117361000,,-117361000,-117361000,118921000.0,152679000.0,100199000.0,396818000.0,75363000.0,104326000.0,274371000.0,454060000.0,850878000,106621000.0,,124987000.0,,15153000.0,140140000,145583000.0,-344147000.0,922091000.0,710738000.0,850878000,-117361000.0,10163000.0,150534000.0,14440000.0,,,,,57776000.0,-12639000.0,3732000.0,-18000.0,-8925000.0,,,-50078000.0,-47271000.0,-13610000,2008-12-31,19.770000457763672,20.420000076293945,19.59000015258789,20.26000022888184,20.26000022888184,599400.0
2009-03-31,192609000.0,-106800000.0,85809000.0,-69339000.0,-44556000.0,-22149000.0,-2634000.0,16470000.0,-423000.0,,16047000,-2296000.0,13751000,-4399000.0,9352000,,9352000,9352000,92770000.0,137176000.0,101248000.0,363511000.0,76840000.0,94985000.0,267493000.0,439318000.0,802829000,72878000.0,,92644000.0,,15549000.0,108193000,142344000.0,-365376000.0,931443000.0,694636000.0,802829000,9352000.0,7953000.0,6430000.0,-24949000.0,,,,,-1214000.0,-7227000.0,37511000.0,,30284000.0,,,-28593000.0,-27425000.0,1432000,2009-03-31,18.899999618530273,19.420000076293945,18.82999992370605,19.020000457763672,19.020000457763672,297200.0
2009-06-30,187676000.0,-105940000.0,81736000.0,-65999000.0,-42475000.0,-20949000.0,-2575000.0,15737000.0,97000.0,,15834000,-2585000.0,13249000,-4238000.0,9011000,,9011000,9011000,116387000.0,138755000.0,92897000.0,373361000.0,78494000.0,88935000.0,267889000.0,435318000.0,808679000,74030000.0,,94151000.0,,15104000.0,109255000,134315000.0,-367464000.0,940454000.0,699424000.0,808679000,9011000.0,7994000.0,-192000.0,16829000.0,,,,,33642000.0,-5421000.0,-7536000.0,,-13382000.0,,,-13007000.0,-12148000.0,10093000,2009-06-30,23.81999969482422,23.979999542236328,23.3700008392334,23.65999984741211,23.65999984741211,325900.0
2009-09-30,200778000.0,-109080000.0,91698000.0,-72945000.0,-48842000.0,-21454000.0,-2649000.0,18753000.0,1102000.0,,19855000,-3515000.0,16340000,-5229000.0,11111000,,11111000,11111000,130103000.0,144375000.0,79807000.0,378217000.0,78984000.0,91421000.0,264806000.0,435211000.0,813428000,71298000.0,,93165000.0,,13720000.0,106885000,135675000.0,-372800000.0,951565000.0,706544000.0,813429000,11111000.0,8462000.0,5996000.0,4986000.0,,,,,30555000.0,-6851000.0,-21657000.0,,-28508000.0,,,-8009000.0,-6775000.0,-5744000,2009-09-30,26.13999938964844,26.229999542236328,25.35000038146973,25.93000030517578,25.93000030517578,170700.0
2009-12-31,157419000.0,-99075000.0,58344000.0,-29123000.0,-32102000.0,-1925000.0,4904000.0,29221000.0,1264000.0,,30485000,-1506000.0,28979000,-9962000.0,19017000,-1387000.0,17630000,17630000,153007000.0,150992000.0,79926000.0,410937000.0,77589000.0,91989000.0,249964000.0,419542000.0,830479000,80728000.0,,104810000.0,,13540000.0,118350000,136826000.0,-385831000.0,969195000.0,712129000.0,830479000,17630000.0,8504000.0,12499000.0,4082000.0,,,,,42715000.0,-5816000.0,-23654000.0,0.0,-29045000.0,,,-15836000.0,-14112000.0,-105000,2009-12-31,28.31999969482422,28.8700008392334,28.21999931335449,28.35000038146973,28.35000038146973,184800.0
2010-03-31,211975000.0,-114212000.0,97763000.0,-63056000.0,-43991000.0,-18324000.0,-741000.0,34707000.0,740000.0,,35447000,-1766000.0,33681000,-8134000.0,25547000,-814000.0,24733000,24733000,172553000.0,145642000.0,81565000.0,426207000.0,77951000.0,79947000.0,242852000.0,400750000.0,826957000,70615000.0,,93168000.0,,12870000.0,106038000,136865000.0,-401123000.0,993928000.0,720919000.0,826957000,24733000.0,7814000.0,5681000.0,-8054000.0,,,,,30174000.0,-5818000.0,-10706000.0,0.0,-16524000.0,,,-20823000.0,-16629000.0,-2955000,2010-03-31,29.57999992370605,30.059999465942386,29.43000030517578,29.60000038146973,29.60000038146973,175400.0
2010-06-30,218558000.0,-119149000.0,99409000.0,-67030000.0,-45637000.0,-20653000.0,-740000.0,32379000.0,603000.0,,32982000,-466000.0,32516000,-10331000.0,22185000,492000.0,22677000,22677000,177696000.0,150092000.0,85010000.0,443462000.0,81141000.0,76040000.0,241312000.0,398493000.0,841955000,85039000.0,,108443000.0,,12859000.0,121302000,126404000.0,-412972000.0,1016605000.0,720653000.0,841955000,22677000.0,8207000.0,2361000.0,3911000.0,,,,,37156000.0,-9235000.0,4263000.0,0.0,-6606000.0,,,-25944000.0,-25089000.0,5294000,2010-06-30,26.03000068664551,26.18000030517578,25.32999992370605,25.3700008392334,25.3700008392334,365100.0
2010-09-30,229807000.0,-120560000.0,109247000.0,-68916000.0,-46215000.0,-21862000.0,-839000.0,40331000.0,327000.0,,40658000,0.0,40658000,-13411000.0,27247000,-1096000.0,26151000,26151000,170505000.0,165423000.0,95842000.0,455710000.0,84809000.0,90076000.0,241050000.0,415935000.0,871645000,106146000.0,,128438000.0,,12500000.0,140938000,128790000.0,-430515000.0,1042756000.0,730707000.0,871645000,26151000.0,7677000.0,3180000.0,-2600000.0,,,,,34408000.0,-8699000.0,-672000.0,0.0,-10619000.0,,,-20617000.0,-17811000.0,6165000,2010-09-30,32.970001220703125,33.81999969482422,32.919998168945305,33.639999389648445,33.639999389648445,432500.0
2010-12-31,234019000.0,-119663000.0,114356000.0,-72378000.0,-49751000.0,-21736000.0,-891000.0,41978000.0,-278000.0,,41700000,1052000.0,42752000,-13117000.0,29635000,-1418000.0,28217000,28217000,171742000.0,130143000.0,112970000.0,591577000.0,87093000.0,85478000.0,114716000.0,287287000.0,878864000,105641000.0,,136434000.0,,12398000.0,148832000,130437000.0,-462029000.0,1070973000.0,730032000.0,878864000,28217000.0,7511000.0,-1000000.0,5371000.0,,,,,40099000.0,-10466000.0,1717000.0,0.0,-5867000.0,,,-34707000.0,-33343000.0,1407000,2010-12-31,38.15999984741211,38.5,37.9900016784668,37.9900016784668,37.9900016784668,156800.0
2011-03-31,237301000.0,-117303000.0,119998000.0,-73750000.0,-51234000.0,-21681000.0,-835000.0,46248000.0,12000.0,,46260000,-1886000.0,44374000,-14246000.0,30128000,31506000.0,61634000,61634000,244497000.0,141218000.0,120508000.0,547422000.0,90745000.0,130816000.0,125224000.0,346785000.0,894207000,116514000.0,,128009000.0,,11792000.0,139801000,133954000.0,-499483000.0,1132607000.0,754406000.0,894207000,61634000.0,5932000.0,-60821000.0,-11914000.0,,,,,-5169000.0,-3922000.0,-84597000.0,164008000.0,75489000.0,,,-41567000.0,-38165000.0,32491000,2011-03-31,38.959999084472656,39.36000061035156,38.75,39.2400016784668,39.2400016784668,147400.0
2011-06-30,245541000.0,-123843000.0,121698000.0,-74961000.0,-51638000.0,-22487000.0,-836000.0,46737000.0,-420000.0,,46317000,-66000.0,46251000,-13082000.0,33169000,-205000.0,32964000,32964000,256465000.0,145991000.0,118109000.0,567845000.0,93462000.0,86348000.0,123714000.0,303524000.0,871369000,91086000.0,,103815000.0,,11854000.0,115669000,127726000.0,-525002000.0,1165571000.0,755700000.0,871369000,32964000.0,6219000.0,3503000.0,-30029000.0,,,,,12657000.0,-7310000.0,46118000.0,-3000000.0,35808000.0,,,-40821000.0,-34893000.0,13475000,2011-06-30,41.84000015258789,42.66999816894531,41.66999816894531,42.16999816894531,42.16999816894531,203000.0
2011-09-30,253338000.0,-129785000.0,123553000.0,-74347000.0,-50920000.0,-22584000.0,-843000.0,49206000.0,-898000.0,,48308000,-326000.0,47982000,-13795000.0,34187000,10814000.0,45001000,45001000,190896000.0,162314000.0,120378000.0,539713000.0,94726000.0,108086000.0,109247000.0,312059000.0,851772000,84160000.0,,94436000.0,,11388000.0,105824000,130330000.0,-587510000.0,1210572000.0,745948000.0,851772000,45001000.0,5834000.0,6442000.0,-30042000.0,,,,,27235000.0,-6797000.0,-6306000.0,198000.0,-12905000.0,,,-63985000.0,-62853000.0,-49661000,2011-09-30,30.40999984741211,31.5,30.29999923706055,30.940000534057614,30.940000534057614,393000.0
2011-12-31,247308000.0,-125788000.0,121520000.0,-79330000.0,-55350000.0,-23174000.0,-806000.0,42190000.0,-1011000.0,,41179000,-67000.0,41112000,-8253000.0,32859000,2185000.0,35044000,35044000,218816000.0,155230000.0,133288000.0,584873000.0,97822000.0,107879000.0,108432000.0,314133000.0,899006000,97885000.0,,108974000.0,,13107000.0,122081000,132144000.0,-596622000.0,1245616000.0,776925000.0,899006000,35044000.0,6015000.0,6133000.0,-3607000.0,,,,,43585000.0,-10121000.0,-35051000.0,0.0,-45172000.0,,,-13827000.0,-9888000.0,-8741000,2011-12-30,35.97999954223633,36.150001525878906,35.7400016784668,35.779998779296875,35.779998779296875,98000.0
2012-03-31,243875000.0,-123992000.0,119883000.0,-77620000.0,-56434000.0,-20416000.0,-770000.0,42263000.0,-114000.0,,42149000,-254000.0,41895000,-11731000.0,30164000,,30164000,30164000,217112000.0,157114000.0,126119000.0,550282000.0,101985000.0,145132000.0,107687000.0,354804000.0,905086000,80788000.0,,92853000.0,,13170000.0,106023000,135194000.0,-603705000.0,1275780000.0,799063000.0,905086000,30164000.0,5959000.0,3426000.0,-2996000.0,,,,,36553000.0,-7654000.0,-29453000.0,13790000.0,-23317000.0,,,-9775000.0,-7711000.0,5525000,2012-03-30,41.810001373291016,41.810001373291016,41.18000030517578,41.18000030517578,41.18000030517578,130200.0
2012-06-30,247077000.0,-126700000.0,120377000.0,-79666000.0,-56560000.0,-22336000.0,-770000.0,40711000.0,260000.0,,40971000,-1252000.0,39719000,-9366000.0,30353000,300000.0,30653000,30653000,252853000.0,156146000.0,116689000.0,581750000.0,100992000.0,133969000.0,112079000.0,347040000.0,928790000,82333000.0,,94325000.0,,13486000.0,107811000,132603000.0,-612310000.0,1306433000.0,820979000.0,928790000,30653000.0,6005000.0,3162000.0,8282000.0,,,,,48102000.0,-2945000.0,33801000.0,0.0,30856000.0,,,-14870000.0,-15434000.0,63425000,2012-06-29,33.549999237060554,34.40999984741211,33.169998168945305,34.360000610351555,34.360000610351555,234400.0
2012-09-30,252037000.0,-125113000.0,126924000.0,-78479000.0,-54802000.0,-22007000.0,-1670000.0,48445000.0,-267000.0,,48178000,-9680000.0,38498000,-11917000.0,26581000,516000.0,27097000,27097000,212943000.0,165160000.0,122915000.0,530978000.0,102537000.0,155852000.0,151323000.0,409712000.0,940690000,80779000.0,,93067000.0,,14594000.0,107661000,137472000.0,-628683000.0,1333530000.0,833029000.0,940690000,27097000.0,6942000.0,14839000.0,1450000.0,,,,,50328000.0,-9541000.0,-34695000.0,-46084000.0,-90320000.0,,,-15052000.0,-13151000.0,-53115000,2012-09-28,37.810001373291016,38.060001373291016,37.47000122070313,37.4900016784668,37.4900016784668,185700.0
2012-12-31,253179000.0,-128719000.0,124460000.0,-78345000.0,-54277000.0,-22605000.0,-1463000.0,46115000.0,-56000.0,-207000.0,46059000,-1997000.0,44062000,-9263000.0,34799000,191000.0,34990000,34990000,388880000.0,168732000.0,123357000.0,710863000.0,101349000.0,5195000.0,150341000.0,256885000.0,967748000,81888000.0,,95214000.0,,15532000.0,110746000,140245000.0,-641438000.0,1368520000.0,857002000.0,967748000,34990000.0,7271000.0,8284000.0,-2197000.0,,,,,48348000.0,-5803000.0,-16949000.0,-2000.0,-22754000.0,,0.0,-14676000.0,-13138000.0,12487000,2012-12-31,39.09000015258789,39.38999938964844,38.84000015258789,39.310001373291016,39.310001373291016,163900.0
2013-03-31,236937000.0,-123872000.0,113065000.0,-82513000.0,-58792000.0,-21858000.0,-1863000.0,30552000.0,589000.0,,31141000,-2377000.0,28764000,-5222000.0,23542000,,23542000,23542000,414121000.0,169255000.0,116417000.0,730134000.0,101054000.0,3443000.0,148966000.0,253463000.0,983597000,66447000.0,,79892000.0,,17341000.0,97233000,141458000.0,-638596000.0,1392062000.0,886364000.0,983597000,23542000.0,7372000.0,2914000.0,-9664000.0,,,,,24164000.0,-2452000.0,-39313000.0,,-41765000.0,,,-3888000.0,2383000.0,-15148000,2013-03-28,46.349998474121094,47.2400016784668,46.25,47.13000106811523,47.13000106811523,118800.0
2013-06-30,253160000.0,-132253000.0,120907000.0,-82947000.0,-57883000.0,-23201000.0,-1863000.0,37960000.0,1475000.0,,39435000,-1719000.0,37716000,-7158000.0,30558000,8000.0,30566000,30566000,445685000.0,170856000.0,109149000.0,762607000.0,101737000.0,8353000.0,145858000.0,255948000.0,1018555000,89399000.0,,101815000.0,,20161000.0,121976000,138064000.0,-654518000.0,1422628000.0,896579000.0,1018555000,30566000.0,8040000.0,4484000.0,23802000.0,,,,,66892000.0,-6595000.0,-31047000.0,,-37642000.0,,,-24675000.0,-23115000.0,6294000,2013-06-28,43.150001525878906,43.72999954223633,42.86000061035156,43.43999862670898,43.43999862670898,360500.0
2013-09-30,263523000.0,-134913000.0,128610000.0,-81054000.0,-56847000.0,-22376000.0,-1831000.0,47556000.0,372000.0,,47928000,-787000.0,47141000,-8541000.0,38600000,0.0,38600000,38600000,463737000.0,175639000.0,106628000.0,779463000.0,100515000.0,2588000.0,145072000.0,248175000.0,1027638000,83469000.0,,98573000.0,,18722000.0,117295000,140490000.0,-681388000.0,1461228000.0,910343000.0,1027638000,38600000.0,7900000.0,2864000.0,-3431000.0,,,,,45933000.0,-5975000.0,-4649000.0,,-10624000.0,,,-29896000.0,-27087000.0,8310000,2013-09-30,45.06999969482422,45.56999969482422,45.0,45.56000137329102,45.56000137329102,361900.0
2013-12-31,284380000.0,-143962000.0,140418000.0,-85486000.0,-60478000.0,-23565000.0,-1443000.0,54932000.0,1564000.0,,56496000,-6117000.0,50379000,-9079000.0,41300000,-8000.0,41292000,41292000,413207000.0,176917000.0,121023000.0,754103000.0,109588000.0,,256121000.0,365709000.0,1119812000,103548000.0,0.0,119054000.0,0.0,42100000.0,161154000,144017000.0,-678456000.0,1502878000.0,958658000.0,1119812000,41292000.0,8688000.0,6738000.0,293000.0,,,,,57011000.0,-6978000.0,39009000.0,-95000000.0,-62969000.0,,,-4541000.0,3819000.0,-1456000,2013-12-31,54.15999984741211,54.72000122070313,53.599998474121094,54.08000183105469,54.08000183105469,124600.0
2014-03-31,288268000.0,-140330000.0,147938000.0,-89336000.0,-63807000.0,-22857000.0,-2672000.0,58602000.0,137000.0,-18000.0,58739000,-5194000.0,53545000,-11939000.0,41606000,,41606000,41606000,465567000.0,181618000.0,119373000.0,801015000.0,107511000.0,2588000.0,251265000.0,361364000.0,1162379000,94953000.0,,111364000.0,,42075000.0,153439000,147632000.0,-673989000.0,1544484000.0,1008940000.0,1162379000,41606000.0,9003000.0,2601000.0,-3455000.0,,,,,49755000.0,-2374000.0,-64020000.0,0.0,-66394000.0,,0.0,,5331000.0,-11403000,2014-03-31,69.19999694824219,69.83000183105469,68.72000122070311,69.41000366210939,69.41000366210939,172500.0
2014-06-30,288421000.0,-146252000.0,142169000.0,-88453000.0,-62076000.0,-23710000.0,-2667000.0,53716000.0,365000.0,0.0,54081000,-23084000.0,30997000,-3440000.0,27557000,,27557000,27557000,525993000.0,165426000.0,126103000.0,859247000.0,107115000.0,,252607000.0,359722000.0,1218969000,106382000.0,,123278000.0,,47629000.0,170907000,150197000.0,-666084000.0,1572041000.0,1048062000.0,1218969000,27557000.0,9093000.0,6023000.0,17485000.0,,,,,60158000.0,-5588000.0,-41960000.0,0.0,-47548000.0,,0.0,,6327000.0,18925000,2014-06-30,80.87000274658203,82.62000274658203,80.87000274658203,82.31999969482422,82.31999969482422,487600.0
2014-09-30,303272000.0,-151766000.0,151506000.0,-89344000.0,-61522000.0,-25225000.0,-2597000.0,62162000.0,-2150000.0,171000.0,60012000,-35206000.0,24806000,-9861000.0,14945000,,14945000,14945000,541920000.0,187543000.0,139621000.0,921050000.0,113206000.0,,248914000.0,362120000.0,1283170000,139249000.0,,158214000.0,,48207000.0,206421000,153748000.0,-660294000.0,1586986000.0,1076749000.0,1283170000,14945000.0,9127000.0,5126000.0,-9433000.0,,,,,19765000.0,-12061000.0,-23891000.0,0.0,-35952000.0,,0.0,,6085000.0,-10135000,2014-09-30,71.69000244140625,71.91000366210938,70.27999877929689,70.97000122070312,70.97000122070312,600900.0
2014-12-31,791039000.0,-454652000.0,336387000.0,-288867000.0,-163595000.0,-79208000.0,-46064000.0,47520000.0,-70352000.0,-62153000.0,-22832000,-69516000.0,-92348000,40240000.0,-52108000,,-52108000,-52108000,418000000.0,671000000.0,394000000.0,1672000000.0,255000000.0,,3612000000.0,3867000000.0,5539000000,753000000.0,4000000.0,953000000.0,3156000000.0,3546000000.0,4499000000,148000000.0,-634000000.0,1535000000.0,1040000000.0,5539000000,-52108000.0,53777000.0,-32750000.0,149403000.0,,,,,118322000.0,-18977000.0,456871000.0,-3399000000.0,-2961106000.0,,3189000000.0,,3174257000.0,333613000,2014-12-31,78.33999633789062,78.80999755859375,77.37000274658203,77.41000366210938,77.41000366210938,282000.0
2015-03-31,893000000.0,-484000000.0,409000000.0,-352000000.0,-188000000.0,-96000000.0,-68000000.0,57000000.0,-78000000.0,-51000000.0,-21000000,-37000000.0,-58000000,33000000.0,-25000000,,-25000000,-25000000,329534000.0,637953000.0,405469000.0,1618974000.0,270228000.0,,3565428000.0,3835656000.0,5454630000,670739000.0,0.0,895851000.0,3144177000.0,3532781000.0,4428632000,161027000.0,-629403000.0,1510010000.0,1025998000.0,5454630000,-25000000.0,80000000.0,10000000.0,-29000000.0,,,,,36000000.0,-26000000.0,26000000.0,-49000000.0,-49000000.0,,-50000000.0,,-40000000.0,-64000000,2015-03-31,90.6500015258789,90.88999938964844,89.73999786376953,90.72000122070312,90.72000122070312,578200.0
2015-06-30,890000000.0,-497000000.0,393000000.0,-358000000.0,-195000000.0,-100000000.0,-63000000.0,35000000.0,-39000000.0,-50000000.0,-4000000,-49000000.0,-53000000,-24000000.0,-77000000,,-77000000,-77000000,204918000.0,631067000.0,404472000.0,1456120000.0,284593000.0,,3475867000.0,3760460000.0,5216580000,657976000.0,0.0,873434000.0,3040361000.0,3391556000.0,4264990000,176304000.0,-632820000.0,1433752000.0,951590000.0,5216580000,-77000000.0,82000000.0,-17000000.0,-4000000.0,,,,,-16000000.0,-23000000.0,0.0,0.0,-23000000.0,,-80000000.0,,-81000000.0,-125000000,2015-06-30,109.5500030517578,112.11000061035156,109.5500030517578,111.0500030517578,111.0500030517578,725500.0
2015-09-30,916000000.0,-502000000.0,414000000.0,-346000000.0,-187000000.0,-100000000.0,-59000000.0,68000000.0,-50000000.0,-46000000.0,18000000,-43000000.0,-25000000,-4000000.0,-29000000,,-29000000,-29000000,258022000.0,625777000.0,408158000.0,1489255000.0,291754000.0,,3397981000.0,3689735000.0,5178990000,695132000.0,0.0,898924000.0,3043225000.0,3366038000.0,4264962000,187813000.0,-632231000.0,1404802000.0,914028000.0,5178990000,-29000000.0,78000000.0,5000000.0,42000000.0,,,,,96000000.0,-38000000.0,1000000.0,-3000000.0,-40000000.0,,0.0,,3000000.0,53000000,2015-09-30,72.7300033569336,76.61000061035156,72.7300033569336,76.55000305175781,76.55000305175781,618800.0
2015-12-31,951000000.0,-523000000.0,428000000.0,-366000000.0,-207000000.0,-98000000.0,-61000000.0,62000000.0,-50000000.0,-46000000.0,12000000,-56000000.0,-44000000,17000000.0,-27000000,,-27000000,-27000000,192000000.0,671000000.0,397000000.0,1334000000.0,298000000.0,,3408000000.0,3706000000.0,5040000000,698000000.0,,895000000.0,3012000000.0,3252000000.0,4147000000,195000000.0,-631000000.0,1377000000.0,893000000.0,5040000000,-27000000.0,80000000.0,-83000000.0,36000000.0,,,,,6000000.0,-35000000.0,-1000000.0,0.0,-36000000.0,,-35000000.0,,-43000000.0,-66000000,2015-12-31,69.29000091552734,70.72000122070312,69.29000091552734,69.65000152587889,69.65000152587889,369200.0
2016-03-31,849000000.0,-459000000.0,390000000.0,-339000000.0,-187000000.0,-93000000.0,-59000000.0,51000000.0,-49000000.0,-50000000.0,2000000,-41000000.0,-39000000,13000000.0,-26000000,,-26000000,-26000000,194000000.0,606000000.0,386000000.0,1281000000.0,300000000.0,,3340000000.0,3640000000.0,4921000000,665000000.0,,873000000.0,2937000000.0,3169000000.0,4042000000,205000000.0,-629000000.0,1369000000.0,879000000.0,4921000000,-26000000.0,77000000.0,19000000.0,26000000.0,,,,,96000000.0,-19000000.0,-1000000.0,,-20000000.0,,-80000000.0,,-77000000.0,2000000,2016-03-31,67.87000274658203,69.26999664306639,67.83999633789061,69.0,69.0,556800.0
2016-06-30,879000000.0,-473000000.0,406000000.0,-344000000.0,-189000000.0,-95000000.0,-60000000.0,62000000.0,-56000000.0,-49000000.0,6000000,-39000000.0,-33000000,-12000000.0,-45000000,,-45000000,-45000000,141000000.0,631000000.0,362000000.0,1222000000.0,301000000.0,,3268000000.0,3569000000.0,4791000000,650000000.0,,859000000.0,2873000000.0,3101000000.0,3960000000,190000000.0,-615000000.0,1320000000.0,831000000.0,4791000000,-45000000.0,77000000.0,9000000.0,-13000000.0,,,,,28000000.0,-16000000.0,0.0,,-16000000.0,,-65000000.0,,-69000000.0,-53000000,2016-06-30,49.88999938964844,50.599998474121094,48.63999938964844,50.099998474121094,50.099998474121094,1017100.0
2016-09-30,904000000.0,-490000000.0,414000000.0,-341000000.0,-186000000.0,-96000000.0,-59000000.0,73000000.0,-53000000.0,-46000000.0,20000000,-97000000.0,-77000000,-6000000.0,-83000000,,-83000000,-83000000,163000000.0,599000000.0,345000000.0,1265000000.0,292000000.0,,3141000000.0,3433000000.0,4698000000,707000000.0,,932000000.0,2788000000.0,3018000000.0,3950000000,200000000.0,-614000000.0,1223000000.0,748000000.0,4698000000,-83000000.0,80000000.0,74000000.0,57000000.0,,,,,128000000.0,-14000000.0,0.0,,-14000000.0,,-90000000.0,,-92000000.0,22000000,2016-09-30,69.18000030517578,69.83000183105469,68.77999877929689,69.61000061035156,69.61000061035156,394900.0
2016-12-31,942000000.0,-510000000.0,432000000.0,-332000000.0,-189000000.0,-92000000.0,-51000000.0,100000000.0,-51000000.0,-48000000.0,49000000,-29000000.0,20000000,-3000000.0,17000000,,17000000,17000000,156000000.0,625000000.0,345000000.0,1222000000.0,292000000.0,,3118000000.0,3410000000.0,4632000000,758000000.0,,949000000.0,2648000000.0,2891000000.0,3840000000,211000000.0,-614000000.0,1240000000.0,792000000.0,4632000000,17000000.0,70000000.0,-24000000.0,65000000.0,,,,,128000000.0,-28000000.0,0.0,39000000.0,11000000.0,,-147000000.0,,-146000000.0,-7000000,2016-12-30,86.05999755859375,86.30000305175781,85.33000183105469,85.76000213623047,85.76000213623047,219800.0
2017-03-31,865000000.0,-464000000.0,401000000.0,-330000000.0,-184000000.0,-96000000.0,-50000000.0,71000000.0,-42000000.0,-41000000.0,29000000,-31000000.0,-2000000,10000000.0,8000000,,8000000,8000000,180000000.0,550000000.0,376000000.0,1169000000.0,284000000.0,,3078000000.0,3362000000.0,4531000000,704000000.0,,921000000.0,2573000000.0,2815000000.0,3736000000,235000000.0,-630000000.0,1239000000.0,795000000.0,4531000000,8000000.0,69000000.0,3000000.0,37000000.0,,,,,117000000.0,-13000000.0,,,-13000000.0,,-80000000.0,,-78000000.0,24000000,2017-03-31,89.69000244140625,91.52999877929688,89.11000061035156,91.25,91.25,313800.0
2017-06-30,896000000.0,-485000000.0,411000000.0,-333000000.0,-182000000.0,-99000000.0,-52000000.0,78000000.0,-39000000.0,-40000000.0,39000000,-20000000.0,19000000,-2000000.0,17000000,,17000000,17000000,95000000.0,527000000.0,414000000.0,1136000000.0,273000000.0,,3036000000.0,3309000000.0,4445000000,769000000.0,,983000000.0,2418000000.0,2650000000.0,3633000000,235000000.0,-622000000.0,1256000000.0,812000000.0,4445000000,17000000.0,72000000.0,13000000.0,-16000000.0,,,,,86000000.0,-9000000.0,,,-9000000.0,,-160000000.0,,-160000000.0,-85000000,2017-06-30,100.63999938964844,101.66000366210938,99.73999786376952,100.5199966430664,100.5199966430664,457100.0
2017-09-30,935000000.0,-506000000.0,429000000.0,-329000000.0,-184000000.0,-96000000.0,-49000000.0,100000000.0,-98000000.0,-95000000.0,2000000,-9000000.0,-7000000,-5000000.0,-12000000,,-12000000,-12000000,88000000.0,596000000.0,492000000.0,1266000000.0,267000000.0,,2993000000.0,3260000000.0,4526000000,792000000.0,34000000.0,1039000000.0,2451000000.0,2673000000.0,3712000000,246000000.0,-621000000.0,1244000000.0,814000000.0,4526000000,-12000000.0,68000000.0,70000000.0,-119000000.0,,,,,7000000.0,-14000000.0,-1000000.0,,-15000000.0,,53000000.0,,1000000.0,-7000000,2017-09-29,108.95999908447266,109.68000030517578,107.11000061035156,108.58000183105469,108.58000183105469,269400.0
2017-12-31,1026000000.0,-557000000.0,469000000.0,-330000000.0,-199000000.0,-98000000.0,-33000000.0,139000000.0,-55000000.0,-51000000.0,84000000,-6000000.0,78000000,-74000000.0,4000000,,4000000,4000000,62000000.0,479000000.0,458000000.0,1063000000.0,264000000.0,,2948000000.0,3212000000.0,4275000000,763000000.0,51000000.0,1000000000.0,2176000000.0,2441000000.0,3441000000,258000000.0,-620000000.0,1248000000.0,834000000.0,4275000000,4000000.0,54000000.0,46000000.0,164000000.0,,,,,268000000.0,-14000000.0,0.0,,-14000000.0,,-267000000.0,,-280000000.0,-26000000,2017-12-29,104.33000183105469,104.94000244140624,103.27999877929688,103.8000030517578,103.8000030517578,159500.0
2018-03-31,977000000.0,-512000000.0,465000000.0,-315000000.0,-191000000.0,-101000000.0,-23000000.0,150000000.0,-11000000.0,-11000000.0,139000000,-6000000.0,133000000,-24000000.0,109000000,,109000000,109000000,64000000.0,471000000.0,448000000.0,1053000000.0,262000000.0,,2934000000.0,3196000000.0,4249000000,688000000.0,43000000.0,932000000.0,2090000000.0,2336000000.0,3268000000,267000000.0,-616000000.0,1376000000.0,981000000.0,4249000000,109000000.0,43000000.0,-3000000.0,-33000000.0,,,,,116000000.0,-18000000.0,-2000000.0,,-20000000.0,,-95000000.0,,-92000000.0,2000000,2018-03-29,137.05999755859378,140.0,136.63999938964844,139.19000244140622,139.19000244140622,224200.0
2018-06-30,1012000000.0,-540000000.0,472000000.0,-346000000.0,-214000000.0,-109000000.0,-23000000.0,126000000.0,-25000000.0,-23000000.0,101000000,-1000000.0,100000000,-30000000.0,70000000,,70000000,70000000,46000000.0,502000000.0,465000000.0,1109000000.0,254000000.0,,2912000000.0,3166000000.0,4275000000,731000000.0,85000000.0,1014000000.0,1914000000.0,2188000000.0,3202000000,274000000.0,-617000000.0,1446000000.0,1073000000.0,4275000000,70000000.0,43000000.0,23000000.0,14000000.0,,,,,150000000.0,-15000000.0,2000000.0,,-13000000.0,,-140000000.0,,-150000000.0,-18000000,2018-06-29,144.11000061035156,145.69000244140625,143.22000122070312,143.25,143.25,255400.0
2018-09-30,1092000000.0,-587000000.0,505000000.0,-333000000.0,-195000000.0,-113000000.0,-25000000.0,172000000.0,-19000000.0,-18000000.0,153000000,-10000000.0,143000000,-16000000.0,127000000,,127000000,127000000,45000000.0,575000000.0,493000000.0,1201000000.0,251000000.0,,2948000000.0,3199000000.0,4400000000,835000000.0,71000000.0,1105000000.0,1829000000.0,2082000000.0,3187000000,283000000.0,-614000000.0,1573000000.0,1213000000.0,4400000000,127000000.0,45000000.0,22000000.0,0.0,,,,,194000000.0,-15000000.0,0.0,-72000000.0,-87000000.0,,-111000000.0,,-109000000.0,-1000000,2018-09-28,177.4199981689453,178.8800048828125,176.55999755859375,176.8300018310547,176.8300018310547,320300.0
2018-12-31,1137000000.0,-598000000.0,539000000.0,-358000000.0,-211000000.0,-121000000.0,-26000000.0,181000000.0,-31000000.0,-39000000.0,150000000,-2000000.0,148000000,-33000000.0,115000000,,115000000,115000000,44000000.0,520000000.0,520000000.0,1162000000.0,249000000.0,,2928000000.0,3177000000.0,4339000000,934000000.0,157000000.0,1301000000.0,1434000000.0,1703000000.0,3004000000,295000000.0,-613000000.0,1688000000.0,1335000000.0,4339000000,115000000.0,44000000.0,7000000.0,159000000.0,,,,,325000000.0,-16000000.0,-1000000.0,0.0,-17000000.0,,-311000000.0,,-310000000.0,-1000000,2018-12-31,157.07000732421875,159.3300018310547,155.97999572753906,159.22999572753906,159.22999572753906,409100.0
2019-03-31,1066000000.0,-565000000.0,501000000.0,-337000000.0,-198000000.0,-111000000.0,-28000000.0,164000000.0,-28000000.0,-24000000.0,136000000,-5000000.0,131000000,-16000000.0,115000000,,115000000,115000000,61000000.0,488000000.0,510000000.0,1142000000.0,257000000.0,,3177000000.0,3434000000.0,4576000000,793000000.0,131000000.0,1146000000.0,1605000000.0,1963000000.0,3109000000,306000000.0,-611000000.0,1803000000.0,1467000000.0,4576000000,115000000.0,47000000.0,10000000.0,-130000000.0,,,,,42000000.0,-15000000.0,10000000.0,-179000000.0,-184000000.0,,146000000.0,,161000000.0,17000000,2019-03-29,211.08999633789062,211.9900054931641,208.02999877929688,209.52999877929688,209.52999877929688,339100.0
2019-06-30,1097000000.0,-577000000.0,520000000.0,-355000000.0,-217000000.0,-108000000.0,-30000000.0,165000000.0,-31000000.0,-33000000.0,134000000,-5000000.0,129000000,-5000000.0,124000000,,124000000,124000000,27000000.0,556000000.0,484000000.0,1188000000.0,251000000.0,,3262000000.0,3513000000.0,4701000000,814000000.0,156000000.0,1200000000.0,1561000000.0,1942000000.0,3142000000,315000000.0,-643000000.0,1927000000.0,1559000000.0,4701000000,124000000.0,48000000.0,34000000.0,-53000000.0,,,,,153000000.0,-15000000.0,-20000000.0,-87000000.0,-122000000.0,,-21000000.0,,-67000000.0,-34000000,2019-06-28,207.6699981689453,210.67999267578125,206.0200042724609,209.4900054931641,209.4900054931641,778400.0
2019-09-30,1130000000.0,-595000000.0,535000000.0,-338000000.0,-202000000.0,-110000000.0,-26000000.0,197000000.0,-26000000.0,-28000000.0,171000000,-12000000.0,159000000,-23000000.0,136000000,,136000000,136000000,33000000.0,588000000.0,468000000.0,1231000000.0,249000000.0,,3228000000.0,3477000000.0,4708000000,871000000.0,205000000.0,1306000000.0,1314000000.0,1708000000.0,3014000000,325000000.0,-663000000.0,2063000000.0,1694000000.0,4708000000,136000000.0,44000000.0,22000000.0,23000000.0,,,,,225000000.0,-14000000.0,-1000000.0,11000000.0,-4000000.0,,-193000000.0,-20000000.0,-214000000.0,6000000,2019-09-30,202.6300048828125,207.3500061035156,202.47000122070312,206.3699951171875,206.3699951171875,240700.0
2019-12-31,1192000000.0,-648000000.0,544000000.0,-346000000.0,-209000000.0,-118000000.0,-19000000.0,198000000.0,-9000000.0,-4000000.0,189000000,-10000000.0,179000000,-10000000.0,169000000,,169000000,169000000,30000000.0,613000000.0,474000000.0,1195000000.0,259000000.0,,3257000000.0,3516000000.0,4711000000,969000000.0,197000000.0,1404000000.0,1080000000.0,1468000000.0,2872000000,340000000.0,-689000000.0,2232000000.0,1839000000.0,4711000000,169000000.0,36000000.0,-37000000.0,97000000.0,,,,,265000000.0,-17000000.0,-1000000.0,-7000000.0,-25000000.0,,-244000000.0,-27000000.0,-245000000.0,-3000000,2019-12-31,253.8999938964844,256.47000122070307,253.8999938964844,255.44000244140625,255.44000244140625,363500.0
2020-03-31,1052000000.0,-579000000.0,473000000.0,-317000000.0,-196000000.0,-105000000.0,-16000000.0,156000000.0,-48000000.0,-45000000.0,108000000,-5000000.0,103000000,-14000000.0,89000000,,89000000,89000000,24000000.0,500000000.0,443000000.0,1051000000.0,257000000.0,,3232000000.0,3489000000.0,4540000000,755000000.0,230000000.0,1237000000.0,1167000000.0,1576000000.0,2813000000,347000000.0,-890000000.0,2321000000.0,1727000000.0,4540000000,89000000.0,34000000.0,39000000.0,-54000000.0,,,,,108000000.0,-13000000.0,-2000000.0,,-15000000.0,,121000000.0,-200000000.0,-98000000.0,-6000000,2020-03-31,186.7899932861328,189.4900054931641,182.1000061035156,183.6000061035156,183.6000061035156,521000.0
2020-06-30,956000000.0,-537000000.0,419000000.0,-297000000.0,-183000000.0,-98000000.0,-16000000.0,122000000.0,-16000000.0,-14000000.0,106000000,-3000000.0,103000000,-3000000.0,100000000,,100000000,100000000,63000000.0,406000000.0,513000000.0,1094000000.0,252000000.0,,3261000000.0,3513000000.0,4607000000,883000000.0,233000000.0,1389000000.0,986000000.0,1415000000.0,2804000000,351000000.0,-911000000.0,2421000000.0,1803000000.0,4607000000,100000000.0,34000000.0,19000000.0,94000000.0,,,,,247000000.0,-20000000.0,-30000000.0,,-50000000.0,,-181000000.0,0.0,-135000000.0,62000000,2020-06-30,252.75,258.0599975585937,251.6499938964844,255.9499969482422,255.9499969482422,344500.0
