Report Date,Revenue,Cost of Revenue,Gross Profit,Operating Expenses,Operating Income (Loss),Non-Operating Income (Loss),"Interest Expense, Net","Pretax Income (Loss), Adj.",Pretax Income (Loss),"Income Tax (Expense) Benefit, Net",Income (Loss) from Continuing Operations,Net Income,Net Income (Common),"Cash, Cash Equivalents & Short Term Investments",Accounts & Notes Receivable,Inventories,Total Current Assets,"Property, Plant & Equipment, Net",Other Long Term Assets,Total Noncurrent Assets,Total Assets,Payables & Accruals,Short Term Debt,Total Current Liabilities,Long Term Debt,Total Noncurrent Liabilities,Total Liabilities,Share Capital & Additional Paid-In Capital,Retained Earnings,Total Equity,Total Liabilities & Equity,Net Income/Starting Line,Depreciation & Amortization.1,Non-Cash Items,Change in Working Capital,Net Cash from Operating Activities,Change in Fixed Assets & Intangibles,Net Change in Long Term Investment,Net Cash from Investing Activities,Dividends Paid,Cash from (Repayment of) Debt,Net Cash from Financing Activities,Net Change in Cash,Price Date,Open,High,Low,Close,Adj Close,Volume
2009-06-30,1684000000.0,-589000000.0,1095000000.0,-730000000.0,365000000.0,-114000000.0,-124000000.0,251000000,251000000,-83000000.0,168000000,168000000,168000000,251000000.0,787000000.0,733000000.0,2664000000.0,17006000000.0,3520000000.0,20526000000.0,23190000000,649000000.0,1094000000.0,2545000000.0,7321000000.0,13291000000.0,15836000000,4837000000.0,2323000000.0,7354000000.0,23190000000,168000000.0,188000000.0,68000000.0,-69000000.0,355000000.0,-424000000.0,6000000.0,-450000000.0,-82000000.0,141000000.0,42000000.0,-53000000,2009-06-30,24.90999984741211,25.25,24.54999923706055,24.88999938964844,15.424633026123047,2245600.0
2009-09-30,1815000000.0,-619000000.0,1196000000.0,-711000000.0,485000000.0,-121000000.0,-134000000.0,364000000,364000000,-135000000.0,229000000,229000000,229000000,563000000.0,598000000.0,857000000.0,2780000000.0,17272000000.0,3542000000.0,20814000000.0,23594000000,626000000.0,563000000.0,1926000000.0,7321000000.0,13622000000.0,15548000000,5394000000.0,2467000000.0,8046000000.0,23594000000,229000000.0,193000000.0,272000000.0,131000000.0,825000000.0,-449000000.0,-3000000.0,-463000000.0,-83000000.0,-530000000.0,-50000000.0,312000000,2009-09-30,26.0,26.0,25.25,25.28000068664551,15.893877029418945,2844300.0
2009-12-31,1720000000.0,-701000000.0,1019000000.0,-767000000.0,252000000.0,-119000000.0,-132000000.0,133000000,126000000,-44000000.0,82000000,82000000,82000000,622000000.0,742000000.0,782000000.0,2842000000.0,17610000000.0,3250000000.0,20860000000.0,23702000000,804000000.0,224000000.0,1711000000.0,7941000000.0,13931000000.0,15642000000,5414000000.0,2455000000.0,8060000000.0,23702000000,82000000.0,151000000.0,-44000000.0,82000000.0,271000000.0,-409000000.0,-3000000.0,-436000000.0,-91000000.0,283000000.0,224000000.0,59000000,2009-12-31,28.559999465942386,28.63999938964844,27.95000076293945,27.95000076293945,17.826644897460938,812600.0
2010-03-31,1940000000.0,-897000000.0,1043000000.0,-745000000.0,298000000.0,-117000000.0,-132000000.0,181000000,181000000,-75000000.0,106000000,106000000,106000000,360000000.0,819000000.0,635000000.0,2658000000.0,17671000000.0,3359000000.0,21030000000.0,23688000000,592000000.0,204000000.0,1640000000.0,7743000000.0,13938000000.0,15578000000,5439000000.0,2466000000.0,8110000000.0,23688000000,106000000.0,190000000.0,53000000.0,31000000.0,380000000.0,-289000000.0,-4000000.0,-317000000.0,-91000000.0,-220000000.0,-325000000.0,-262000000,2010-03-31,26.11000061035156,26.13999938964844,25.86000061035156,26.07999992370605,16.88454818725586,1887300.0
2010-06-30,1725000000.0,-637000000.0,1088000000.0,-757000000.0,331000000.0,-93000000.0,-115000000.0,238000000,238000000,-83000000.0,155000000,155000000,155000000,506000000.0,674000000.0,676000000.0,2830000000.0,17747000000.0,3338000000.0,21085000000.0,23915000000,588000000.0,354000000.0,1760000000.0,7653000000.0,13955000000.0,15715000000,5478000000.0,2526000000.0,8200000000.0,23915000000,155000000.0,197000000.0,127000000.0,-88000000.0,391000000.0,-238000000.0,-4000000.0,-243000000.0,-92000000.0,60000000.0,-2000000.0,146000000,2010-06-30,23.95000076293945,24.28000068664551,23.71999931335449,23.770000457763672,15.638962745666506,2083300.0
2010-09-30,2267000000.0,-821000000.0,1446000000.0,-768000000.0,678000000.0,-116000000.0,-130000000.0,562000000,-27000000,-137000000.0,-164000000,-164000000,-164000000,608000000.0,891000000.0,746000000.0,3120000000.0,17655000000.0,2856000000.0,20511000000.0,23631000000,588000000.0,479000000.0,1914000000.0,7259000000.0,13808000000.0,15722000000,5498000000.0,2266000000.0,7909000000.0,23631000000,-164000000.0,201000000.0,814000000.0,-126000000.0,725000000.0,-210000000.0,-4000000.0,-216000000.0,-93000000.0,-271000000.0,-407000000.0,102000000,2010-09-30,28.63999938964844,28.70000076293945,28.20000076293945,28.399999618530273,18.939678192138672,2351800.0
2010-12-31,1706000000.0,-743000000.0,963000000.0,-765000000.0,198000000.0,-114000000.0,-120000000.0,84000000,84000000,-30000000.0,54000000,54000000,54000000,545000000.0,727000000.0,707000000.0,2890000000.0,17853000000.0,2768000000.0,20621000000.0,23511000000,758000000.0,424000000.0,1888000000.0,7313000000.0,13739000000.0,15627000000,5522000000.0,2225000000.0,7884000000.0,23511000000,54000000.0,158000000.0,26000000.0,89000000.0,327000000.0,-278000000.0,-3000000.0,-320000000.0,-92000000.0,0.0,-70000000.0,-63000000,2010-12-31,28.09000015258789,28.3700008392334,28.04999923706055,28.190000534057607,19.050559997558594,1073500.0
2011-03-31,1904000000.0,-894000000.0,1010000000.0,-783000000.0,227000000.0,-108000000.0,-119000000.0,119000000,119000000,-45000000.0,74000000,74000000,74000000,573000000.0,808000000.0,572000000.0,2715000000.0,17888000000.0,2726000000.0,20614000000.0,23329000000,554000000.0,489000000.0,1837000000.0,7123000000.0,13612000000.0,15449000000,5542000000.0,2203000000.0,7880000000.0,23329000000,74000000.0,187000000.0,-16000000.0,315000000.0,560000000.0,-231000000.0,-4000000.0,-256000000.0,-93000000.0,-125000000.0,-276000000.0,28000000,2011-03-31,28.28000068664551,28.3799991607666,28.04999923706055,28.06999969482422,19.234981536865234,1918500.0
2011-06-30,1781000000.0,-687000000.0,1094000000.0,-776000000.0,318000000.0,-92000000.0,-104000000.0,226000000,224000000,-85000000.0,139000000,139000000,139000000,378000000.0,756000000.0,654000000.0,2603000000.0,17945000000.0,2843000000.0,20788000000.0,23391000000,589000000.0,342000000.0,1727000000.0,7054000000.0,13721000000.0,15448000000,5561000000.0,2248000000.0,7943000000.0,23391000000,139000000.0,186000000.0,176000000.0,-162000000.0,339000000.0,-227000000.0,-8000000.0,-238000000.0,-93000000.0,-217000000.0,-296000000.0,-195000000,2011-06-30,28.88999938964844,28.88999938964844,28.59000015258789,28.84000015258789,20.027873992919922,1302300.0
2011-09-30,2268000000.0,-845000000.0,1423000000.0,-749000000.0,674000000.0,-100000000.0,-113000000.0,574000000,450000000,-163000000.0,287000000,287000000,287000000,522000000.0,722000000.0,734000000.0,2680000000.0,17873000000.0,2803000000.0,20676000000.0,23356000000,569000000.0,528000000.0,1848000000.0,6682000000.0,13356000000.0,15204000000,5582000000.0,2440000000.0,8152000000.0,23356000000,287000000.0,185000000.0,316000000.0,-122000000.0,666000000.0,-250000000.0,-4000000.0,-257000000.0,-93000000.0,-187000000.0,-265000000.0,144000000,2011-09-30,30.31999969482422,30.420000076293945,29.76000022888184,29.770000457763672,20.946622848510746,3893000.0
2011-12-31,195000000.0,38000000.0,233000000.0,-330000000.0,-97000000.0,-42000000.0,-51000000.0,-139000000,-102000000,39000000.0,-63000000,26000000,26000000,255000000.0,542000000.0,712000000.0,2295000000.0,18127000000.0,3223000000.0,21350000000.0,23645000000,794000000.0,327000000.0,1785000000.0,6677000000.0,13792000000.0,15577000000,5600000000.0,2369000000.0,8068000000.0,23645000000,-63000000.0,44000000.0,-64000000.0,17000000.0,313000000.0,-173000000.0,-5000000.0,-297000000.0,-96000000.0,-107000000.0,-283000000.0,-267000000,2011-12-30,33.689998626708984,33.689998626708984,33.130001068115234,33.130001068115234,23.60151290893555,1304100.0
2012-03-31,1658000000.0,-705000000.0,953000000.0,-747000000.0,206000000.0,-111000000.0,-113000000.0,95000000,-533000000,130000000.0,-403000000,-403000000,-403000000,208000000.0,511000000.0,625000000.0,2124000000.0,17535000000.0,3240000000.0,20775000000.0,22899000000,515000000.0,305000000.0,1614000000.0,6677000000.0,13706000000.0,15320000000,5598000000.0,1869000000.0,7579000000.0,22899000000,-403000000.0,188000000.0,495000000.0,112000000.0,392000000.0,-266000000.0,-21000000.0,-326000000.0,-90000000.0,-22000000.0,-113000000.0,-47000000,2012-03-30,32.279998779296875,32.580001831054695,32.18000030517578,32.580001831054695,23.50424194335937,1868100.0
2012-06-30,1660000000.0,-528000000.0,1132000000.0,-769000000.0,363000000.0,-99000000.0,-112000000.0,264000000,264000000,-54000000.0,210000000,210000000,210000000,117000000.0,486000000.0,686000000.0,2154000000.0,17690000000.0,3136000000.0,20826000000.0,22980000000,592000000.0,209000000.0,1603000000.0,6678000000.0,13677000000.0,15280000000,5602000000.0,1983000000.0,7700000000.0,22980000000,210000000.0,185000000.0,78000000.0,-60000000.0,413000000.0,-281000000.0,-16000000.0,-312000000.0,-97000000.0,-96000000.0,-195000000.0,-94000000,2012-06-29,34.040000915527344,34.040000915527344,33.279998779296875,33.540000915527344,24.491443634033203,2007800.0
2012-09-30,2001000000.0,-635000000.0,1366000000.0,-731000000.0,635000000.0,-103000000.0,-113000000.0,532000000,532000000,-158000000.0,374000000,374000000,374000000,298000000.0,605000000.0,756000000.0,2406000000.0,17833000000.0,3259000000.0,21092000000.0,23498000000,603000000.0,211000000.0,1546000000.0,6781000000.0,13926000000.0,15472000000,5613000000.0,2259000000.0,8026000000.0,23498000000,374000000.0,179000000.0,28000000.0,-25000000.0,556000000.0,-336000000.0,-27000000.0,-373000000.0,-97000000.0,103000000.0,1000000.0,184000000,2012-09-28,32.540000915527344,32.720001220703125,32.34999847412109,32.669998168945305,24.14779663085937,1527100.0
2012-12-31,462000000.0,-98000000.0,364000000.0,-380000000.0,-16000000.0,-46000000.0,-54000000.0,-62000000,566000000,-225000000.0,341000000,-1155000000,-1155000000,184000000.0,425000000.0,570000000.0,3596000000.0,15348000000.0,3286000000.0,18634000000.0,22230000000,622000000.0,355000000.0,2686000000.0,5802000000.0,12777000000.0,15463000000,5618000000.0,1006000000.0,6767000000.0,22230000000,341000000.0,81000000.0,-393000000.0,14000000.0,329000000.0,-180000000.0,45000000.0,-299000000.0,-98000000.0,-11000000.0,-119000000.0,-89000000,2012-12-31,30.309999465942386,30.81999969482422,30.18000030517578,30.71999931335449,23.01603889465332,2461100.0
2013-03-31,1475000000.0,-594000000.0,881000000.0,-696000000.0,185000000.0,-94000000.0,-101000000.0,91000000,91000000,-35000000.0,56000000,-143000000,-143000000,184000000.0,425000000.0,570000000.0,3585000000.0,15348000000.0,3286000000.0,18634000000.0,22219000000,622000000.0,355000000.0,2660000000.0,5802000000.0,12792000000.0,15452000000,5618000000.0,1006000000.0,6767000000.0,22219000000,56000000.0,166000000.0,64000000.0,56000000.0,379000000.0,-275000000.0,-3000000.0,-303000000.0,-97000000.0,0.0,-99000000.0,-23000000,2013-03-28,34.669998168945305,35.11999893188477,34.650001525878906,35.02000045776367,26.55106544494629,2207100.0
2013-06-30,1403000000.0,-406000000.0,997000000.0,-736000000.0,261000000.0,-89000000.0,-100000000.0,172000000,172000000,-66000000.0,106000000,96000000,96000000,184000000.0,425000000.0,570000000.0,3575000000.0,15348000000.0,3286000000.0,18634000000.0,22209000000,622000000.0,355000000.0,2660000000.0,5802000000.0,12782000000.0,15442000000,5618000000.0,1006000000.0,6767000000.0,22209000000,106000000.0,168000000.0,63000000.0,50000000.0,389000000.0,-300000000.0,-5000000.0,-334000000.0,-97000000.0,25000000.0,-66000000.0,-11000000,2013-06-28,34.22999954223633,34.669998168945305,34.130001068115234,34.439998626708984,26.413976669311523,1876000.0
2013-09-30,1638000000.0,-392000000.0,1246000000.0,-679000000.0,567000000.0,-73000000.0,-88000000.0,494000000,494000000,-187000000.0,307000000,304000000,304000000,184000000.0,425000000.0,570000000.0,3575000000.0,15348000000.0,3286000000.0,18634000000.0,22209000000,622000000.0,355000000.0,2660000000.0,5802000000.0,12782000000.0,15442000000,5618000000.0,1006000000.0,6767000000.0,22209000000,307000000.0,166000000.0,202000000.0,-189000000.0,546000000.0,-368000000.0,-5000000.0,-396000000.0,-97000000.0,-25000000.0,-131000000.0,19000000,2013-09-30,34.86999893188477,35.130001068115234,34.72999954223633,34.84000015258789,27.04711532592773,1633900.0
2013-12-31,1322000000.0,-487000000.0,835000000.0,-664000000.0,171000000.0,-99000000.0,-109000000.0,72000000,72000000,-23000000.0,49000000,38000000,38000000,30000000.0,600000000.0,526000000.0,1972000000.0,16205000000.0,2865000000.0,19070000000.0,21042000000,892000000.0,902000000.0,2461000000.0,5504000000.0,11895000000.0,14356000000,5634000000.0,907000000.0,6686000000.0,21042000000,49000000.0,166000000.0,189000000.0,17000000.0,379000000.0,-436000000.0,-5000000.0,-690000000.0,-97000000.0,247000000.0,147000000.0,-164000000,2013-12-31,36.25,36.33000183105469,36.06999969482422,36.15999984741211,28.383434295654297,1051300.0
2014-03-31,1594000000.0,-622000000.0,972000000.0,-726000000.0,246000000.0,-83000000.0,-92000000.0,163000000,163000000,-64000000.0,99000000,98000000,98000000,26000000.0,754000000.0,424000000.0,1840000000.0,16425000000.0,2901000000.0,19326000000.0,21166000000,663000000.0,1348000000.0,2725000000.0,5226000000.0,11786000000.0,14511000000,5604000000.0,906000000.0,6655000000.0,21166000000,99000000.0,176000000.0,114000000.0,-150000000.0,239000000.0,-442000000.0,-4000000.0,-313000000.0,-97000000.0,169000000.0,70000000.0,-4000000,2014-03-31,41.0,41.47000122070313,40.81999969482422,41.20000076293945,32.667098999023445,1350300.0
2014-06-30,1419000000.0,-389000000.0,1030000000.0,-708000000.0,322000000.0,-72000000.0,-89000000.0,250000000,250000000,-99000000.0,151000000,150000000,150000000,46000000.0,667000000.0,491000000.0,1965000000.0,16726000000.0,2897000000.0,19623000000.0,21588000000,667000000.0,912000000.0,2312000000.0,5825000000.0,12562000000.0,14874000000,5609000000.0,957000000.0,6714000000.0,21588000000,151000000.0,173000000.0,113000000.0,-18000000.0,415000000.0,-441000000.0,-3000000.0,-457000000.0,-97000000.0,162000000.0,62000000.0,20000000,2014-06-30,40.52999877929688,40.9900016784668,40.459999084472656,40.88000106811523,32.746078491210945,1599300.0
2014-09-30,1670000000.0,-399000000.0,1271000000.0,-710000000.0,561000000.0,-71000000.0,-85000000.0,490000000,490000000,-194000000.0,296000000,295000000,295000000,13000000.0,584000000.0,561000000.0,1942000000.0,16991000000.0,2943000000.0,19934000000.0,21876000000,571000000.0,872000000.0,2119000000.0,5825000000.0,12841000000.0,14960000000,5614000000.0,1154000000.0,6916000000.0,21876000000,296000000.0,177000000.0,214000000.0,-137000000.0,549000000.0,-427000000.0,-4000000.0,-442000000.0,-97000000.0,-40000000.0,-140000000.0,-33000000,2014-09-30,38.40999984741211,38.790000915527344,38.209999084472656,38.33000183105469,31.011402130126953,1249000.0
2014-12-31,1370000000.0,-492000000.0,878000000.0,-753000000.0,125000000.0,-58000000.0,-75000000.0,67000000,67000000,-20000000.0,47000000,49000000,49000000,5000000.0,504000000.0,524000000.0,1694000000.0,17424000000.0,3171000000.0,20595000000.0,22289000000,796000000.0,834000000.0,2249000000.0,6085000000.0,13185000000.0,15434000000,5619000000.0,1103000000.0,6855000000.0,22289000000,47000000.0,184000000.0,80000000.0,52000000.0,362000000.0,-475000000.0,-3000000.0,-505000000.0,-99000000.0,256000000.0,135000000.0,-8000000,2014-12-31,47.27000045776367,47.4000015258789,46.08000183105469,46.13000106811523,37.678958892822266,1345700.0
2015-03-31,1556000000.0,-581000000.0,975000000.0,-719000000.0,256000000.0,-80000000.0,-88000000.0,176000000,176000000,-66000000.0,110000000,110000000,110000000,6000000.0,624000000.0,449000000.0,1993000000.0,17700000000.0,3191000000.0,20891000000.0,22884000000,528000000.0,1335000000.0,2520000000.0,5860000000.0,13518000000.0,16038000000,5602000000.0,1111000000.0,6846000000.0,22884000000,110000000.0,195000000.0,79000000.0,-73000000.0,312000000.0,-417000000.0,-5000000.0,-439000000.0,-99000000.0,241000000.0,128000000.0,1000000,2015-03-31,42.08000183105469,42.70000076293945,41.90999984741211,42.20000076293945,34.817550659179695,1915100.0
2015-06-30,1401000000.0,-352000000.0,1049000000.0,-743000000.0,306000000.0,-79000000.0,-89000000.0,227000000,158000000,-59000000.0,99000000,151000000,151000000,2000000.0,568000000.0,500000000.0,1991000000.0,17986000000.0,3175000000.0,21161000000.0,23152000000,584000000.0,1281000000.0,2556000000.0,5981000000.0,13690000000.0,16246000000,5608000000.0,1161000000.0,6906000000.0,23152000000,99000000.0,192000000.0,154000000.0,26000000.0,469000000.0,-429000000.0,-2000000.0,-436000000.0,-100000000.0,66000000.0,-37000000.0,-4000000,2015-06-30,37.84000015258789,37.97000122070313,37.59000015258789,37.68000030517578,31.42404937744141,2036600.0
2015-09-30,1833000000.0,-450000000.0,1383000000.0,-757000000.0,626000000.0,-73000000.0,-87000000.0,553000000,553000000,-208000000.0,345000000,345000000,345000000,72000000.0,621000000.0,548000000.0,1983000000.0,18307000000.0,3169000000.0,21476000000.0,23459000000,628000000.0,1178000000.0,2489000000.0,5981000000.0,13814000000.0,16303000000,5614000000.0,1405000000.0,7156000000.0,23459000000,345000000.0,195000000.0,234000000.0,-9000000.0,761000000.0,-486000000.0,-4000000.0,-487000000.0,-99000000.0,-103000000.0,-204000000.0,70000000,2015-09-30,41.900001525878906,42.290000915527344,41.63000106811523,42.27000045776367,35.63083267211914,1522200.0
2015-12-31,1308000000.0,-424000000.0,884000000.0,-744000000.0,140000000.0,-79000000.0,-91000000.0,61000000,61000000,-30000000.0,31000000,30000000,30000000,292000000.0,486000000.0,538000000.0,1917000000.0,18799000000.0,2924000000.0,21723000000.0,23640000000,866000000.0,696000000.0,2093000000.0,6880000000.0,14459000000.0,16552000000,5618000000.0,1331000000.0,7088000000.0,23640000000,31000000.0,195000000.0,74000000.0,188000000.0,489000000.0,-585000000.0,-3000000.0,-614000000.0,-104000000.0,460000000.0,345000000.0,220000000,2015-12-31,43.95000076293945,44.0,42.91999816894531,43.22999954223633,36.800926208496094,2080400.0
2016-03-31,1434000000.0,-493000000.0,941000000.0,-721000000.0,220000000.0,-82000000.0,-95000000.0,138000000,138000000,-31000000.0,107000000,107000000,107000000,13000000.0,484000000.0,483000000.0,1458000000.0,19000000000.0,2927000000.0,21927000000.0,23385000000,528000000.0,716000000.0,1839000000.0,6881000000.0,14535000000.0,16374000000,5541000000.0,1333000000.0,7011000000.0,23385000000,107000000.0,210000000.0,67000000.0,-35000000.0,349000000.0,-496000000.0,-5000000.0,-510000000.0,-103000000.0,20000000.0,-118000000.0,-279000000,2016-03-31,49.72000122070313,50.15999984741211,49.349998474121094,50.099998474121094,43.03550338745117,2533400.0
2016-06-30,1427000000.0,-342000000.0,1085000000.0,-760000000.0,325000000.0,-85000000.0,-95000000.0,240000000,240000000,-92000000.0,148000000,148000000,148000000,13000000.0,510000000.0,515000000.0,1594000000.0,19324000000.0,2875000000.0,22199000000.0,23793000000,601000000.0,1209000000.0,2430000000.0,6605000000.0,14299000000.0,16729000000,5547000000.0,1376000000.0,7064000000.0,23793000000,148000000.0,209000000.0,108000000.0,-51000000.0,414000000.0,-504000000.0,-4000000.0,-525000000.0,-103000000.0,217000000.0,111000000.0,0,2016-06-30,52.63999938964844,53.59000015258789,52.47000122070313,53.58000183105469,46.41935348510742,2390700.0
2016-09-30,1859000000.0,-417000000.0,1442000000.0,-751000000.0,691000000.0,-87000000.0,-97000000.0,604000000,604000000,-233000000.0,371000000,371000000,371000000,18000000.0,592000000.0,551000000.0,1599000000.0,19647000000.0,2888000000.0,22535000000.0,24134000000,623000000.0,1039000000.0,2291000000.0,6607000000.0,14508000000.0,16799000000,5552000000.0,1643000000.0,7335000000.0,24134000000,371000000.0,206000000.0,257000000.0,-38000000.0,796000000.0,-496000000.0,-4000000.0,-516000000.0,-103000000.0,-170000000.0,-275000000.0,5000000,2016-09-30,49.72999954223633,49.95000076293945,48.9000015258789,49.18000030517578,42.97518539428711,2012800.0
2016-12-31,1356000000.0,-455000000.0,901000000.0,-756000000.0,145000000.0,-86000000.0,-95000000.0,59000000,59000000,-26000000.0,33000000,33000000,33000000,9000000.0,500000000.0,527000000.0,1593000000.0,20113000000.0,2993000000.0,23106000000.0,24699000000,898000000.0,1239000000.0,2674000000.0,6595000000.0,14780000000.0,17454000000,5558000000.0,1568000000.0,7245000000.0,24699000000,33000000.0,210000000.0,58000000.0,264000000.0,564000000.0,-580000000.0,-2000000.0,-590000000.0,-107000000.0,184000000.0,17000000.0,-9000000,2016-12-30,52.4900016784668,52.88000106811523,52.25,52.459999084472656,46.25115203857422,950700.0
2017-03-31,1515000000.0,-516000000.0,999000000.0,-757000000.0,242000000.0,-81000000.0,-99000000.0,161000000,161000000,-57000000.0,104000000,104000000,104000000,8000000.0,524000000.0,467000000.0,1450000000.0,20298000000.0,3063000000.0,23361000000.0,24811000000,560000000.0,1595000000.0,2762000000.0,6597000000.0,14843000000.0,17605000000,5524000000.0,1563000000.0,7206000000.0,24811000000,104000000.0,217000000.0,75000000.0,-65000000.0,331000000.0,-504000000.0,-6000000.0,-539000000.0,-107000000.0,356000000.0,207000000.0,-1000000,2017-03-31,54.56000137329102,54.90999984741211,54.5,54.59000015258789,48.5235710144043,2105200.0
2017-06-30,1537000000.0,-339000000.0,1198000000.0,-811000000.0,387000000.0,-79000000.0,-99000000.0,308000000,308000000,-114000000.0,194000000,194000000,194000000,10000000.0,523000000.0,512000000.0,1571000000.0,20589000000.0,3094000000.0,23683000000.0,25254000000,626000000.0,1470000000.0,2765000000.0,6821000000.0,15189000000.0,17954000000,5530000000.0,1649000000.0,7300000000.0,25254000000,194000000.0,216000000.0,152000000.0,-30000000.0,532000000.0,-494000000.0,6000000.0,-520000000.0,-107000000.0,102000000.0,-10000000.0,2000000,2017-06-30,54.72999954223633,54.959999084472656,54.38000106811523,54.66999816894531,48.977516174316406,1944800.0
2017-12-31,1399000000.0,-158000000.0,1241000000.0,-1029000000.0,212000000.0,-71000000.0,-96000000.0,141000000,141000000,-200000000.0,-59000000,-59000000,-59000000,10000000.0,515000000.0,522000000.0,1612000000.0,21466000000.0,2867000000.0,24333000000.0,25945000000,1001000000.0,1325000000.0,2940000000.0,7094000000.0,15679000000.0,18619000000,5542000000.0,1660000000.0,7326000000.0,25945000000,-59000000.0,223000000.0,178000000.0,129000000.0,471000000.0,-609000000.0,-16000000.0,-620000000.0,-111000000.0,278000000.0,160000000.0,11000000,2017-12-29,59.2400016784668,59.43999862670898,58.97999954223633,58.9900016784668,53.61798858642578,1193000.0
2018-03-31,1585000000.0,-522000000.0,1063000000.0,-790000000.0,273000000.0,-78000000.0,-101000000.0,195000000,195000000,-42000000.0,153000000,153000000,153000000,30000000.0,612000000.0,453000000.0,1567000000.0,21666000000.0,2846000000.0,24512000000.0,26079000000,594000000.0,2130000000.0,3345000000.0,6766000000.0,15362000000.0,18707000000,5548000000.0,1699000000.0,7372000000.0,26079000000,153000000.0,230000000.0,58000000.0,-183000000.0,258000000.0,-579000000.0,-4000000.0,-597000000.0,-111000000.0,475000000.0,360000000.0,21000000,2018-03-29,55.97000122070313,56.790000915527344,55.97000122070313,56.63000106811523,51.90985870361328,2023800.0
2018-06-30,1563000000.0,-328000000.0,1235000000.0,-850000000.0,385000000.0,-71000000.0,-100000000.0,314000000,314000000,-74000000.0,240000000,240000000,240000000,29000000.0,634000000.0,475000000.0,1685000000.0,21998000000.0,2956000000.0,24954000000.0,26639000000,674000000.0,1353000000.0,2711000000.0,7613000000.0,16400000000.0,19111000000,5578000000.0,1827000000.0,7528000000.0,26639000000,240000000.0,233000000.0,89000000.0,0.0,562000000.0,-533000000.0,4000000.0,-532000000.0,-112000000.0,76000000.0,-23000000.0,7000000,2018-06-29,60.599998474121094,61.25,60.22999954223633,60.849998474121094,56.24014663696289,2667300.0
2018-12-31,1419000000.0,-510000000.0,909000000.0,-743000000.0,166000000.0,-81000000.0,-99000000.0,85000000,85000000,-16000000.0,69000000,63000000,63000000,16000000.0,542000000.0,483000000.0,1533000000.0,22810000000.0,2872000000.0,25682000000.0,27215000000,910000000.0,1177000000.0,2687000000.0,7859000000.0,16755000000.0,19442000000,5629000000.0,2024000000.0,7773000000.0,27215000000,69000000.0,239000000.0,57000000.0,119000000.0,484000000.0,-597000000.0,-315000000.0,-617000000.0,-117000000.0,256000000.0,148000000.0,15000000,2018-12-31,65.05999755859375,65.27999877929689,64.30999755859375,65.23000335693361,61.1208381652832,935100.0
2019-03-31,1556000000.0,-316000000.0,1240000000.0,-952000000.0,288000000.0,-68000000.0,-97000000.0,220000000,220000000,-27000000.0,193000000,191000000,191000000,8000000.0,591000000.0,402000000.0,1422000000.0,23044000000.0,3043000000.0,26087000000.0,27509000000,603000000.0,1135000000.0,2392000000.0,8221000000.0,17270000000.0,19662000000,5627000000.0,2099000000.0,7847000000.0,27509000000,193000000.0,245000000.0,52000000.0,-103000000.0,387000000.0,-544000000.0,-3000000.0,-567000000.0,-116000000.0,323000000.0,191000000.0,11000000,2019-03-29,73.33000183105469,73.62000274658203,73.01000213623047,73.55000305175781,69.37079620361328,1425300.0
2019-06-30,1379000000.0,-282000000.0,1097000000.0,-817000000.0,280000000.0,-61000000.0,-97000000.0,219000000,219000000,-39000000.0,180000000,179000000,179000000,6000000.0,552000000.0,433000000.0,1514000000.0,23479000000.0,3110000000.0,26589000000.0,28103000000,593000000.0,1335000000.0,2752000000.0,8222000000.0,17418000000.0,20170000000,5651000000.0,2161000000.0,7933000000.0,28103000000,180000000.0,249000000.0,36000000.0,27000000.0,492000000.0,-484000000.0,2000000.0,-587000000.0,-117000000.0,199000000.0,99000000.0,4000000,2019-06-28,74.55999755859375,75.62000274658203,74.44999694824219,75.11000061035156,71.28816223144531,2160000.0
2019-09-30,1659000000.0,-326000000.0,1333000000.0,-813000000.0,520000000.0,-62000000.0,-96000000.0,458000000,458000000,-92000000.0,366000000,364000000,364000000,20000000.0,534000000.0,488000000.0,1495000000.0,23894000000.0,3157000000.0,27051000000.0,28546000000,598000000.0,880000000.0,2285000000.0,8651000000.0,18057000000.0,20342000000,5675000000.0,2408000000.0,8204000000.0,28546000000,366000000.0,251000000.0,110000000.0,62000000.0,789000000.0,-526000000.0,-7000000.0,-644000000.0,-117000000.0,-4000000.0,-112000000.0,33000000,2019-09-30,80.06999969482422,80.62000274658203,79.8499984741211,80.05000305175781,76.45988464355469,1606000.0
2019-12-31,1316000000.0,-498000000.0,818000000.0,-639000000.0,179000000.0,-60000000.0,-91000000.0,119000000,119000000,-24000000.0,95000000,94000000,94000000,16000000.0,393000000.0,494000000.0,1431000000.0,24376000000.0,3126000000.0,27502000000.0,28933000000,968000000.0,882000000.0,2505000000.0,8915000000.0,18227000000.0,20732000000,5696000000.0,2380000000.0,8201000000.0,28933000000,95000000.0,257000000.0,45000000.0,105000000.0,502000000.0,-650000000.0,-248000000.0,-637000000.0,-122000000.0,272000000.0,156000000.0,21000000,2019-12-31,76.54000091552734,77.04000091552734,76.48999786376953,76.80000305175781,73.84333038330078,1388900.0
2020-03-31,1440000000.0,-381000000.0,1059000000.0,-818000000.0,241000000.0,-72000000.0,-93000000.0,169000000,169000000,-21000000.0,148000000,146000000,146000000,42000000.0,521000000.0,471000000.0,1464000000.0,24678000000.0,3130000000.0,27808000000.0,29272000000,544000000.0,972000000.0,2367000000.0,9378000000.0,18678000000.0,21045000000,5697000000.0,2404000000.0,8227000000.0,29272000000,148000000.0,263000000.0,70000000.0,-191000000.0,290000000.0,-636000000.0,-15000000.0,-684000000.0,-122000000.0,555000000.0,421000000.0,27000000,2020-03-31,76.75,76.75,72.4800033569336,72.83000183105469,70.45355987548828,2555900.0
2020-06-30,1398000000.0,-270000000.0,1128000000.0,-774000000.0,354000000.0,-60000000.0,-108000000.0,294000000,294000000,-50000000.0,244000000,243000000,243000000,8000000.0,562000000.0,514000000.0,1620000000.0,25081000000.0,3315000000.0,28396000000.0,30016000000,734000000.0,477000000.0,2000000000.0,10171000000.0,19647000000.0,21647000000,5718000000.0,2525000000.0,8369000000.0,30016000000,244000000.0,269000000.0,57000000.0,-166000000.0,404000000.0,-592000000.0,-17000000.0,-631000000.0,-122000000.0,303000000.0,187000000.0,-40000000,2020-06-30,69.69999694824219,70.69999694824219,69.59999847412111,70.36000061035156,68.50327301025389,1351000.0
