Report Date,Revenue,Cost of Revenue,Gross Profit,Operating Expenses,Depreciation & Amortization,Operating Income (Loss),Non-Operating Income (Loss),"Interest Expense, Net","Pretax Income (Loss), Adj.",Abnormal Gains (Losses),Pretax Income (Loss),"Income Tax (Expense) Benefit, Net",Income (Loss) from Continuing Operations,Net Income,Net Income (Common),"Cash, Cash Equivalents & Short Term Investments",Accounts & Notes Receivable,Inventories,Total Current Assets,"Property, Plant & Equipment, Net",Other Long Term Assets,Total Noncurrent Assets,Total Assets,Payables & Accruals,Short Term Debt,Total Current Liabilities,Long Term Debt,Total Noncurrent Liabilities,Total Liabilities,Share Capital & Additional Paid-In Capital,Retained Earnings,Total Equity,Total Liabilities & Equity,Net Income/Starting Line,Depreciation & Amortization.1,Non-Cash Items,Change in Working Capital,Net Cash from Operating Activities,Net Change in Long Term Investment,Net Cash from Investing Activities,Dividends Paid,Cash from (Repayment of) Debt,Cash from (Repurchase of) Equity,Net Cash from Financing Activities,Net Change in Cash,Price Date,Open,High,Low,Close,Adj Close,Volume
2010-09-30,4064000000.0,-1436000000.0,2628000000.0,-1603000000.0,-424000000.0,1025000000.0,-230000000.0,-248000000.0,795000000,17000000.0,812000000,-258000000.0,557000000,556000000,555000000,1416000000.0,1816000000.0,1409000000.0,5421000000.0,34998000000.0,9473000000.0,44471000000.0,49892000000,1139000000.0,2752000000.0,6148000000.0,15995000000.0,30028000000.0,36176000000,9133000000.0,4887000000.0,13716000000.0,49892000000,557000000.0,424000000.0,-323000000.0,462000000.0,1120000000.0,-76000000.0,-583000000.0,-204000000.0,-104000000.0,23000000.0,-285000000.0,252000000,2010-09-30,36.63000106811523,36.68000030517578,36.06999969482422,36.22999954223633,23.73867416381836,3122300.0
2010-12-31,3434000000.0,-1219000000.0,2215000000.0,-1729000000.0,-404000000.0,486000000.0,-216000000.0,-235000000.0,270000000,17000000.0,287000000,-113000000.0,178000000,177000000,176000000,710000000.0,1923000000.0,1448000000.0,5016000000.0,35674000000.0,9765000000.0,45439000000.0,50455000000,1342000000.0,2655000000.0,6518000000.0,15502000000.0,30255000000.0,36773000000,9161000000.0,4842000000.0,13682000000.0,50455000000,178000000.0,404000000.0,298000000.0,80000000.0,960000000.0,-36000000.0,-948000000.0,-223000000.0,-611000000.0,28000000.0,-808000000.0,-796000000,2010-12-31,36.02999877929688,36.16999816894531,35.93000030517578,35.97999954223633,23.866065979003906,1287300.0
2011-03-31,3730000000.0,-1331000000.0,2399000000.0,-1567000000.0,-403000000.0,832000000.0,-225000000.0,-240000000.0,607000000,20000000.0,627000000,-278000000.0,355000000,354000000,353000000,921000000.0,1749000000.0,1328000000.0,4789000000.0,35766000000.0,10005000000.0,45771000000.0,50560000000,1132000000.0,2854000000.0,5989000000.0,15631000000.0,30732000000.0,36721000000,9179000000.0,4973000000.0,13839000000.0,50560000000,355000000.0,403000000.0,30000000.0,42000000.0,830000000.0,30000000.0,-613000000.0,-224000000.0,307000000.0,31000000.0,114000000.0,331000000,2011-03-31,35.41999816894531,35.540000915527344,35.09999847412109,35.139999389648445,23.610239028930664,3466900.0
2011-06-30,3609000000.0,-1267000000.0,2342000000.0,-1625000000.0,-410000000.0,717000000.0,-219000000.0,-236000000.0,498000000,23000000.0,521000000,-174000000.0,353000000,352000000,352000000,728000000.0,1866000000.0,1305000000.0,4754000000.0,36064000000.0,9934000000.0,45998000000.0,50752000000,1251000000.0,2710000000.0,5887000000.0,15564000000.0,30866000000.0,36753000000,9198000000.0,5103000000.0,13999000000.0,50752000000,353000000.0,410000000.0,260000000.0,-121000000.0,902000000.0,37000000.0,-667000000.0,-223000000.0,-238000000.0,18000000.0,-443000000.0,-208000000,2011-06-30,37.68999862670898,37.709999084472656,37.349998474121094,37.68000030517578,25.638540267944336,2539900.0
2011-09-30,4333000000.0,-1665000000.0,2668000000.0,-1688000000.0,-445000000.0,980000000.0,68000000.0,-223000000.0,1048000000,-64000000.0,984000000,-334000000.0,657000000,929000000,928000000,786000000.0,1860000000.0,1173000000.0,4374000000.0,36417000000.0,10396000000.0,46813000000.0,51187000000,1238000000.0,2546000000.0,5684000000.0,15183000000.0,30790000000.0,36474000000,9223000000.0,5810000000.0,14713000000.0,51187000000,930000000.0,445000000.0,-242000000.0,473000000.0,1606000000.0,3000000.0,-687000000.0,-223000000.0,-591000000.0,21000000.0,-790000000.0,129000000,2011-09-30,38.310001373291016,38.54999923706055,38.0099983215332,38.02000045776367,26.20248794555664,3386800.0
2011-12-31,3444000000.0,-1349000000.0,2095000000.0,-1703000000.0,-397000000.0,392000000.0,-137000000.0,-207000000.0,255000000,-20000000.0,235000000,-32000000.0,211000000,311000000,308000000,515000000.0,1834000000.0,1292000000.0,4182000000.0,36971000000.0,11070000000.0,48041000000.0,52223000000,1374000000.0,3083000000.0,6611000000.0,15083000000.0,30947000000.0,37558000000,9244000000.0,5890000000.0,14665000000.0,52223000000,311000000.0,397000000.0,-557000000.0,299000000.0,450000000.0,-12000000.0,-923000000.0,-230000000.0,418000000.0,22000000.0,148000000.0,-325000000,2011-12-30,41.63000106811523,41.650001525878906,41.29999923706055,41.310001373291016,28.81044769287109,1680800.0
2012-03-31,3625000000.0,-1313000000.0,2312000000.0,-1558000000.0,-423000000.0,754000000.0,-207000000.0,-227000000.0,547000000,23000000.0,570000000,-189000000.0,390000000,389000000,389000000,503000000.0,1670000000.0,1418000000.0,4214000000.0,37432000000.0,11256000000.0,48688000000.0,52902000000,1215000000.0,3030000000.0,6342000000.0,15340000000.0,31703000000.0,38045000000,9278000000.0,6050000000.0,14857000000.0,52902000000,390000000.0,423000000.0,325000000.0,-262000000.0,876000000.0,-19000000.0,-792000000.0,-229000000.0,175000000.0,31000000.0,-19000000.0,65000000,2012-03-30,38.31999969482422,38.58000183105469,38.2599983215332,38.58000183105469,27.22736740112305,3798400.0
2012-06-30,3551000000.0,-1172000000.0,2379000000.0,-1638000000.0,-460000000.0,741000000.0,-222000000.0,-233000000.0,519000000,24000000.0,543000000,-190000000.0,363000000,362000000,362000000,594000000.0,1762000000.0,1494000000.0,4483000000.0,37828000000.0,11110000000.0,48938000000.0,53421000000,1187000000.0,3191000000.0,6407000000.0,15319000000.0,32006000000.0,38413000000,9297000000.0,6185000000.0,15008000000.0,53421000000,363000000.0,460000000.0,245000000.0,-231000000.0,837000000.0,-10000000.0,-738000000.0,-229000000.0,121000000.0,19000000.0,-88000000.0,11000000,2012-06-29,40.25,40.25,39.709999084472656,39.900001525878906,28.506765365600586,3527700.0
2012-09-30,4156000000.0,-1507000000.0,2649000000.0,-1724000000.0,-470000000.0,925000000.0,-220000000.0,-231000000.0,705000000,10000000.0,715000000,-241000000.0,488000000,487000000,487000000,721000000.0,1855000000.0,1462000000.0,4648000000.0,38133000000.0,11062000000.0,49195000000.0,53843000000,1237000000.0,3488000000.0,6795000000.0,14955000000.0,31742000000.0,38537000000,9316000000.0,6444000000.0,15306000000.0,53843000000,488000000.0,470000000.0,285000000.0,-44000000.0,1199000000.0,-17000000.0,-751000000.0,-229000000.0,-87000000.0,14000000.0,-302000000.0,146000000,2012-09-28,43.79999923706055,44.02999877929688,43.56999969482422,43.93999862670898,31.74758338928223,2553100.0
2012-12-31,3613000000.0,-1288000000.0,2325000000.0,-1789000000.0,-429000000.0,536000000.0,-278000000.0,-289000000.0,258000000,-264000000.0,-6000000,16000000.0,21000000,21000000,21000000,603000000.0,1871000000.0,1519000000.0,4589000000.0,38763000000.0,11015000000.0,49778000000.0,54367000000,1438000000.0,3152000000.0,6823000000.0,15586000000.0,32307000000.0,39130000000,9338000000.0,6236000000.0,15237000000.0,54367000000,21000000.0,429000000.0,121000000.0,321000000.0,892000000.0,-13000000.0,-1110000000.0,-229000000.0,264000000.0,19000000.0,54000000.0,-164000000,2012-12-31,42.11999893188477,42.72999954223633,41.91999816894531,42.68000030517578,31.175457000732425,3289000.0
2013-03-31,3826000000.0,-1402000000.0,2424000000.0,-1669000000.0,-420000000.0,755000000.0,-225000000.0,-229000000.0,530000000,15000000.0,545000000,-195000000.0,364000000,363000000,363000000,440000000.0,1869000000.0,1520000000.0,4397000000.0,39130000000.0,11023000000.0,50153000000.0,54550000000,1245000000.0,2981000000.0,6175000000.0,15899000000.0,32954000000.0,39129000000,9357000000.0,6370000000.0,15421000000.0,54550000000,364000000.0,420000000.0,191000000.0,-219000000.0,756000000.0,-28000000.0,-772000000.0,-230000000.0,123000000.0,15000000.0,-84000000.0,-100000000,2013-03-28,48.16999816894531,48.68000030517578,48.099998474121094,48.63000106811523,35.89779281616211,2803400.0
2013-06-30,3582000000.0,-1267000000.0,2315000000.0,-1614000000.0,-443000000.0,701000000.0,-171000000.0,-179000000.0,530000000,-137000000.0,393000000,-68000000.0,339000000,338000000,338000000,415000000.0,1931000000.0,1574000000.0,4622000000.0,39425000000.0,10932000000.0,50357000000.0,54979000000,1241000000.0,3357000000.0,6519000000.0,15799000000.0,32923000000.0,39442000000,9380000000.0,6470000000.0,15537000000.0,54979000000,339000000.0,443000000.0,327000000.0,-349000000.0,760000000.0,-10000000.0,-871000000.0,-239000000.0,269000000.0,26000000.0,49000000.0,-62000000,2013-06-28,44.52999877929688,45.04999923706055,44.34000015258789,44.77999877929688,33.37602996826172,3285000.0
2013-09-30,4176000000.0,-1541000000.0,2635000000.0,-1616000000.0,-447000000.0,1019000000.0,-214000000.0,-222000000.0,805000000,-125000000.0,680000000,-257000000.0,434000000,433000000,433000000,435000000.0,1856000000.0,1440000000.0,4317000000.0,39870000000.0,10776000000.0,50646000000.0,54963000000,1263000000.0,2584000000.0,5692000000.0,16202000000.0,33508000000.0,39200000000,9404000000.0,6664000000.0,15763000000.0,54963000000,434000000.0,447000000.0,493000000.0,150000000.0,1524000000.0,-20000000.0,-877000000.0,-240000000.0,-402000000.0,20000000.0,-617000000.0,30000000,2013-09-30,43.22999954223633,43.599998474121094,43.150001525878906,43.349998474121094,32.65968704223633,2429300.0
2013-12-31,3229500000.0,-1349100000.0,1880400000.0,-1306500000.0,-402500000.0,573900000.0,-191900000.0,-202100000.0,382000000,93300000.0,475300000,-157700000.0,336900000,346500000,346500000,471000000.0,1860000000.0,1423000000.0,4310000000.0,40997000000.0,11107000000.0,52104000000.0,56414000000,1511000000.0,2306000000.0,6112000000.0,16828000000.0,34216000000.0,40328000000,9434000000.0,6766000000.0,16086000000.0,56414000000,336900000.0,402500000.0,-27300000.0,344100000.0,1056200000.0,-11000000.0,-1297800000.0,-245300000.0,327000000.0,22200000.0,203300000.0,-29200000,2013-12-31,46.77000045776367,46.849998474121094,46.4900016784668,46.7400016784668,35.59587860107422,1454700.0
2014-03-31,4648000000.0,-1806000000.0,2842000000.0,-1801000000.0,-491000000.0,1041000000.0,-213000000.0,-219000000.0,828000000,22000000.0,850000000,-307000000.0,561000000,560000000,560000000,602000000.0,1943000000.0,1214000000.0,4335000000.0,41530000000.0,11173000000.0,52703000000.0,57038000000,1433000000.0,2944000000.0,6519000000.0,16475000000.0,34100000000.0,40619000000,9449000000.0,7076000000.0,16419000000.0,57038000000,561000000.0,491000000.0,68000000.0,13000000.0,1133000000.0,-17000000.0,-981000000.0,-245000000.0,248000000.0,15000000.0,22000000.0,174000000,2014-03-31,50.18000030517578,50.95000076293945,50.0,50.65999984741211,38.987789154052734,3276700.0
2014-06-30,4044000000.0,-1516000000.0,2528000000.0,-1761000000.0,-443000000.0,767000000.0,-209000000.0,-218000000.0,558000000,25000000.0,583000000,-215000000.0,391000000,390000000,390000000,567000000.0,1926000000.0,1219000000.0,4323000000.0,42273000000.0,11024000000.0,53297000000.0,57620000000,1468000000.0,4006000000.0,7600000000.0,15601000000.0,33435000000.0,41035000000,9463000000.0,7222000000.0,16585000000.0,57620000000,391000000.0,443000000.0,185000000.0,45000000.0,1064000000.0,-10000000.0,-1087000000.0,-245000000.0,151000000.0,14000000.0,-79000000.0,-102000000,2014-06-30,55.43000030517578,55.93999862670898,55.15999984741211,55.77000045776367,43.330360412597656,2343200.0
2014-09-30,4161000000.0,-1529000000.0,2632000000.0,-1727000000.0,-499000000.0,905000000.0,-209000000.0,-216000000.0,696000000,27000000.0,723000000,-264000000.0,483000000,493000000,493000000,512000000.0,1855000000.0,1205000000.0,4111000000.0,43064000000.0,10750000000.0,53814000000.0,57925000000,1478000000.0,3663000000.0,7457000000.0,15677000000.0,33596000000.0,41053000000,9503000000.0,7470000000.0,16872000000.0,57925000000,478000000.0,484000000.0,132000000.0,424000000.0,1518000000.0,-18000000.0,-1011000000.0,-246000000.0,-289000000.0,34000000.0,-511000000.0,4000000,2014-09-30,52.29999923706055,52.7599983215332,51.959999084472656,52.209999084472656,40.96733474731445,2064900.0
2014-12-31,3525600000.0,-1506700000.0,2018900000.0,-1604500000.0,-464600000.0,414400000.0,-196400000.0,-207600000.0,218000000,28900000.0,246900000,-116600000.0,155500000,190800000,190800000,548100000.0,1835200000.0,1316600000.0,4478100000.0,43635100000.0,11431400000.0,55066500000.0,59544600000,1496500000.0,3846400000.0,7966600000.0,16012000000.0,34753500000.0,42720100000,9516700000.0,7406600000.0,16824500000.0,59544600000,160500000.0,479600000.0,254900000.0,-7600000.0,887400000.0,-11200000.0,-1326900000.0,-261600000.0,657400000.0,10600000.0,405500000.0,-31000000,2014-12-31,61.81999969482422,62.02999877929688,60.68000030517578,60.72000122070313,48.07130432128906,1942400.0
2015-03-31,4580400000.0,-1789600000.0,2790800000.0,-1688000000.0,-495400000.0,1102800000.0,-208900000.0,-217300000.0,893900000,29700000.0,923600000,-327200000.0,620200000,629200000,629200000,483000000.0,1889000000.0,1192000000.0,4116000000.0,44810000000.0,11112000000.0,55922000000.0,60038000000,1510000000.0,3306000000.0,7128000000.0,16778000000.0,35662000000.0,42790000000,9568000000.0,7776000000.0,17248000000.0,60038000000,620200000.0,495400000.0,179500000.0,-37400000.0,1257700000.0,-18000000.0,-1020900000.0,-261000000.0,16400000.0,30400000.0,-213400000.0,27900000,2015-03-31,56.47000122070313,57.06999969482422,56.099998474121094,56.25,44.91363525390625,3366600.0
2015-06-30,3826700000.0,-1356100000.0,2470600000.0,-1666500000.0,-497700000.0,804100000.0,-207900000.0,-216100000.0,596200000,34100000.0,630300000,-224300000.0,431400000,430000000,430000000,551000000.0,1920000000.0,1160000000.0,4225000000.0,45013000000.0,11700000000.0,56713000000.0,60938000000,1468000000.0,2922000000.0,6650000000.0,17761000000.0,36846000000.0,43496000000,9591000000.0,7945000000.0,17442000000.0,60938000000,431400000.0,497700000.0,244600000.0,-232500000.0,941200000.0,-7700000.0,-1173600000.0,-261100000.0,570400000.0,25400000.0,233000000.0,4800000,2015-06-30,52.95000076293945,53.25,52.7599983215332,52.97000122070313,42.69951629638672,3239300.0
2015-09-30,4431400000.0,-1686700000.0,2744700000.0,-1784500000.0,-534900000.0,960200000.0,-216800000.0,-218600000.0,743400000,32600000.0,776000000,-275600000.0,511800000,518300000,518300000,493000000.0,1853000000.0,1105000000.0,4548000000.0,45238000000.0,11313000000.0,56551000000.0,61099000000,1510000000.0,2608000000.0,7058000000.0,17600000000.0,36332000000.0,43390000000,9604000000.0,8204000000.0,17709000000.0,61099000000,511800000.0,534900000.0,392600000.0,272500000.0,1711800000.0,-26400000.0,-1053900000.0,-261300000.0,-425000000.0,12100000.0,-679200000.0,-17400000,2015-09-30,56.349998474121094,56.97000122070313,56.0099983215332,56.86000061035156,46.26814651489258,2785200.0
2015-12-31,3614700000.0,-1275800000.0,2338900000.0,-1872500000.0,-481700000.0,466400000.0,-208900000.0,-214000000.0,257500000,35500000.0,293000000,-92500000.0,205200000,469600000,469600000,563200000.0,1640500000.0,1339400000.0,4072400000.0,46133200000.0,11477500000.0,57610700000.0,61683100000,1644900000.0,2631800000.0,7108500000.0,17740900000.0,36669700000.0,43778200000,9620500000.0,8398300000.0,17904900000.0,61683100000,205200000.0,481700000.0,149400000.0,1700000.0,838000000.0,-12200000.0,-1324200000.0,-275600000.0,231900000.0,13700000.0,-129800000.0,-10000000,2015-12-31,58.81999969482422,59.43999862670898,57.68999862670898,58.27000045776367,47.8902359008789,2457800.0
2016-03-31,4044900000.0,-1407000000.0,2637900000.0,-1745000000.0,-497100000.0,892900000.0,-211000000.0,-214900000.0,681900000,31700000.0,713600000,-235500000.0,503100000,501200000,501200000,454900000.0,1650000000.0,1351900000.0,4146300000.0,46832900000.0,11507300000.0,58340200000.0,62486500000,1457100000.0,3254300000.0,7221900000.0,17749300000.0,37122900000.0,44344800000,9635500000.0,8624800000.0,18141700000.0,62486500000,503100000.0,497100000.0,367300000.0,-567600000.0,799900000.0,-14300000.0,-1138300000.0,-276500000.0,598800000.0,12100000.0,352400000.0,14000000,2016-03-31,66.01000213623047,66.48999786376953,65.76999664306639,66.40000152587889,55.06271743774414,2924700.0
2016-06-30,3892900000.0,-1309600000.0,2583300000.0,-1717100000.0,-513800000.0,866200000.0,-216200000.0,-222500000.0,650000000,28800000.0,678800000,-165000000.0,506400000,502100000,502100000,553700000.0,1815200000.0,1362000000.0,4438900000.0,47436200000.0,11442000000.0,58878200000.0,63317100000,1469300000.0,4066600000.0,7869900000.0,17537400000.0,37042300000.0,44912200000,9652700000.0,8851400000.0,18404900000.0,63317100000,506400000.0,513800000.0,354500000.0,-448800000.0,925900000.0,-6100000.0,-1161400000.0,-276600000.0,569800000.0,18800000.0,294400000.0,56400000,2016-06-30,68.81999969482422,70.09999847412111,68.58000183105469,70.08999633789061,58.6266098022461,2858400.0
2016-09-30,4652200000.0,-1654100000.0,2998100000.0,-1861100000.0,-539300000.0,1137000000.0,-221600000.0,-223300000.0,915400000,-2239300000.0,-1323900000,534500000.0,-764200000,-765800000,-765800000,491400000.0,1880000000.0,1024800000.0,5949200000.0,44262200000.0,11230600000.0,55492800000.0,61442000000,1570500000.0,3863100000.0,7779400000.0,17319900000.0,36319600000.0,44099000000,9658300000.0,7809400000.0,17343000000.0,61442000000,-764200000.0,539300000.0,1860100000.0,60000000.0,1695200000.0,-7100000.0,-1129000000.0,-276700000.0,-320200000.0,3300000.0,-600800000.0,-34600000,2016-09-30,64.80000305175781,65.06999969482422,63.75,64.20999908447266,54.1552619934082,4152600.0
2016-12-31,3790100000.0,-1359500000.0,2430600000.0,-1894900000.0,-412100000.0,535700000.0,-195900000.0,-200200000.0,339800000,67400000.0,407200000,-60300000.0,375300000,373500000,373500000,349200000.0,1916700000.0,967300000.0,6033900000.0,45639300000.0,11794500000.0,57433800000.0,63467700000,1915700000.0,4591000000.0,9498000000.0,17378400000.0,36549600000.0,46047600000,9660900000.0,7892400000.0,17420100000.0,63467700000,375200000.0,412100000.0,-230700000.0,544200000.0,1100800000.0,-17100000.0,-1617900000.0,-291200000.0,758000000.0,0.0,457900000.0,-59200000,2016-12-30,63.31999969482422,63.41999816894531,62.72000122070313,62.959999084472656,53.60107803344727,1677000.0
2017-03-31,3933300000.0,-1405200000.0,2528100000.0,-1668900000.0,-481900000.0,859200000.0,-207900000.0,-213800000.0,651300000,259100000.0,910400000,-343200000.0,594200000,592200000,592200000,450000000.0,1711200000.0,955300000.0,3616400000.0,46236300000.0,11875600000.0,58111900000.0,61728300000,1356600000.0,4050200000.0,7914500000.0,16722200000.0,36100500000.0,44015000000,9663800000.0,8194300000.0,17713300000.0,61728300000,594200000.0,481900000.0,-65300000.0,-204000000.0,806800000.0,-18100000.0,776200000.0,-291400000.0,-1353000000.0,0.0,-1687100000.0,-104100000,2017-03-31,67.08000183105469,67.51000213623047,67.06999969482422,67.12999725341797,57.68355941772461,2259700.0
2017-06-30,3576500000.0,-1191500000.0,2385000000.0,-1651600000.0,-485500000.0,733400000.0,-214900000.0,-220600000.0,518500000,32300000.0,550800000,-190600000.0,376200000,375000000,375000000,490000000.0,1661800000.0,982200000.0,3809000000.0,47227200000.0,11702900000.0,58930100000.0,62739100000,1485400000.0,4606700000.0,8392200000.0,16796900000.0,36491900000.0,44884100000,9709300000.0,8276400000.0,17855000000.0,62739100000,376200000.0,485500000.0,217000000.0,-168500000.0,910200000.0,-11000000.0,-1173000000.0,-293500000.0,609100000.0,0.0,307700000.0,44900000,2017-06-30,69.76999664306639,70.11000061035156,69.47000122070311,69.47000122070311,60.213600158691406,2130200.0
2017-09-30,4104700000.0,-1425500000.0,2679200000.0,-1704100000.0,-518500000.0,975100000.0,-218300000.0,-220900000.0,756800000,43800000.0,800600000,-264000000.0,556700000,544700000,544700000,654600000.0,1740900000.0,916500000.0,4067800000.0,48316500000.0,11580600000.0,59897100000.0,63964900000,1797300000.0,3418600000.0,7322000000.0,18362400000.0,38528100000.0,45850100000,9712500000.0,8532000000.0,18114800000.0,63964900000,556700000.0,518500000.0,588200000.0,-256200000.0,1407200000.0,-18100000.0,-1325900000.0,-290100000.0,355200000.0,0.0,65200000.0,146500000,2017-09-29,70.25,70.52999877929688,70.02999877929689,70.23999786376953,61.38833999633789,1624900.0
2017-12-31,3810400000.0,-1289600000.0,2520800000.0,-1702800000.0,-511300000.0,818000000.0,-219300000.0,-223700000.0,598700000,-44300000.0,554400000,-171900000.0,401800000,400700000,400700000,376300000.0,1891000000.0,953200000.0,4253100000.0,50261500000.0,10214500000.0,60476000000.0,64729100000,2299800000.0,3392300000.0,8271300000.0,19419600000.0,38132300000.0,46403600000,9728100000.0,8626700000.0,18325500000.0,64729100000,401800000.0,511300000.0,8800000.0,224300000.0,1146200000.0,-11200000.0,-1933700000.0,-316900000.0,1013200000.0,12200000.0,709300000.0,-78200000,2017-12-29,73.87000274658203,74.0,73.41999816894531,73.56999969482422,64.8309326171875,1415900.0
2018-03-31,4048300000.0,-1492100000.0,2556200000.0,-1850200000.0,-539700000.0,706000000.0,-228500000.0,-231900000.0,477500000,62700000.0,540200000,-102000000.0,456700000,454400000,454400000,351300000.0,1851500000.0,922800000.0,4135000000.0,51365100000.0,10109400000.0,61474500000.0,65609500000,1722700000.0,5274900000.0,9471400000.0,18844900000.0,37555800000.0,47027200000,9777200000.0,8801500000.0,18582300000.0,65609500000,456700000.0,539700000.0,-29000000.0,-165200000.0,802200000.0,-17300000.0,-1927800000.0,-306100000.0,1300400000.0,32200000.0,1029500000.0,-96100000,2018-03-29,68.70999908447266,69.23999786376953,68.5,68.58999633789061,61.02956771850586,2238900.0
2018-06-30,4013200000.0,-1343600000.0,2669600000.0,-1912600000.0,-553200000.0,757000000.0,-235600000.0,-238500000.0,521400000,62200000.0,583600000,-72200000.0,530100000,528400000,528400000,374300000.0,2270700000.0,915600000.0,4570100000.0,52441500000.0,9858500000.0,62300000000.0,66870100000,1870600000.0,4870600000.0,9058300000.0,19750600000.0,38966400000.0,48024700000,9794000000.0,9023100000.0,18845400000.0,66870100000,530100000.0,553200000.0,218200000.0,-96900000.0,1204600000.0,-14100000.0,-1311100000.0,-308100000.0,486100000.0,18700000.0,177300000.0,70800000,2018-06-29,69.09999847412111,69.56999969482422,68.5,69.25,62.19018936157226,2941900.0
2018-09-30,4333100000.0,-1625100000.0,2708000000.0,-2039400000.0,-602600000.0,668600000.0,-250500000.0,-251400000.0,418100000,62800000.0,480900000,80700000.0,579700000,577600000,577600000,952400000.0,2118100000.0,847900000.0,4692400000.0,53355700000.0,9569300000.0,62925000000.0,67617400000,1879700000.0,4146800000.0,8426200000.0,20869800000.0,40043900000.0,48470100000,9809100000.0,9293700000.0,19147300000.0,67617400000,579700000.0,602600000.0,311200000.0,432300000.0,1925800000.0,-8900000.0,-1449800000.0,-308300000.0,380600000.0,11600000.0,74200000.0,550200000,2018-09-28,69.95999908447266,70.94999694824219,69.84999847412111,70.87999725341797,64.21533203125,2740200.0
2018-12-31,3801100000.0,-1325700000.0,2475400000.0,-1853700000.0,-591100000.0,621700000.0,-251600000.0,-262600000.0,370100000,-1300000.0,368800000,-21800000.0,364800000,363400000,363400000,393200000.0,1926500000.0,921100000.0,4113900000.0,55099100000.0,9589800000.0,64688900000.0,68802800000,2106000000.0,3608500000.0,8648800000.0,21648200000.0,40985800000.0,49634600000,9823500000.0,9325300000.0,19168200000.0,68802800000,364800000.0,591100000.0,-512500000.0,847200000.0,1290600000.0,-17500000.0,-1664900000.0,-333000000.0,473600000.0,11100000.0,-119099999.0,-493399999,2018-12-31,74.77999877929688,75.08999633789062,73.91000366210938,74.73999786376953,68.3216552734375,2203300.0
2019-03-31,4056800000.0,-1412200000.0,2644600000.0,-1856200000.0,-605800000.0,788400000.0,-247200000.0,-255800000.0,541200000,58900000.0,600100000,-44500000.0,574100000,572800000,572800000,396600000.0,1882300000.0,946600000.0,3914800000.0,55968600000.0,10838600000.0,66807200000.0,70722000000,1803200000.0,3386500000.0,8622600000.0,22898200000.0,42802400000.0,51425000000,9781400000.0,9565600000.0,19297000000.0,70722000000,574100000.0,605800000.0,46000000.0,-417600000.0,808300000.0,-18500000.0,-1582800000.0,-333600000.0,998700000.0,14500000.0,693500000.0,-81000000,2019-03-29,83.5999984741211,83.9000015258789,83.27999877929688,83.75,77.21102142333984,4625700.0
2019-06-30,3573600000.0,-1141600000.0,2432000000.0,-1881000000.0,-622600000.0,551000000.0,-244100000.0,-250700000.0,306900000,80400000.0,387300000,54400000.0,459100000,461300000,461300000,386200000.0,1781200000.0,1034400000.0,4061300000.0,57202900000.0,11285800000.0,68488700000.0,72550000000,1930200000.0,3534400000.0,8925100000.0,24174400000.0,44134100000.0,53059200000,9796100000.0,9694200000.0,19490800000.0,72550000000,459100000.0,622600000.0,7500000.0,-96700000.0,992500000.0,-17500000.0,-2012200000.0,-334500000.0,1384100000.0,17800000.0,1046200000.0,26500000,2019-06-28,87.75,88.93000030517578,87.72000122070312,88.01000213623047,81.79292297363281,3815700.0
2019-09-30,4315000000.0,-1415100000.0,2899900000.0,-1941700000.0,-645200000.0,958200000.0,-271900000.0,-275100000.0,686300000,73000000.0,759300000,-40600000.0,733900000,733500000,733500000,547200000.0,1825100000.0,1051300000.0,4166400000.0,58692700000.0,11041600000.0,69734300000.0,73900700000,2071600000.0,3837700000.0,9183500000.0,24553500000.0,44652200000.0,53835700000,9809000000.0,10095300000.0,20065000000.0,73900700000,733900000.0,645200000.0,327200000.0,-157200000.0,1549100000.0,-41300000.0,-1762600000.0,-333900000.0,641600000.0,12400000.0,313700000.0,100200000,2019-09-30,93.8499984741211,94.66999816894531,93.54000091552734,93.69000244140624,87.72663879394531,2048200.0
2019-12-31,3616000000.0,-1137200000.0,2478800000.0,-2027700000.0,-640900000.0,451100000.0,-282700000.0,-290900000.0,168400000,-80300000.0,88100000,43600000.0,152700000,153500000,153500000,449500000.0,1705100000.0,1169200000.0,4077800000.0,60138100000.0,11676400000.0,71814500000.0,75892300000,2329400000.0,4437000000.0,10299100000.0,25126800000.0,45614300000.0,55913400000,9879000000.0,9900900000.0,19978900000.0,75892300000,152700000.0,640900000.0,-312500000.0,439100000.0,920200000.0,-4500000.0,-1786900000.0,-348000000.0,1219700000.0,20600000.0,809500000.0,-57200000,2019-12-31,94.16999816894531,94.54000091552734,93.88999938964844,94.51000213623048,89.17308044433594,1366900.0
2020-03-31,3747500000.0,-1151000000.0,2596500000.0,-1844900000.0,-672200000.0,751600000.0,-296500000.0,-292100000.0,455100000,61100000.0,516200000,-46500000.0,499300000,495200000,495200000,1739800000.0,1741500000.0,1195900000.0,5292000000.0,61048900000.0,11383100000.0,72432000000.0,77724000000,1901300000.0,6573800000.0,11654700000.0,25783000000.0,45996800000.0,57651500000,9906100000.0,10038800000.0,20072500000.0,77724000000,499300000.0,672200000.0,114700000.0,-670500000.0,615700000.0,2900000.0,-1766000000.0,-363700000.0,2744200000.0,56100000.0,2388500000.0,1238200000,2020-03-31,82.68000030517578,83.48999786376953,79.23999786376953,79.9800033569336,75.9837646484375,6247300.0
2020-06-30,3494000000.0,-964900000.0,2529100000.0,-1806400000.0,-679500000.0,722700000.0,-279700000.0,-294000000.0,443000000,64900000.0,507900000,-12600000.0,514500000,520800000,520800000,541100000.0,1791500000.0,1279800000.0,4273200000.0,61926800000.0,11604800000.0,73531600000.0,77804800000,1889300000.0,5214300000.0,10122000000.0,26637700000.0,47340900000.0,57462900000,9958400000.0,10221900000.0,20341900000.0,77804800000,514500000.0,679500000.0,256000000.0,-319500000.0,1130500000.0,-20000000.0,-1481600000.0,-340900000.0,-507800000.0,54900000.0,-815000000.0,-1166100000,2020-06-30,79.69999694824219,80.77999877929688,79.05000305175781,79.63999938964844,76.33871459960938,2586900.0
