Report Date,Revenue,Cost of Revenue,Gross Profit,Operating Expenses,"Selling, General & Administrative",Research & Development,Operating Income (Loss),Non-Operating Income (Loss),"Pretax Income (Loss), Adj.",Pretax Income (Loss),"Income Tax (Expense) Benefit, Net",Income (Loss) from Continuing Operations,Net Income,Net Income (Common),"Cash, Cash Equivalents & Short Term Investments",Accounts & Notes Receivable,Inventories,Total Current Assets,"Property, Plant & Equipment, Net",Long Term Investments & Receivables,Other Long Term Assets,Total Noncurrent Assets,Total Assets,Payables & Accruals,Total Current Liabilities,Total Noncurrent Liabilities,Total Liabilities,Share Capital & Additional Paid-In Capital,Retained Earnings,Total Equity,Total Liabilities & Equity,Net Income/Starting Line,Depreciation & Amortization.1,Non-Cash Items,Change in Working Capital,Net Cash from Operating Activities,Change in Fixed Assets & Intangibles,Net Change in Long Term Investment,Net Cash from Investing Activities,Cash from (Repurchase of) Equity,Net Cash from Financing Activities,Net Change in Cash,Price Date,Open,High,Low,Close,Adj Close,Volume
2010-09-30,95947000.0,-21014000.0,74933000.0,-49700000.0,-43108000.0,-6592000.0,25233000.0,-83000.0,25150000,21840000,-5025000.0,16815000,16815000,16815000,272320000.0,63811000.0,2382000.0,357942000.0,28102000.0,7829000.0,51362000.0,87293000.0,445235000,49900000.0,80036000.0,5797000.0,85833000,547236000.0,-188151000.0,359402000.0,445235000,16815000.0,3439000.0,4870000.0,10639000.0,35763000.0,-3083000.0,-6248000.0,-10515000.0,3694000.0,3654000.0,29123000,2010-09-30,19.950000762939453,19.950000762939453,19.299999237060547,19.57999992370605,19.57999992370605,646000.0
2010-12-31,92893000.0,-21137000.0,71756000.0,-55747000.0,-48854000.0,-6893000.0,16009000.0,-251000.0,15758000,14519000,-4614000.0,9905000,9905000,9905000,303279000.0,65430000.0,2544000.0,388611000.0,30684000.0,9089000.0,48559000.0,88332000.0,476943000,59126000.0,92974000.0,6222000.0,99196000,555859000.0,-178246000.0,377747000.0,476943000,9905000.0,3392000.0,-149000.0,19377000.0,32525000.0,-6099000.0,-2476000.0,-7364000.0,915000.0,4689000.0,29740000,2010-12-31,20.040000915527344,20.239999771118164,19.5,19.540000915527344,19.540000915527344,349300.0
2011-03-31,104856000.0,-22630000.0,82226000.0,-61203000.0,-51813000.0,-9390000.0,21023000.0,89000.0,21112000,21112000,-5271000.0,15841000,15841000,15841000,316936000.0,73904000.0,2867000.0,417941000.0,30722000.0,5615000.0,42704000.0,79041000.0,496982000,50795000.0,87994000.0,6883000.0,94877000,563886000.0,-162405000.0,402105000.0,496982000,15841000.0,3679000.0,8100000.0,-10372000.0,17248000.0,-2825000.0,3767000.0,-7226000.0,5068000.0,3749000.0,13944000,2011-03-31,20.350000381469727,20.6200008392334,20.100000381469727,20.479999542236328,20.479999542236328,671100.0
2011-06-30,120086000.0,-28949000.0,91137000.0,-73950000.0,-64680000.0,-9270000.0,17187000.0,-306000.0,16881000,16289000,-5127000.0,11162000,11162000,11162000,175362000.0,82130000.0,6272000.0,286573000.0,37122000.0,4112000.0,219242000.0,260476000.0,547049000,66427000.0,109451000.0,7816000.0,117267000,580282000.0,-151243000.0,429782000.0,547049000,11162000.0,4605000.0,8962000.0,4967000.0,29696000.0,-5697000.0,3092000.0,-180980000.0,11480000.0,11379000.0,-140001000,2011-06-30,22.54999923706055,22.86000061035156,22.440000534057614,22.79999923706055,22.79999923706055,443200.0
2011-09-30,125894000.0,-33524000.0,92370000.0,-65190000.0,-56264000.0,-8926000.0,27180000.0,-118000.0,27062000,26194000,-6930000.0,19264000,19264000,19264000,210414000.0,86648000.0,8278000.0,327134000.0,46388000.0,677000.0,211721000.0,258786000.0,585920000,72419000.0,120187000.0,8857000.0,129044000,588509000.0,-131979000.0,456876000.0,585920000,19264000.0,4823000.0,4506000.0,6954000.0,35547000.0,-12507000.0,1983000.0,-11091000.0,3334000.0,9261000.0,33622000,2011-09-30,15.479999542236328,15.8100004196167,15.149999618530273,15.170000076293945,15.170000076293945,385900.0
2011-12-31,128905000.0,-33355000.0,95550000.0,-70580000.0,-61012000.0,-9568000.0,24970000.0,-84000.0,24886000,26346000,-5897000.0,20449000,20449000,20449000,248070000.0,91537000.0,9402000.0,384816000.0,53965000.0,0.0,210483000.0,264448000.0,649264000,95865000.0,148117000.0,10366000.0,158483000,607248000.0,-116513000.0,490781000.0,649264000,20449000.0,4370000.0,-5380000.0,28539000.0,47978000.0,-9375000.0,1475000.0,-12309000.0,-2135000.0,2852000.0,38446000,2011-12-30,24.020000457763672,24.059999465942386,23.5,23.729999542236328,23.729999542236328,696200.0
2012-03-31,135079000.0,-34319000.0,100760000.0,-72754000.0,-62228000.0,-10526000.0,28006000.0,-812000.0,27194000,27194000,-6210000.0,20984000,20984000,20984000,240379000.0,94441000.0,13434000.0,385496000.0,62912000.0,16804000.0,205224000.0,284940000.0,670436000,81178000.0,135828000.0,11586000.0,147414000,619999000.0,-97170000.0,523022000.0,670436000,20984000.0,3899000.0,1479000.0,-18981000.0,7381000.0,-12559000.0,-25439000.0,-37995000.0,7656000.0,14291000.0,-16314000,2012-03-30,27.59000015258789,27.959999084472656,27.45000076293945,27.54999923706055,27.54999923706055,674200.0
2012-06-30,145626000.0,-36826000.0,108800000.0,-72788000.0,-62108000.0,-10680000.0,36012000.0,541000.0,36553000,36553000,-8061000.0,28492000,28492000,28492000,283551000.0,102149000.0,14623000.0,435135000.0,72207000.0,20475000.0,216346000.0,309028000.0,744163000,84433000.0,143836000.0,14032000.0,157868000,655315000.0,-68680000.0,586295000.0,744163000,28492000.0,4252000.0,1530000.0,1100000.0,35374000.0,-13219000.0,-8416000.0,-18915000.0,13509000.0,21992000.0,38438000,2012-06-29,32.75,33.459999084472656,32.290000915527344,33.459999084472656,33.459999084472656,1022100.0
2012-09-30,136496000.0,-36146000.0,100350000.0,-95847000.0,-61230000.0,-9952000.0,4503000.0,-353000.0,4150000,4150000,-4494000.0,-344000,-344000,-344000,328049000.0,105902000.0,15137000.0,484246000.0,75248000.0,20802000.0,187868000.0,283918000.0,768164000,86364000.0,151688000.0,14311000.0,165999000,676613000.0,-74429000.0,602165000.0,768164000,-344000.0,4393000.0,34925000.0,1291000.0,40265000.0,-5707000.0,-2644000.0,-8738000.0,9233000.0,10536000.0,42108000,2012-09-28,37.27999877929688,37.40999984741211,36.77999877929688,36.97000122070313,36.97000122070313,541100.0
2012-12-31,142840000.0,-36362000.0,106478000.0,-89407000.0,-65770000.0,-11711000.0,17071000.0,-672000.0,16399000,16399000,-6840000.0,9559000,9559000,9559000,334871000.0,98992000.0,15122000.0,485793000.0,79191000.0,21252000.0,170076000.0,270519000.0,756312000,93796000.0,155771000.0,19224000.0,174995000,670740000.0,-89626000.0,581317000.0,756312000,9559000.0,5267000.0,25253000.0,10679000.0,50758000.0,-6848000.0,-5814000.0,-12652000.0,-35274000.0,-36614000.0,1479000,2012-12-31,27.0,27.770000457763672,26.920000076293945,27.75,27.75,587100.0
2013-03-31,153580000.0,-40731000.0,112849000.0,-150924000.0,-72629000.0,-11282000.0,-38075000.0,-988000.0,-39063000,-39063000,-2920000.0,-41983000,-41983000,-41983000,366720000.0,108672000.0,15442000.0,527331000.0,72672000.0,10680000.0,115562000.0,198914000.0,726245000,84383000.0,143855000.0,21272000.0,165127000,694342000.0,-133375000.0,561118000.0,726245000,-41983000.0,4944000.0,39851000.0,7606000.0,10418000.0,-5608000.0,1084000.0,-3445000.0,10830000.0,15423000.0,22359000,2013-03-28,33.419998168945305,33.650001525878906,32.959999084472656,33.509998321533196,33.509998321533196,545500.0
2013-06-30,163828000.0,-40137000.0,123691000.0,-85790000.0,-74874000.0,-10916000.0,37901000.0,-335000.0,37566000,37566000,-8246000.0,29320000,29320000,29320000,278430000.0,112367000.0,15704000.0,442093000.0,76932000.0,62885000.0,121984000.0,261801000.0,703894000,97332000.0,160654000.0,23042000.0,183696000,693110000.0,-172868000.0,520198000.0,703894000,29320000.0,3845000.0,5847000.0,14296000.0,53308000.0,-3781000.0,-128730000.0,-140327000.0,-84810000.0,-77319000.0,-164248000,2013-06-28,36.709999084472656,37.38000106811523,36.13999938964844,37.040000915527344,37.040000915527344,863200.0
2013-09-30,164506000.0,-39416000.0,125090000.0,-83626000.0,-72711000.0,-10915000.0,41464000.0,449000.0,41913000,41913000,-7376000.0,34537000,34537000,34537000,323579000.0,109179000.0,14662000.0,482259000.0,76552000.0,76836000.0,123559000.0,276947000.0,759206000,92871000.0,163268000.0,20254000.0,183522000,713684000.0,-138332000.0,575684000.0,759206000,34537000.0,3858000.0,10112000.0,6631000.0,55138000.0,-5783000.0,-47172000.0,-56217000.0,7166000.0,12994000.0,11342000,2013-09-30,47.34000015258789,48.43999862670898,47.04999923706055,48.099998474121094,48.099998474121094,687600.0
2013-12-31,178292000.0,-41816000.0,136476000.0,-83554000.0,-72584000.0,-10970000.0,52922000.0,-199000.0,52723000,52723000,-10302000.0,42421000,42421000,42421000,369993000.0,113250000.0,13968000.0,544676000.0,75743000.0,101978000.0,109750000.0,287471000.0,832147000,98063000.0,175338000.0,22839000.0,198177000,729586000.0,-95910000.0,633970000.0,832147000,42421000.0,4178000.0,9564000.0,10949000.0,67112000.0,-4240000.0,-6441000.0,-10745000.0,5903000.0,10731000.0,67114000,2013-12-31,56.9900016784668,57.5,56.70000076293945,57.13999938964844,57.13999938964844,502600.0
2014-03-31,180646000.0,-43395000.0,137251000.0,-95447000.0,-82067000.0,-13380000.0,41804000.0,601000.0,42405000,42405000,-9961000.0,32444000,32444000,32444000,366443000.0,126183000.0,15840000.0,552177000.0,79093000.0,138929000.0,115442000.0,333464000.0,885641000,89855000.0,170855000.0,18033000.0,188888000,759776000.0,-63465000.0,696753000.0,885641000,32444000.0,4776000.0,10310000.0,-29537000.0,17993000.0,-4996000.0,-94218000.0,-99347000.0,11946000.0,21061000.0,-60187000,2014-03-31,51.22999954223633,52.08000183105469,50.36999893188477,51.790000915527344,51.790000915527344,750600.0
2014-06-30,192531000.0,-47055000.0,145476000.0,-96744000.0,-83455000.0,-13289000.0,48732000.0,-93000.0,48639000,48639000,-13039000.0,35600000,35600000,35600000,365530000.0,131028000.0,13115000.0,554512000.0,81312000.0,137148000.0,112461000.0,330921000.0,885433000,101988000.0,187113000.0,22524000.0,209637000,742894000.0,-67606000.0,675796000.0,885433000,35600000.0,4354000.0,15558000.0,14218000.0,69730000.0,-4964000.0,-13272000.0,-18236000.0,-48324000.0,-66928000.0,-15295000,2014-06-30,56.4000015258789,56.75,55.7599983215332,56.040000915527344,56.040000915527344,1352200.0
2014-09-30,189876000.0,-44822000.0,145054000.0,-93507000.0,-80653000.0,-12854000.0,51547000.0,-1999000.0,49548000,49548000,-11301000.0,38247000,38247000,38247000,425496000.0,130047000.0,15983000.0,615672000.0,86447000.0,136017000.0,110153000.0,332617000.0,948289000,111117000.0,198560000.0,27273000.0,225833000,775531000.0,-53135000.0,722456000.0,948289000,38247000.0,4339000.0,12831000.0,12154000.0,67571000.0,-6997000.0,-46744000.0,-53790000.0,-23666000.0,-1051000.0,13205000,2014-09-30,53.22999954223633,53.5099983215332,51.65999984741211,51.68000030517578,51.68000030517578,839100.0
2014-12-31,198600000.0,-47938000.0,150662000.0,-99169000.0,-85893000.0,-13276000.0,51493000.0,-1716000.0,49777000,49777000,-10236000.0,39541000,39541000,39541000,454658000.0,129751000.0,15928000.0,657160000.0,90125000.0,147892000.0,92820000.0,330837000.0,987997000,111127000.0,201811000.0,33415000.0,235226000,783418000.0,-30507000.0,752771000.0,987997000,39541000.0,4387000.0,15318000.0,12359000.0,71605000.0,-7135000.0,-23118000.0,-30254000.0,-20161000.0,-19502000.0,19195000,2014-12-31,56.41999816894531,57.36000061035156,55.849998474121094,55.90999984741211,55.90999984741211,221800.0
2015-03-31,198086000.0,-46996000.0,151090000.0,-102166000.0,-88281000.0,-13885000.0,48924000.0,-1452000.0,47472000,47472000,-11295000.0,36177000,36177000,36177000,444801000.0,138159000.0,14572000.0,657312000.0,99764000.0,168171000.0,103158000.0,371093000.0,1028405000,106707000.0,200575000.0,34296000.0,234871000,789461000.0,4179000.0,793534000.0,1028405000,36177000.0,4308000.0,9774000.0,-14614000.0,35645000.0,-15612000.0,-21095000.0,-36661000.0,2771000.0,-7097000.0,-9893000,2015-03-31,54.47999954223633,54.95000076293945,53.7400016784668,53.790000915527344,53.790000915527344,834500.0
2015-06-30,209488000.0,-50854000.0,158634000.0,-116309000.0,-100625000.0,-15684000.0,42325000.0,174000.0,42499000,42499000,-11149000.0,31350000,31350000,31350000,438542000.0,146466000.0,16415000.0,657906000.0,108029000.0,158161000.0,104485000.0,370675000.0,1028581000,121505000.0,222925000.0,35855000.0,258780000,775814000.0,-5826000.0,769801000.0,1028581000,31350000.0,4330000.0,14952000.0,12308000.0,62940000.0,-10560000.0,-13101000.0,-23661000.0,-47516000.0,-67830000.0,-28225000,2015-06-30,62.34000015258789,63.11000061035156,61.6500015258789,62.709999084472656,62.709999084472656,843600.0
2015-09-30,207636000.0,-50060000.0,157576000.0,-119530000.0,-101751000.0,-17779000.0,38046000.0,-1568000.0,36478000,36478000,-8862000.0,27616000,27616000,27616000,484755000.0,148395000.0,18939000.0,711733000.0,120738000.0,145246000.0,101845000.0,367829000.0,1079562000,128513000.0,244511000.0,36792000.0,281303000,810124000.0,-11890000.0,798259000.0,1079562000,27616000.0,4503000.0,19015000.0,8923000.0,60057000.0,-10491000.0,-21812000.0,-32303000.0,-35299000.0,-14028000.0,12287000,2015-09-30,56.2400016784668,56.93999862670898,55.5099983215332,56.7599983215332,56.7599983215332,847200.0
2015-12-31,230276000.0,-57466000.0,172810000.0,-113471000.0,-99582000.0,-13889000.0,59339000.0,313000.0,59652000,59652000,-10775000.0,48877000,48877000,48877000,527295000.0,158550000.0,19465000.0,732010000.0,136473000.0,151370000.0,138780000.0,426623000.0,1158633000,142119000.0,271672000.0,39035000.0,310707000,821515000.0,27391000.0,847926000.0,1158633000,48877000.0,4863000.0,11405000.0,14210000.0,79355000.0,-16788000.0,-56948000.0,-73736000.0,-10422000.0,-11831000.0,-6326000,2015-12-31,66.5,67.37000274658203,65.79000091552734,65.84999847412111,65.84999847412111,545800.0
2016-03-31,238720000.0,-58093000.0,180627000.0,-127293000.0,-112210000.0,-15083000.0,53334000.0,-427000.0,52907000,52907000,-12361000.0,40546000,40546000,40546000,548078000.0,178000000.0,22618000.0,783003000.0,148029000.0,132690000.0,143838000.0,424557000.0,1207560000,128981000.0,274750000.0,40780000.0,315530000,824071000.0,67937000.0,892030000.0,1207560000,40546000.0,4792000.0,9303000.0,-23961000.0,30680000.0,-20207000.0,-15109000.0,-35316000.0,5384000.0,-9106000.0,-13296000,2016-03-31,72.0,73.55000305175781,71.97000122070312,72.69000244140625,72.69000244140625,996000.0
2016-06-30,269362000.0,-64146000.0,205216000.0,-140080000.0,-121467000.0,-18613000.0,65136000.0,125000.0,65261000,65261000,-15113000.0,50148000,50148000,50148000,571813000.0,192660000.0,22992000.0,825407000.0,161685000.0,113158000.0,151023000.0,425866000.0,1251273000,138432000.0,298989000.0,42426000.0,341415000,821823000.0,87607000.0,909858000.0,1251273000,50148000.0,5093000.0,14467000.0,6459000.0,76167000.0,-18818000.0,8662000.0,-16187000.0,-33382000.0,-46402000.0,13288000,2016-06-30,79.91000366210938,80.56999969482422,79.37000274658203,80.55000305175781,80.55000305175781,659900.0
2016-09-30,278589000.0,-69387000.0,209202000.0,-147123000.0,-126708000.0,-20415000.0,62079000.0,1463000.0,63542000,63542000,-11698000.0,51367000,51367000,51367000,612966000.0,244992000.0,26341000.0,911768000.0,172658000.0,109088000.0,165379000.0,447125000.0,1358893000,165642000.0,343051000.0,43532000.0,386583000,854430000.0,117965000.0,972310000.0,1358893000,51367000.0,6901000.0,7804000.0,-6245000.0,59827000.0,-17343000.0,260450000.0,194362000.0,-17299000.0,-2111000.0,252242000,2016-09-30,92.5,94.5199966430664,92.33000183105469,93.75,93.75,615900.0
2016-12-31,293203000.0,-72954000.0,220249000.0,-151877000.0,-130268000.0,-21609000.0,68372000.0,-7516000.0,60856000,60856000,-12028000.0,47621000,47621000,47621000,640256000.0,247415000.0,27131000.0,952978000.0,175167000.0,104844000.0,163162000.0,443173000.0,1396151000,162928000.0,354335000.0,46427000.0,400762000,864879000.0,131448000.0,995389000.0,1396151000,47621000.0,7216000.0,19003000.0,7140000.0,80980000.0,-14208000.0,-55623000.0,-70011000.0,-37143000.0,-37905000.0,-30673000,2016-12-30,97.12000274658205,97.3499984741211,95.83999633789062,96.12999725341795,96.12999725341795,489400.0
2017-03-31,310341000.0,-74716000.0,235625000.0,-173952000.0,-151148000.0,-22804000.0,61673000.0,1645000.0,63318000,63318000,7223000.0,69420000,69420000,69420000,545586000.0,267128000.0,35174000.0,918167000.0,231692000.0,142514000.0,166920000.0,541126000.0,1459293000,162659000.0,365554000.0,48864000.0,414418000,850100000.0,196157000.0,1044875000.0,1459293000,69420000.0,7867000.0,25801000.0,-55467000.0,47621000.0,-59569000.0,-71090000.0,-145298000.0,3495000.0,-33001000.0,-128248000,2017-03-31,113.6999969482422,115.1999969482422,113.45999908447266,114.70999908447266,114.70999908447266,563200.0
2017-06-30,356482000.0,-85565000.0,270917000.0,-187348000.0,-162964000.0,-24384000.0,83569000.0,3212000.0,86781000,86781000,-15387000.0,69179000,69179000,69179000,601968000.0,291694000.0,35133000.0,1003222000.0,255539000.0,116343000.0,176083000.0,547965000.0,1551187000,204791000.0,424796000.0,48103000.0,472899000,845568000.0,232876000.0,1078288000.0,1551187000,69179000.0,8876000.0,18574000.0,13838000.0,110467000.0,-18476000.0,64310000.0,33580000.0,-34767000.0,-51239000.0,94018000,2017-06-30,148.3300018310547,150.9499969482422,148.3300018310547,150.1199951171875,150.1199951171875,577200.0
2017-09-30,385267000.0,-92779000.0,292488000.0,-193725000.0,-169524000.0,-24201000.0,98763000.0,3750000.0,102513000,102513000,-18344000.0,82555000,82555000,82555000,679067000.0,321328000.0,36941000.0,1101003000.0,295901000.0,111717000.0,189002000.0,596620000.0,1697623000,219793000.0,461369000.0,54296000.0,515665000,880053000.0,301117000.0,1181958000.0,1697623000,82555000.0,9972000.0,8550000.0,17048000.0,118125000.0,-48105000.0,-57370000.0,-120066000.0,-8671000.0,5204000.0,4429000,2017-09-29,183.6000061035156,186.6199951171875,182.05999755859366,186.2700042724609,186.2700042724609,784700.0
2017-12-31,421323000.0,-103406000.0,317917000.0,-208311000.0,-182141000.0,-26170000.0,109606000.0,2581000.0,112187000,112187000,-103654000.0,10264000,10264000,10264000,721542000.0,324189000.0,31688000.0,1158367000.0,348793000.0,94554000.0,182295000.0,625642000.0,1784009000,232338000.0,500051000.0,129670000.0,629721000,886443000.0,267274000.0,1154288000.0,1784009000,10264000.0,11024000.0,40567000.0,100471000.0,162326000.0,-69545000.0,62682000.0,-19693000.0,-49389000.0,-56464000.0,86907000,2017-12-29,225.9900054931641,227.66000366210938,222.08999633789062,222.19000244140625,222.19000244140625,560200.0
2018-03-31,436924000.0,-109516000.0,327408000.0,-229216000.0,-199625000.0,-29591000.0,98192000.0,2353000.0,100545000,100545000,-2902000.0,95866000,95866000,95866000,662743000.0,361459000.0,35866000.0,1168776000.0,400528000.0,63041000.0,150386000.0,613955000.0,1782731000,221974000.0,517985000.0,137286000.0,655271000,858640000.0,267336000.0,1127460000.0,1782731000,95866000.0,11434000.0,22150000.0,-52118000.0,77332000.0,-57578000.0,136385000.0,109269000.0,-91980000.0,-139822000.0,48494000,2018-03-29,245.97999572753903,257.47000122070307,243.0800018310547,251.1300048828125,251.1300048828125,1259400.0
2018-06-30,490259000.0,-124677000.0,365582000.0,-242891000.0,-212087000.0,-30804000.0,122691000.0,-5182000.0,117509000,117509000,-7703000.0,106105000,106105000,106105000,712622000.0,374371000.0,47252000.0,1260999000.0,447933000.0,57189000.0,150468000.0,655590000.0,1916589000,245498000.0,566646000.0,130984000.0,697630000,844607000.0,373441000.0,1218959000.0,1916589000,106105000.0,12632000.0,24258000.0,-3206000.0,139789000.0,-57717000.0,2245000.0,-55266000.0,565000.0,-30923000.0,49962000,2018-06-29,345.7099914550781,346.1300048828125,341.70001220703125,342.1400146484375,342.1400146484375,937600.0
2018-09-30,505289000.0,-133508000.0,371781000.0,-246573000.0,-213873000.0,-32700000.0,125208000.0,1397000.0,126605000,126605000,-24601000.0,100872000,100872000,100872000,605157000.0,420276000.0,48858000.0,1224182000.0,491630000.0,56087000.0,156506000.0,704223000.0,1928405000,262100000.0,618209000.0,117213000.0,735422000,865279000.0,328432000.0,1192983000.0,1928405000,100872000.0,14119000.0,25530000.0,-44256000.0,96265000.0,-53738000.0,-19222000.0,-78024000.0,-141980000.0,-144406000.0,-127132000,2018-09-28,389.8500061035156,395.2300109863281,387.9599914550781,391.2200012207031,391.2200012207031,495700.0
2018-12-31,534020000.0,-150924000.0,383096000.0,-262623000.0,-226819000.0,-35804000.0,120473000.0,1519000.0,121992000,121992000,-22517000.0,97392000,97392000,97392000,735359000.0,439009000.0,55641000.0,1302479000.0,521329000.0,55025000.0,173625000.0,749979000.0,2052458000,298935000.0,692073000.0,107494000.0,799567000,877522000.0,378143000.0,1252891000.0,2052458000,97392000.0,16542000.0,9090000.0,118271000.0,241295000.0,-54279000.0,80066000.0,30948000.0,-49972000.0,-54283000.0,216117000,2018-12-31,209.88999938964844,214.17999267578125,206.67999267578125,209.42999267578125,209.42999267578125,809300.0
2019-03-31,548971000.0,-146875000.0,402096000.0,-314395000.0,-247110000.0,-37503000.0,87701000.0,-3113000.0,84588000,84588000,-8796000.0,71848000,71848000,71848000,774510000.0,479281000.0,68489000.0,1439113000.0,575267000.0,0.0,220050000.0,795317000.0,2234430000,315266000.0,804884000.0,173842000.0,978726000,855964000.0,402021000.0,1255704000.0,2234430000,71848000.0,22678000.0,70148000.0,-47467000.0,117207000.0,-35261000.0,-36790000.0,-74418000.0,-40391000.0,-92762000.0,-48884000,2019-03-29,281.3599853515625,284.6099853515625,277.79000854492193,284.3299865722656,284.3299865722656,1182400.0
2019-06-30,600697000.0,-168408000.0,432289000.0,-306799000.0,-267948000.0,-38851000.0,125490000.0,17357000.0,142847000,193847000,-43121000.0,147142000,147142000,147142000,720922000.0,520094000.0,81124000.0,1457374000.0,599611000.0,44969000.0,244063000.0,888643000.0,2346017000,307584000.0,789046000.0,183289000.0,972335000,874283000.0,501275000.0,1373682000.0,2346017000,147142000.0,23491000.0,15989000.0,-9268000.0,177354000.0,-45337000.0,-195728000.0,-246602000.0,-49499000.0,-95619000.0,-164489000,2019-06-28,270.04998779296875,274.17001342773443,263.70001220703125,273.70001220703125,273.70001220703125,1413700.0
2019-09-30,607341000.0,-169787000.0,437554000.0,-310402000.0,-277514000.0,-39680000.0,127152000.0,1267000.0,128419000,128419000,-25895000.0,102524000,102524000,102524000,782373000.0,531816000.0,94795000.0,1505579000.0,606581000.0,0.0,238220000.0,844801000.0,2350380000,349432000.0,870144000.0,174687000.0,1044831000,892317000.0,415159000.0,1305549000.0,2350380000,102524000.0,11025000.0,31486000.0,89497000.0,234532000.0,-26559000.0,50219000.0,30687000.0,-191707000.0,-194782000.0,66872000,2019-09-30,176.50999450683594,181.8500061035156,176.50999450683594,180.9199981689453,180.9199981689453,948100.0
