Report Date,Revenue,Cost of Revenue,Gross Profit,Operating Expenses,"Selling, General & Administrative",Research & Development,Depreciation & Amortization,Operating Income (Loss),Non-Operating Income (Loss),"Interest Expense, Net","Pretax Income (Loss), Adj.",Pretax Income (Loss),"Income Tax (Expense) Benefit, Net",Income (Loss) from Continuing Operations,Net Income,Net Income (Common),"Cash, Cash Equivalents & Short Term Investments",Accounts & Notes Receivable,Total Current Assets,"Property, Plant & Equipment, Net",Other Long Term Assets,Total Noncurrent Assets,Total Assets,Payables & Accruals,Total Current Liabilities,Total Noncurrent Liabilities,Total Liabilities,Share Capital & Additional Paid-In Capital,Treasury Stock,Retained Earnings,Total Equity,Total Liabilities & Equity,Net Income/Starting Line,Depreciation & Amortization.1,Non-Cash Items,Change in Working Capital,Net Cash from Operating Activities,Change in Fixed Assets & Intangibles,Net Cash from Acquisitions & Divestitures,Net Cash from Investing Activities,Cash from (Repurchase of) Equity,Net Cash from Financing Activities,Net Change in Cash,Price Date,Open,High,Low,Close,Adj Close,Volume
2010-09-30,139843000.0,-25279000.0,114564000.0,-62687000.0,-36954000.0,-21696000.0,-4037000.0,51877000.0,-985000.0,-411000.0,50892000,50892000,-14762000.0,36130000,36130000,36130000,495836000.0,54042000.0,686392000.0,34715000.0,1397375000.0,1432090000.0,2118482000,149398000.0,355543000.0,302799000.0,658342000,837602000.0,0.0,606193000.0,1460140000.0,2118482000,36130000.0,15152000.0,-5154000.0,26135000.0,72263000.0,-4736000.0,0.0,-4714000.0,2803000.0,-1340000.0,79228000,2010-09-30,42.52000045776367,42.83000183105469,42.18000030517578,42.25,42.25,1092500.0
2011-12-31,198209000.0,-33342000.0,164867000.0,-91724000.0,-56571000.0,-29751000.0,-5402000.0,73143000.0,-23000.0,-198000.0,73120000,73120000,-25663000.0,47457000,47457000,47457000,472404000.0,84602000.0,740033000.0,45638000.0,1662799000.0,1708437000.0,2448470000,105173000.0,438751000.0,255246000.0,693997000,906589000.0,0.0,836008000.0,1754473000.0,2448470000,47457000.0,19039000.0,3669000.0,7449000.0,77614000.0,-9539000.0,267000.0,-9311000.0,7962000.0,332000.0,65530000,2011-12-30,56.97000122070313,57.56000137329102,56.86999893188477,57.27999877929688,57.27999877929688,475900.0
2012-06-30,195016000.0,-34737000.0,160279000.0,-89145000.0,-48980000.0,-33415000.0,-6750000.0,71134000.0,125000.0,164000.0,71259000,71259000,-20997000.0,50262000,50262000,50262000,551952000.0,83935000.0,841153000.0,51659000.0,1620410000.0,1672069000.0,2513222000,90585000.0,463917000.0,228456000.0,692373000,935908000.0,-54192000.0,931809000.0,1820849000.0,2513222000,50262000.0,21205000.0,-1707000.0,5109000.0,74869000.0,-9587000.0,0.0,-9510000.0,-55950000.0,-64514000.0,-6362000,2012-06-29,61.88000106811523,63.52999877929688,61.88000106811523,63.11000061035156,63.11000061035156,630000.0
2012-09-30,196909000.0,-33756000.0,163153000.0,-89501000.0,-49195000.0,-33506000.0,-6800000.0,73652000.0,-213000.0,142000.0,73439000,73439000,-21820000.0,51619000,51619000,51619000,555341000.0,77861000.0,825831000.0,51178000.0,1681295000.0,1732473000.0,2558304000,97515000.0,453107000.0,208707000.0,661814000,936307000.0,-37618000.0,983428000.0,1896490000.0,2558304000,51619000.0,21752000.0,-503000.0,-2507000.0,70361000.0,-3552000.0,-46395000.0,-49911000.0,6885000.0,-20972000.0,3403000,2012-09-28,72.75,73.61000061035156,72.18000030517578,73.4000015258789,73.4000015258789,507600.0
2012-12-31,220748000.0,-36681000.0,184067000.0,-102428000.0,-61754000.0,-34206000.0,-6468000.0,81639000.0,-85000.0,310000.0,81554000,81554000,-25491000.0,56063000,56063000,56063000,577155000.0,96598000.0,913359000.0,52253000.0,1641805000.0,1694058000.0,2607417000,117036000.0,477387000.0,189739000.0,667126000,928300000.0,-36151000.0,1039491000.0,1940291000.0,2607417000,56063000.0,21753000.0,-2887000.0,-5341000.0,69588000.0,-6095000.0,1320000.0,-4791000.0,-21175000.0,-41762000.0,21816000,2012-12-31,67.02999877929689,67.77999877929689,66.88999938964844,67.33999633789061,67.33999633789061,284300.0
2013-03-31,197732000.0,-36234000.0,161498000.0,-91949000.0,-50013000.0,-36007000.0,-5929000.0,69549000.0,40000.0,361000.0,69589000,69589000,-18566000.0,51023000,51023000,51023000,651481000.0,80291000.0,931608000.0,50822000.0,1617270000.0,1668092000.0,2599700000,85204000.0,419306000.0,174506000.0,593812000,917268000.0,-1620000.0,1090514000.0,2005888000.0,2599700000,51023000.0,20683000.0,3464000.0,20264000.0,95434000.0,-4087000.0,0.0,-4117000.0,14194000.0,-11883000.0,74290000,2013-03-28,80.0,81.55000305175781,78.69000244140625,81.41999816894531,81.41999816894531,403200.0
2013-06-30,214850000.0,-36680000.0,178170000.0,-99745000.0,-55262000.0,-38670000.0,-5813000.0,78425000.0,200000.0,373000.0,78625000,78625000,-22680000.0,55945000,55945000,55945000,659864000.0,84101000.0,915484000.0,50279000.0,1610273000.0,1660552000.0,2576036000,94475000.0,425666000.0,152535000.0,578201000,922555000.0,-65528000.0,1146459000.0,1997835000.0,2576036000,55945000.0,20702000.0,816000.0,9685000.0,87148000.0,-4593000.0,-4224000.0,-8835000.0,-69474000.0,-67513000.0,8410000,2013-06-28,74.05000305175781,74.05000305175781,72.70999908447266,73.0999984741211,73.0999984741211,571900.0
2013-09-30,212658000.0,-35169000.0,177489000.0,-95852000.0,-51345000.0,-38882000.0,-5625000.0,81637000.0,73000.0,430000.0,81710000,81710000,-19280000.0,62430000,62430000,62430000,707774000.0,79912000.0,959956000.0,54952000.0,1603371000.0,1658323000.0,2618279000,101817000.0,386956000.0,143025000.0,529981000,922712000.0,-43129000.0,1208889000.0,2088298000.0,2618279000,62430000.0,19878000.0,-3283000.0,-13585000.0,65440000.0,-5467000.0,0.0,-5469000.0,11443000.0,-16294000.0,47931000,2013-09-30,86.48999786376953,87.33000183105469,85.13999938964844,86.5199966430664,86.5199966430664,371900.0
2013-12-31,236020000.0,-38609000.0,197411000.0,-105159000.0,-62287000.0,-37880000.0,-4992000.0,92252000.0,313000.0,508000.0,92565000,92565000,-16636000.0,75929000,75929000,75929000,742986000.0,97845000.0,1067596000.0,60538000.0,1594248000.0,1654786000.0,2722382000,130607000.0,440431000.0,145705000.0,586136000,926963000.0,-72891000.0,1284818000.0,2136246000.0,2722382000,75929000.0,19438000.0,1843000.0,-12249000.0,84961000.0,-14701000.0,0.0,-14756000.0,-35301000.0,-34069000.0,35152000,2013-12-31,87.19999694824219,87.56999969482422,86.62000274658203,87.19999694824219,87.19999694824219,310100.0
2014-03-31,215271000.0,-37745000.0,177526000.0,-98464000.0,-53550000.0,-40120000.0,-4794000.0,79062000.0,395000.0,593000.0,79457000,79457000,-22915000.0,56542000,56542000,56542000,858243000.0,83418000.0,1132262000.0,59631000.0,1601336000.0,1660967000.0,2793229000,109075000.0,441747000.0,142769000.0,584516000,916929000.0,-48456000.0,1341360000.0,2208713000.0,2793229000,56542000.0,19458000.0,4472000.0,51167000.0,131639000.0,-4092000.0,-18398000.0,-22533000.0,8572000.0,5501000.0,115198000,2014-03-31,76.6500015258789,77.19000244140625,75.98999786376953,77.0199966430664,77.0199966430664,887200.0
2014-06-30,232375000.0,-38678000.0,193697000.0,-110165000.0,-62280000.0,-42098000.0,-5787000.0,83532000.0,350000.0,529000.0,83882000,83882000,-20846000.0,63036000,63036000,63036000,783559000.0,88544000.0,1064657000.0,62487000.0,1672052000.0,1734539000.0,2799196000,112271000.0,447037000.0,132387000.0,579424000,917920000.0,-103314000.0,1404396000.0,2219772000.0,2799196000,63036000.0,20414000.0,2516000.0,-6133000.0,79833000.0,-7831000.0,-84119000.0,-92035000.0,-66508000.0,-64199000.0,-74769000,2014-06-30,75.30000305175781,76.08000183105469,75.13999938964844,75.81999969482422,75.81999969482422,737400.0
2014-09-30,234000000.0,-37194000.0,196806000.0,-105998000.0,-58172000.0,-41033000.0,-6793000.0,90808000.0,111000.0,506000.0,90919000,90919000,-25440000.0,65479000,65479000,65479000,817470000.0,83253000.0,1075020000.0,65099000.0,1648919000.0,1714018000.0,2789038000,106142000.0,407280000.0,126041000.0,533321000,912309000.0,-107850000.0,1469875000.0,2255717000.0,2789038000,65479000.0,21351000.0,-1057000.0,-4211000.0,81562000.0,-8705000.0,0.0,-8746000.0,-23954000.0,-23271000.0,33890000,2014-09-30,75.58999633789062,76.04000091552734,75.12999725341797,75.66999816894531,75.66999816894531,307600.0
2014-12-31,254375000.0,-39769000.0,214606000.0,-120558000.0,-72374000.0,-42170000.0,-6014000.0,94048000.0,-167000.0,595000.0,93881000,93881000,-24248000.0,69633000,69633000,69633000,788778000.0,101229000.0,1082315000.0,64643000.0,1605921000.0,1670564000.0,2752879000,132411000.0,465075000.0,70303000.0,535378000,905757000.0,-196010000.0,1539508000.0,2217501000.0,2752879000,69633000.0,20701000.0,512000.0,1427000.0,92273000.0,-5395000.0,-499000.0,-5956000.0,-108580000.0,-103673000.0,-28741000,2014-12-31,83.08000183105469,83.4800033569336,81.91000366210938,82.0,82.0,304600.0
2015-03-31,217781000.0,-35888000.0,181893000.0,-101835000.0,-56749000.0,-40009000.0,-5077000.0,80058000.0,1269000.0,502000.0,81327000,81327000,-25195000.0,56132000,56132000,56132000,761183000.0,80949000.0,1029288000.0,62496000.0,1589310000.0,1651806000.0,2681094000,100183000.0,444111000.0,85718000.0,529829000,892011000.0,-287002000.0,1595640000.0,2151265000.0,2681094000,56132000.0,19428000.0,12647000.0,25913000.0,114120000.0,-3622000.0,-10477000.0,-14166000.0,-109857000.0,-111523000.0,-27670000,2015-03-31,87.80999755859375,88.95999908447266,87.38999938964844,88.19000244140625,88.19000244140625,456100.0
2015-06-30,235485000.0,-37785000.0,197700000.0,-111205000.0,-63524000.0,-42646000.0,-5035000.0,86495000.0,764000.0,673000.0,87259000,87259000,-24924000.0,62335000,62335000,62335000,841170000.0,87960000.0,1110355000.0,60664000.0,1575011000.0,1635675000.0,2746030000,92748000.0,430310000.0,74415000.0,504725000,889469000.0,-261627000.0,1657975000.0,2241305000.0,2746030000,62335000.0,19707000.0,2485000.0,-18115000.0,66412000.0,-4060000.0,101000.0,-4003000.0,10816000.0,12620000.0,79960000,2015-06-30,91.45999908447266,91.76000213623048,90.4800033569336,91.23999786376952,91.23999786376952,401500.0
2015-09-30,237840000.0,-36581000.0,201259000.0,-111076000.0,-61367000.0,-44784000.0,-4925000.0,90183000.0,196000.0,579000.0,90379000,90379000,-24346000.0,66033000,66033000,66033000,776923000.0,91470000.0,1045264000.0,58590000.0,1597712000.0,1656302000.0,2701566000,92229000.0,411957000.0,78013000.0,489970000,892852000.0,-358898000.0,1724008000.0,2211596000.0,2701566000,66033000.0,19647000.0,-309000.0,-7576000.0,77795000.0,-3083000.0,-30516000.0,-33490000.0,-107144000.0,-106535000.0,-64115000,2015-09-30,87.98999786376953,88.52999877929688,86.83000183105469,88.13999938964844,88.13999938964844,696000.0
2015-12-31,251647000.0,-36992000.0,214655000.0,-117712000.0,-71963000.0,-41392000.0,-4357000.0,96943000.0,857000.0,1075000.0,97800000,97800000,-29779000.0,68021000,68021000,68021000,784614000.0,91579000.0,1076426000.0,61924000.0,1591554000.0,1653478000.0,2729904000,119502000.0,484146000.0,51331000.0,535477000,895401000.0,-440839000.0,1792029000.0,2194427000.0,2729904000,68021000.0,18888000.0,6649000.0,23814000.0,117372000.0,-5380000.0,-5225000.0,-10373000.0,-88102000.0,-94489000.0,7929000,2015-12-31,93.58999633789062,94.16999816894531,92.2699966430664,92.5,92.5,298900.0
2016-03-31,225906000.0,-35285000.0,190621000.0,-105599000.0,-57769000.0,-44672000.0,-3158000.0,85022000.0,756000.0,864000.0,85778000,85778000,-29310000.0,56468000,56468000,56468000,863877000.0,82498000.0,1118679000.0,60151000.0,1579998000.0,1640149000.0,2758828000,99684000.0,474824000.0,50101000.0,524925000,883370000.0,-456871000.0,1848497000.0,2233903000.0,2758828000,56468000.0,17432000.0,13508000.0,21167000.0,108575000.0,-2695000.0,0.0,-2691000.0,-32548000.0,-36201000.0,79267000,2016-03-31,88.56999969482422,89.68000030517578,87.91000366210938,89.45999908447266,89.45999908447266,400600.0
2016-06-30,246069000.0,-37011000.0,209058000.0,-114903000.0,-64259000.0,-47443000.0,-3201000.0,94155000.0,1323000.0,1077000.0,95478000,95478000,-25850000.0,69628000,69628000,69628000,843765000.0,85506000.0,1109742000.0,58095000.0,1579824000.0,1637919000.0,2747661000,91908000.0,467710000.0,44091000.0,511801000,885607000.0,-527931000.0,1918125000.0,2235860000.0,2747661000,69628000.0,17444000.0,6040000.0,-19315000.0,73797000.0,-3373000.0,0.0,-13633000.0,-78793000.0,-81193000.0,-20080000,2016-06-30,88.55999755859375,90.76000213623048,88.41999816894531,90.75,90.75,690200.0
2016-09-30,245862000.0,-35586000.0,210276000.0,-110177000.0,-61537000.0,-45418000.0,-3222000.0,100099000.0,894000.0,1083000.0,100993000,100993000,-31436000.0,69557000,69557000,69557000,838272000.0,85273000.0,1100151000.0,55628000.0,1574578000.0,1630206000.0,2730357000,94458000.0,454437000.0,46155000.0,500592000,885393000.0,-605413000.0,1987682000.0,2229765000.0,2730357000,69557000.0,17444000.0,2709000.0,-5311000.0,84399000.0,-2151000.0,0.0,-3250000.0,-88600000.0,-88640000.0,-5439000,2016-09-30,91.61000061035156,92.86000061035156,91.29000091552734,92.61000061035156,92.61000061035156,613600.0
2016-12-31,270628000.0,-38978000.0,231650000.0,-134684000.0,-85950000.0,-45560000.0,-3174000.0,96966000.0,1100000.0,1185000.0,98066000,98066000,-28083000.0,69983000,69983000,69983000,822860000.0,107192000.0,1169401000.0,54677000.0,1576448000.0,1631125000.0,2800526000,135821000.0,539100000.0,53021000.0,592121000,883942000.0,-675550000.0,2057665000.0,2208405000.0,2800526000,69983000.0,17267000.0,3468000.0,8491000.0,99209000.0,-4224000.0,-7891000.0,-12599000.0,-82583000.0,-82596000.0,-15437000,2016-12-30,92.9499969482422,92.97000122070312,92.18000030517578,92.48999786376952,92.48999786376952,222000.0
2017-03-31,253405000.0,-37031000.0,216374000.0,-130902000.0,-73417000.0,-54378000.0,-3107000.0,85472000.0,95000.0,1249000.0,85567000,85567000,-22261000.0,63306000,63306000,63306000,866556000.0,92332000.0,1182069000.0,54513000.0,1558111000.0,1612624000.0,2794693000,114018000.0,528726000.0,54522000.0,583248000,854410000.0,-713853000.0,2120971000.0,2211445000.0,2794693000,63306000.0,16591000.0,20481000.0,25515000.0,125893000.0,-4057000.0,-5864000.0,-10885000.0,-69854000.0,-78334000.0,43709000,2017-03-31,106.86000061035156,107.31999969482422,106.41000366210938,106.87000274658205,106.87000274658205,308900.0
2017-06-30,263924000.0,-36338000.0,227586000.0,-129192000.0,-77051000.0,-49002000.0,-3139000.0,98394000.0,1478000.0,1668000.0,99872000,99872000,-30142000.0,69730000,69730000,69730000,863482000.0,83223000.0,1145680000.0,53930000.0,1561355000.0,1615285000.0,2760965000,103141000.0,514787000.0,56763000.0,571550000,856714000.0,-814424000.0,2190701000.0,2189415000.0,2760965000,69730000.0,16418000.0,10052000.0,15982000.0,112182000.0,-3445000.0,0.0,-14365000.0,-111811000.0,-112368000.0,-8192000,2017-06-30,120.62999725341795,122.38999938964844,120.62999725341795,121.68000030517578,121.68000030517578,1323500.0
2017-09-30,275585000.0,-35983000.0,239602000.0,-133419000.0,-80015000.0,-50144000.0,-3260000.0,106183000.0,1742000.0,1910000.0,107925000,107925000,-34295000.0,73630000,73630000,73630000,926635000.0,91356000.0,1201674000.0,57160000.0,1587179000.0,1644339000.0,2846013000,114625000.0,496352000.0,62407000.0,558759000,866362000.0,-804012000.0,2264331000.0,2287254000.0,2846013000,73630000.0,16930000.0,6281000.0,-7956000.0,88885000.0,-7313000.0,-20134000.0,-36373000.0,6366000.0,5328000.0,61575000,2017-09-29,121.66999816894531,122.83000183105469,121.33999633789062,122.7300033569336,122.7300033569336,469300.0
2017-12-31,302336000.0,-40812000.0,261524000.0,-160845000.0,-108157000.0,-49222000.0,-3466000.0,100679000.0,1651000.0,2135000.0,102330000,102330000,-49745000.0,52585000,52585000,52585000,881787000.0,124659000.0,1270266000.0,57096000.0,1614261000.0,1671357000.0,2941623000,168062000.0,608553000.0,87239000.0,695792000,874289000.0,-907530000.0,2316916000.0,2245831000.0,2941623000,52585000.0,17739000.0,15142000.0,18012000.0,103478000.0,-4334000.0,-37887000.0,-35820000.0,-108240000.0,-109277000.0,-38070000,2017-12-29,147.89999389648438,149.17999267578125,147.52000427246094,147.58999633789062,147.58999633789062,372300.0
2018-03-31,282873000.0,-39038000.0,243835000.0,-148774000.0,-87809000.0,-57530000.0,-3435000.0,95061000.0,1977000.0,2285000.0,97038000,97038000,-12758000.0,84280000,84280000,84280000,889768000.0,256560000.0,1327329000.0,55806000.0,1576031000.0,1631837000.0,2959166000,130374000.0,442092000.0,109714000.0,551806000,834346000.0,-981713000.0,2584328000.0,2407360000.0,2959166000,84280000.0,16613000.0,12360000.0,19168000.0,132421000.0,-2933000.0,0.0,-7236000.0,-105072000.0,-129405000.0,3992000,2018-03-29,156.00999450683594,158.91000366210938,154.17999267578125,156.69000244140625,156.69000244140625,600600.0
2018-06-30,305913000.0,-40450000.0,265463000.0,-156910000.0,-95058000.0,-58357000.0,-3495000.0,108553000.0,1169000.0,2176000.0,109722000,109722000,-17126000.0,92596000,92596000,92596000,696163000.0,258280000.0,1142985000.0,56501000.0,1858764000.0,1915265000.0,3058250000,128122000.0,435001000.0,115770000.0,550771000,838256000.0,-951912000.0,2676924000.0,2507479000.0,3058250000,92596000.0,17125000.0,13223000.0,-11823000.0,111121000.0,-3818000.0,-283026000.0,-288017000.0,13843000.0,8196000.0,-189599000,2018-06-29,173.3800048828125,175.33999633789062,173.17999267578125,174.17999267578125,174.17999267578125,700700.0
2018-09-30,289418000.0,-36308000.0,253110000.0,-160086000.0,-97576000.0,-59019000.0,-3491000.0,93024000.0,2239000.0,3213000.0,95263000,95263000,-5927000.0,89336000,89336000,89336000,729391000.0,235547000.0,1127567000.0,57902000.0,1870642000.0,1928544000.0,3056111000,142567000.0,415439000.0,92126000.0,507565000,851548000.0,-1008370000.0,2766259000.0,2548546000.0,3056111000,89336000.0,13603000.0,8557000.0,-1535000.0,109961000.0,-6326000.0,0.0,-6360000.0,-64160000.0,-66074000.0,33286000,2018-09-28,185.9199981689453,187.5200042724609,180.9900054931641,186.67999267578125,186.67999267578125,412300.0
2018-12-31,415432000.0,-40089000.0,375343000.0,-195407000.0,-133137000.0,-58896000.0,-3374000.0,179936000.0,5126000.0,3686000.0,185062000,185062000,-31899000.0,153163000,153163000,153163000,777364000.0,317700000.0,1311177000.0,61655000.0,1893132000.0,1954787000.0,3265964000,196183000.0,524767000.0,91650000.0,616417000,868394000.0,-1075879000.0,2919411000.0,2649547000.0,3265964000,153163000.0,11914000.0,17518000.0,-51110000.0,131485000.0,-8685000.0,0.0,-10618000.0,-114412000.0,-75392000.0,47959000,2018-12-31,143.9199981689453,144.8699951171875,142.1699981689453,142.94000244140625,142.94000244140625,959800.0
2019-03-31,317130000.0,-34815000.0,282315000.0,-186666000.0,-112169000.0,-70738000.0,-3759000.0,95649000.0,3017000.0,3442000.0,98666000,98666000,-12436000.0,86230000,86230000,86230000,607628000.0,268526000.0,1062811000.0,63301000.0,2246151000.0,2309452000.0,3372263000,172520000.0,503410000.0,184472000.0,687882000,825929000.0,-1077252000.0,3005641000.0,2684381000.0,3372263000,86230000.0,17898000.0,23896000.0,23554000.0,151578000.0,-6900000.0,-244323000.0,-251683000.0,-34480000.0,-69091000.0,-169748000,2019-03-29,181.97999572753903,183.1499938964844,181.19000244140625,182.7100067138672,182.7100067138672,396500.0
2019-06-30,368635000.0,-40497000.0,328138000.0,-199510000.0,-120412000.0,-75302000.0,-3796000.0,128628000.0,1313000.0,2980000.0,129941000,129941000,-20191000.0,109750000,109750000,109750000,631696000.0,297798000.0,1133345000.0,68294000.0,2311203000.0,2379497000.0,3512842000,184606000.0,505666000.0,189890000.0,695556000,840628000.0,-1069354000.0,3115391000.0,2817286000.0,3512842000,109750000.0,9620000.0,35304000.0,-66135000.0,88539000.0,-10046000.0,-41000000.0,-59594000.0,-3856000.0,-6467000.0,24064000,2019-06-28,201.4199981689453,205.0,201.3000030517578,204.82000732421875,204.82000732421875,674400.0
2019-09-30,343899000.0,-41365000.0,302534000.0,-197487000.0,-120682000.0,-73018000.0,-3787000.0,105047000.0,3782000.0,2949000.0,108829000,108829000,-19366000.0,89463000,89463000,89463000,732902000.0,295590000.0,1206226000.0,70295000.0,2305491000.0,2375786000.0,3582012000,182445000.0,473830000.0,184858000.0,658688000,866566000.0,-1057955000.0,3204854000.0,2923324000.0,3582012000,89463000.0,14698000.0,31394000.0,-15187000.0,120368000.0,-8835000.0,-9664000.0,-22171000.0,7853000.0,5522000.0,101229000,2019-09-30,217.19000244140625,221.7899932861328,217.19000244140625,221.3600006103516,221.3600006103516,386100.0
2019-12-31,486228000.0,-49596000.0,436632000.0,-250916000.0,-167937000.0,-79152000.0,-3827000.0,185716000.0,-569000.0,-36000.0,185147000,185147000,-19295000.0,165852000,165852000,165852000,872382000.0,433479000.0,1555480000.0,83636000.0,3199771000.0,3283407000.0,4838887000,268787000.0,695140000.0,690368000.0,1385508000,1189885000.0,-1041831000.0,3370706000.0,3453379000.0,4838887000,165852000.0,18300000.0,35250000.0,-79951000.0,139451000.0,-19159000.0,-492209000.0,-500100000.0,-28633000.0,499445000.0,139410000,2019-12-31,256.10000610351557,258.3599853515625,255.63999938964844,257.41000366210943,257.41000366210943,442800.0
2020-03-31,304985000.0,-50116000.0,254869000.0,-220796000.0,-130522000.0,-86112000.0,-4162000.0,34073000.0,-749000.0,-876000.0,33324000,33324000,12740000.0,46064000,46064000,46064000,718030000.0,337105000.0,1290700000.0,82471000.0,3152914000.0,3235385000.0,4526085000,184178000.0,537142000.0,696593000.0,1233735000,1119116000.0,-1153863000.0,3416770000.0,3292350000.0,4526085000,46064000.0,20702000.0,35243000.0,45403000.0,147412000.0,-6987000.0,-2348000.0,-9599000.0,-151313000.0,-288738000.0,-154346000,2020-03-31,234.50999450683602,237.57000732421875,229.1100006103516,232.47000122070312,232.47000122070312,945700.0
2020-06-30,385661000.0,-53860000.0,331801000.0,-218994000.0,-128698000.0,-86133000.0,-4163000.0,112807000.0,-222000.0,-2106000.0,112585000,112585000,-16021000.0,96564000,96564000,96564000,744979000.0,343247000.0,1294264000.0,88792000.0,3288810000.0,3377602000.0,4671866000,218708000.0,543806000.0,690012000.0,1233818000,1145139000.0,-1141040000.0,3513334000.0,3438048000.0,4671866000,96564000.0,20654000.0,32131000.0,-17757000.0,131592000.0,-9980000.0,-97846000.0,-109967000.0,6158000.0,3187000.0,26798000,2020-06-30,282.69000244140625,293.239990234375,279.989990234375,291.7300109863281,291.7300109863281,473900.0
