Report Date,Revenue,Cost of Revenue,Gross Profit,Operating Expenses,"Selling, General & Administrative",Operating Income (Loss),Non-Operating Income (Loss),"Interest Expense, Net","Pretax Income (Loss), Adj.",Pretax Income (Loss),"Income Tax (Expense) Benefit, Net",Income (Loss) from Continuing Operations,Net Extraordinary Gains (Losses),Net Income,Net Income (Common),"Cash, Cash Equivalents & Short Term Investments",Accounts & Notes Receivable,Total Current Assets,"Property, Plant & Equipment, Net",Long Term Investments & Receivables,Other Long Term Assets,Total Noncurrent Assets,Total Assets,Payables & Accruals,Short Term Debt,Total Current Liabilities,Long Term Debt,Total Noncurrent Liabilities,Total Liabilities,Total Equity,Total Liabilities & Equity,Net Income/Starting Line,Non-Cash Items,Change in Working Capital,Change in Other,Net Cash from Operating Activities,Change in Fixed Assets & Intangibles,Net Cash from Acquisitions & Divestitures,Net Cash from Investing Activities,Dividends Paid,Cash from (Repayment of) Debt,Cash from (Repurchase of) Equity,Net Cash from Financing Activities,Net Change in Cash,Price Date,Open,High,Low,Close,Adj Close,Volume
2009-06-30,1882000000.0,-1134000000.0,748000000.0,-528000000.0,-528000000.0,220000000.0,-10000000.0,-24000000.0,210000000,210000000,-57000000.0,153000000,2000000.0,149000000,149000000,1117000000.0,1937000000.0,15881000000.0,447000000.0,296000000.0,7814000000.0,8557000000.0,24438000000,13715000000.0,681000000.0,14859000000.0,1249000000.0,3571000000.0,18430000000,6008000000.0,24438000000,155000000.0,160000000.0,-711000000.0,-711000000.0,-456000000.0,-32000000.0,3000000.0,683000000.0,-42000000.0,-125000000.0,34000000.0,-163000000.0,36000000,2009-06-30,37.63999938964844,38.0,37.13000106811523,37.86999893188477,32.82960891723633,2504000.0
2009-09-30,1794000000.0,-1119000000.0,675000000.0,-481000000.0,-481000000.0,194000000.0,-16000000.0,-29000000.0,178000000,178000000,-47000000.0,131000000,3000000.0,120000000,120000000,1182000000.0,1844000000.0,12926000000.0,453000000.0,297000000.0,7965000000.0,8715000000.0,21641000000,10928000000.0,12000000.0,11217000000.0,1998000000.0,4294000000.0,15511000000,6130000000.0,21641000000,134000000.0,188000000.0,-238000000.0,-238000000.0,84000000.0,-33000000.0,-14000000.0,16000000.0,-41000000.0,967000000.0,53000000.0,-108000000.0,43000000,2009-09-30,41.27999877929688,41.43000030517578,40.43999862670898,40.68999862670898,35.40742111206055,2825700.0
2009-12-31,2073000000.0,-1330000000.0,743000000.0,-502000000.0,-502000000.0,241000000.0,-23000000.0,-31000000.0,218000000,218000000,-56000000.0,162000000,56000000.0,198000000,198000000,639000000.0,2052000000.0,13989000000.0,461000000.0,319000000.0,8189000000.0,8969000000.0,22958000000,12370000000.0,10000000.0,12640000000.0,1998000000.0,4887000000.0,17527000000,5431000000.0,22958000000,218000000.0,188000000.0,-87000000.0,-87000000.0,319000000.0,-54000000.0,-347000000.0,-292000000.0,-41000000.0,-1457000000.0,21000000.0,-394000000.0,-363000000,2009-12-31,38.7400016784668,38.7400016784668,38.34000015258789,38.34000015258789,33.486740112304695,949700.0
2010-03-31,1904000000.0,-1163000000.0,741000000.0,-468000000.0,-468000000.0,273000000.0,-26000000.0,-33000000.0,247000000,247000000,-61000000.0,186000000,0.0,178000000,178000000,734000000.0,1983000000.0,14268000000.0,452000000.0,308000000.0,7931000000.0,8691000000.0,22959000000,12358000000.0,84000000.0,12776000000.0,2013000000.0,4726000000.0,17502000000,5457000000.0,22959000000,186000000.0,106000000.0,175000000.0,175000000.0,467000000.0,-33000000.0,-47000000.0,-323000000.0,-41000000.0,25000000.0,35000000.0,14000000.0,205000000,2010-03-31,42.56999969482422,42.93999862670898,42.56999969482422,42.709999084472656,37.44694900512695,1004800.0
2010-06-30,1898000000.0,-1169000000.0,729000000.0,-461000000.0,-461000000.0,268000000.0,-24000000.0,-29000000.0,244000000,244000000,-60000000.0,184000000,-26000000.0,153000000,153000000,734000000.0,1994000000.0,15497000000.0,450000000.0,301000000.0,7708000000.0,8459000000.0,23956000000,13418000000.0,370000000.0,14138000000.0,1601000000.0,4340000000.0,18478000000,5478000000.0,23956000000,158000000.0,152000000.0,106000000.0,106000000.0,416000000.0,-38000000.0,-8000000.0,-453000000.0,-41000000.0,-127000000.0,46000000.0,-128000000.0,-162000000,2010-06-30,37.58000183105469,37.790000915527344,37.060001373291016,37.11999893188477,32.65847396850586,2249800.0
2010-09-30,1801000000.0,-1050000000.0,751000000.0,-488000000.0,-488000000.0,263000000.0,-55000000.0,-46000000.0,208000000,208000000,-61000000.0,147000000,0.0,144000000,144000000,2449000000.0,2086000000.0,14612000000.0,468000000.0,301000000.0,7977000000.0,8746000000.0,23358000000,10826000000.0,610000000.0,11819000000.0,3146000000.0,5695000000.0,17514000000,5844000000.0,23358000000,147000000.0,140000000.0,-376000000.0,-376000000.0,-89000000.0,-44000000.0,-25000000.0,-1512000000.0,-41000000.0,1726000000.0,17000000.0,1692000000.0,75000000,2010-09-30,39.47000122070313,39.709999084472656,39.02999877929688,39.11000061035156,34.550708770751946,5116100.0
2010-12-31,2909000000.0,-1715000000.0,1194000000.0,-754000000.0,-754000000.0,440000000.0,-80000000.0,-59000000.0,360000000,360000000,-118000000.0,242000000,-1000000.0,231000000,231000000,1131000000.0,2701000000.0,14519000000.0,781000000.0,312000000.0,13370000000.0,14463000000.0,28982000000,11873000000.0,492000000.0,12949000000.0,4014000000.0,7727000000.0,20676000000,8306000000.0,28982000000,241000000.0,247000000.0,-499000000.0,-499000000.0,-11000000.0,-65000000.0,-1998000000.0,-251000000.0,-52000000.0,215000000.0,96000000.0,245000000.0,11000000,2010-12-31,45.77999877929688,46.040000915527344,45.77999877929688,46.0099983215332,40.79604721069336,1360900.0
2011-03-31,2759000000.0,-1597000000.0,1162000000.0,-764000000.0,-764000000.0,398000000.0,-42000000.0,-57000000.0,356000000,356000000,-103000000.0,253000000,2000000.0,246000000,246000000,1271000000.0,2650000000.0,15211000000.0,791000000.0,318000000.0,13482000000.0,14591000000.0,29802000000,12153000000.0,502000000.0,13259000000.0,4409000000.0,8056000000.0,21315000000,8487000000.0,29802000000,255000000.0,229000000.0,-329000000.0,-329000000.0,155000000.0,-56000000.0,-3000000.0,170000000.0,-51000000.0,0.0,85000000.0,34000000.0,336000000,2011-03-31,52.43999862670898,53.09000015258789,52.43999862670898,52.959999084472656,47.112388610839844,2691000.0
2011-06-30,2811000000.0,-1612000000.0,1199000000.0,-759000000.0,-759000000.0,440000000.0,-88000000.0,-59000000.0,352000000,352000000,-87000000.0,265000000,2000000.0,258000000,258000000,815000000.0,2785000000.0,15931000000.0,798000000.0,249000000.0,13518000000.0,14565000000.0,30496000000,13317000000.0,52000000.0,13987000000.0,4479000000.0,8044000000.0,22031000000,8465000000.0,30496000000,267000000.0,198000000.0,-201000000.0,-201000000.0,264000000.0,-43000000.0,-84000000.0,10000000.0,-49000000.0,-688000000.0,77000000.0,-666000000.0,-382000000,2011-06-30,50.72999954223633,51.36000061035156,50.459999084472656,51.29999923706055,45.76592254638672,1853500.0
2011-12-31,2994000000.0,-1724000000.0,1270000000.0,-840000000.0,-840000000.0,430000000.0,-42000000.0,-55000000.0,388000000,388000000,-104000000.0,284000000,-4000000.0,277000000,277000000,1057000000.0,3183000000.0,15505000000.0,783000000.0,239000000.0,13025000000.0,14047000000.0,29552000000,12670000000.0,337000000.0,13760000000.0,4155000000.0,7672000000.0,21432000000,8120000000.0,29552000000,280000000.0,342000000.0,-391000000.0,-391000000.0,231000000.0,-90000000.0,-4000000.0,-193000000.0,-50000000.0,-64000000.0,36000000.0,-87000000.0,-23000000,2011-12-30,46.93999862670898,47.02000045776367,46.7599983215332,46.79999923706055,42.00084686279297,640500.0
2012-06-30,2821000000.0,-1639000000.0,1182000000.0,-788000000.0,-788000000.0,394000000.0,-43000000.0,-55000000.0,351000000,351000000,-96000000.0,255000000,-1000000.0,246000000,246000000,802000000.0,3075000000.0,17056000000.0,797000000.0,200000000.0,12754000000.0,13751000000.0,30807000000,14075000000.0,392000000.0,15200000000.0,4098000000.0,7397000000.0,22597000000,8210000000.0,30807000000,254000000.0,218000000.0,-188000000.0,-188000000.0,284000000.0,-58000000.0,-58000000.0,-129000000.0,-53000000.0,-158000000.0,15000000.0,-200000000.0,-37000000,2012-06-29,46.5099983215332,46.77999877929688,46.099998474121094,46.77999877929688,42.2425537109375,2400700.0
2012-09-30,2737000000.0,-1620000000.0,1117000000.0,-778000000.0,-778000000.0,339000000.0,-65000000.0,-56000000.0,274000000,274000000,-64000000.0,210000000,0.0,204000000,204000000,1008000000.0,2959000000.0,15702000000.0,814000000.0,160000000.0,12833000000.0,13807000000.0,29509000000,12862000000.0,291000000.0,13954000000.0,4111000000.0,7194000000.0,21148000000,8361000000.0,29509000000,210000000.0,213000000.0,175000000.0,175000000.0,598000000.0,-72000000.0,-14000000.0,-161000000.0,-51000000.0,-396000000.0,29000000.0,-430000000.0,4000000,2012-09-28,52.25,52.459999084472656,51.84000015258789,52.290000915527344,47.36986541748047,1056300.0
2012-12-31,3115000000.0,-1789000000.0,1326000000.0,-865000000.0,-865000000.0,461000000.0,-52000000.0,-51000000.0,409000000,409000000,-103000000.0,306000000,1000000.0,305000000,305000000,637000000.0,3101000000.0,16382000000.0,820000000.0,165000000.0,13119000000.0,14104000000.0,30486000000,14067000000.0,452000000.0,15350000000.0,3713000000.0,7331000000.0,22681000000,7805000000.0,30486000000,307000000.0,111000000.0,134000000.0,134000000.0,552000000.0,-68000000.0,-65000000.0,245000000.0,-51000000.0,-750000000.0,25000000.0,-790000000.0,1000000,2012-12-31,55.36999893188477,55.66999816894531,55.0,55.61000061035156,50.52574920654297,2205400.0
2015-12-31,1086000000.0,-625000000.0,461000000.0,919000000.0,1083000000.0,1380000000.0,-15000000.0,-64000000.0,1365000000,441000000,-20000000.0,421000000,169000000.0,584000000,584000000,740000000.0,2564000000.0,13565000000.0,765000000.0,0.0,12553000000.0,13318000000.0,26883000000,11704000000.0,562000000.0,13085000000.0,5138000000.0,7739000000.0,20824000000,6059000000.0,26883000000,421000000.0,-179000000.0,-35000000.0,-35000000.0,714000000.0,25000000.0,161000000.0,48000000.0,-83000000.0,-781000000.0,118000000.0,-759000000.0,-14000000,2015-12-31,93.11000061035156,93.51000213623048,92.19000244140624,92.20999908447266,86.6407699584961,856600.0
2016-03-31,2276000000.0,-1345000000.0,931000000.0,-309000000.0,-271000000.0,622000000.0,-49000000.0,-67000000.0,573000000,371000000,-59000000.0,312000000,25000000.0,325000000,325000000,1052000000.0,2591000000.0,14041000000.0,766000000.0,0.0,12006000000.0,12772000000.0,26813000000,11196000000.0,695000000.0,12793000000.0,5902000000.0,8673000000.0,21466000000,5347000000.0,26813000000,312000000.0,142000000.0,-310000000.0,-310000000.0,273000000.0,-37000000.0,81000000.0,-199000000.0,-82000000.0,185000000.0,-65000000.0,-4000000.0,81000000,2016-03-31,103.95999908447266,104.76000213623048,103.62000274658205,104.4499969482422,98.48543548583984,1441800.0
2016-06-30,2282000000.0,-1396000000.0,886000000.0,-273000000.0,-232000000.0,613000000.0,-71000000.0,-70000000.0,542000000,316000000,-43000000.0,273000000,35000000.0,300000000,300000000,689000000.0,2516000000.0,13801000000.0,751000000.0,0.0,12141000000.0,12892000000.0,26693000000,11574000000.0,251000000.0,12697000000.0,5907000000.0,8435000000.0,21132000000,5561000000.0,26693000000,273000000.0,130000000.0,10000000.0,10000000.0,491000000.0,-31000000.0,-161000000.0,115000000.0,-87000000.0,-511000000.0,-22000000.0,-640000000.0,-27000000,2016-06-30,106.9499969482422,109.23999786376952,106.58000183105469,109.2300033569336,103.31932830810548,1992700.0
2016-09-30,2201000000.0,-1300000000.0,901000000.0,-306000000.0,-267000000.0,595000000.0,-59000000.0,-69000000.0,536000000,309000000,-25000000.0,284000000,42000000.0,319000000,319000000,946000000.0,2391000000.0,12471000000.0,738000000.0,0.0,12043000000.0,12781000000.0,25252000000,10187000000.0,250000000.0,11366000000.0,5910000000.0,8392000000.0,19758000000,5494000000.0,25252000000,284000000.0,125000000.0,186000000.0,186000000.0,711000000.0,-39000000.0,-14000000.0,-287000000.0,-89000000.0,-290000000.0,17000000.0,-371000000.0,45000000,2016-09-30,111.4499969482422,112.91000366210938,111.4499969482422,112.48999786376952,106.7217025756836,937200.0
2017-03-31,2381000000.0,-1469000000.0,912000000.0,-362000000.0,-308000000.0,550000000.0,-70000000.0,-68000000.0,480000000,265000000,0.0,265000000,40000000.0,291000000,291000000,633000000.0,2103000000.0,15393000000.0,536000000.0,0.0,11053000000.0,11589000000.0,26982000000,10494000000.0,667000000.0,12970000000.0,5610000000.0,8186000000.0,21156000000,5826000000.0,26982000000,265000000.0,175000000.0,-258000000.0,-258000000.0,240000000.0,-34000000.0,-48000000.0,13000000.0,-87000000.0,-84000000.0,-85000000.0,-258000000.0,20000000,2017-03-31,117.87999725341795,119.0199966430664,117.73999786376952,118.69000244140624,113.27722930908205,1183400.0
2017-06-30,2368000000.0,-1466000000.0,902000000.0,-385000000.0,-331000000.0,517000000.0,-59000000.0,-63000000.0,458000000,-186000000,143000000.0,-43000000,821000000.0,769000000,769000000,3430000000.0,2191000000.0,15602000000.0,556000000.0,0.0,11031000000.0,11587000000.0,27189000000,11005000000.0,292000000.0,13375000000.0,5631000000.0,8261000000.0,21636000000,5553000000.0,27189000000,-43000000.0,360000000.0,-63000000.0,-63000000.0,260000000.0,-48000000.0,4092000000.0,1476000000.0,-95000000.0,-1355000000.0,-54000000.0,-1512000000.0,233000000,2017-06-30,133.32000732421878,133.55000305175778,132.19000244140622,132.94999694824222,127.26846313476562,1535900.0
2017-09-30,2340000000.0,-1428000000.0,912000000.0,-357000000.0,-317000000.0,555000000.0,-56000000.0,-60000000.0,499000000,200000000,-4000000.0,196000000,-4000000.0,185000000,185000000,2389000000.0,2068000000.0,14267000000.0,545000000.0,0.0,11112000000.0,11657000000.0,25924000000,10880000000.0,305000000.0,12474000000.0,5662000000.0,8203000000.0,20677000000,5247000000.0,25924000000,196000000.0,225000000.0,-568000000.0,-568000000.0,-147000000.0,-43000000.0,-22000000.0,1033000000.0,-92000000.0,-796000000.0,21000000.0,-878000000.0,65000000,2017-09-29,146.6999969482422,147.41000366210938,145.52000427246094,146.10000610351562,140.22801208496094,1292900.0
