Report Date,Revenue,Cost of Revenue,Gross Profit,Operating Expenses,"Selling, General & Administrative",Depreciation & Amortization,Operating Income (Loss),Non-Operating Income (Loss),"Interest Expense, Net","Pretax Income (Loss), Adj.",Abnormal Gains (Losses),Pretax Income (Loss),"Income Tax (Expense) Benefit, Net",Income (Loss) from Continuing Operations,Net Income,Net Income (Common),"Cash, Cash Equivalents & Short Term Investments",Accounts & Notes Receivable,Inventories,Total Current Assets,"Property, Plant & Equipment, Net",Other Long Term Assets,Total Noncurrent Assets,Total Assets,Payables & Accruals,Short Term Debt,Total Current Liabilities,Long Term Debt,Total Noncurrent Liabilities,Total Liabilities,Share Capital & Additional Paid-In Capital,Retained Earnings,Total Equity,Total Liabilities & Equity,Net Income/Starting Line,Depreciation & Amortization.1,Non-Cash Items,Change in Working Capital,Net Cash from Operating Activities,Change in Fixed Assets & Intangibles,Net Cash from Acquisitions & Divestitures,Net Cash from Investing Activities,Dividends Paid,Cash from (Repayment of) Debt,Cash from (Repurchase of) Equity,Net Cash from Financing Activities,Net Change in Cash,Price Date,Open,High,Low,Close,Adj Close,Volume
2011-12-31,3900000000.0,-3221000000.0,679000000.0,-257000000.0,-234000000.0,-23000000.0,422000000.0,-67000000.0,-39000000.0,355000000,-11000000.0,344000000,-29000000.0,312000000,290000000,290000000,1363000000.0,2459000000.0,1054000000.0,5501000000.0,2315000000.0,1312000000.0,3627000000.0,9128000000,3605000000.0,107000000.0,3712000000.0,1996000000.0,3245000000.0,6957000000,1761000000.0,110000000.0,2171000000.0,9128000000,312000000.0,119000000.0,-138000000.0,175000000.0,468000000.0,-176000000.0,5000000.0,-185000000.0,-93000000.0,-70000000.0,0.0,-286000000.0,-23000000,2011-12-30,17.988264083862305,18.139144897460934,17.67812156677246,18.055322647094727,16.499847412109375,152704.0
2012-03-31,4092000000.0,-3373000000.0,719000000.0,-249000000.0,-228000000.0,-21000000.0,470000000.0,-28000000.0,-35000000.0,442000000,-6000000.0,436000000,-77000000.0,363000000,342000000,342000000,1412000000.0,2854000000.0,1137000000.0,6016000000.0,2403000000.0,1269000000.0,3672000000.0,9688000000,3799000000.0,89000000.0,3888000000.0,1996000000.0,3155000000.0,7043000000,1765000000.0,452000000.0,2645000000.0,9688000000,363000000.0,114000000.0,19000000.0,-203000000.0,293000000.0,-260000000.0,-16000000.0,-240000000.0,0.0,-18000000.0,0.0,-23000000.0,49000000,2012-03-30,26.890193939208984,26.965633392333984,26.345348358154297,26.48784637451172,24.205907821655273,12048107.0
2012-06-30,3997000000.0,-3272000000.0,725000000.0,-249000000.0,-230000000.0,-19000000.0,476000000.0,-28000000.0,-33000000.0,448000000,-8000000.0,440000000,-98000000.0,350000000,330000000,330000000,1523000000.0,2635000000.0,1106000000.0,5850000000.0,2367000000.0,1220000000.0,3587000000.0,9437000000,3627000000.0,69000000.0,3696000000.0,1995000000.0,3078000000.0,6774000000,1745000000.0,660000000.0,2663000000.0,9437000000,350000000.0,113000000.0,-5000000.0,3000000.0,461000000.0,-140000000.0,0.0,-126000000.0,0.0,-20000000.0,-150000000.0,-170000000.0,111000000,2012-06-29,21.63453483581543,22.028499603271484,21.123218536376953,21.374685287475586,19.533246994018555,2895172.0
2012-09-30,3663000000.0,-3058000000.0,605000000.0,-235000000.0,-215000000.0,-20000000.0,370000000.0,-29000000.0,-32000000.0,341000000,-3000000.0,338000000,-52000000.0,292000000,269000000,269000000,1634000000.0,2540000000.0,1121000000.0,5897000000.0,2466000000.0,1276000000.0,3742000000.0,9639000000,3578000000.0,92000000.0,3670000000.0,1998000000.0,3099000000.0,6769000000,1724000000.0,796000000.0,2870000000.0,9639000000,292000000.0,113000000.0,4000000.0,5000000.0,414000000.0,-163000000.0,0.0,-160000000.0,0.0,17000000.0,-150000000.0,-167000000.0,111000000,2012-09-28,26.202850341796875,26.26152610778809,25.84241485595703,25.98491287231445,23.746299743652344,1754784.0
2012-12-31,3767000000.0,-3158000000.0,609000000.0,-278000000.0,-254000000.0,-24000000.0,331000000.0,-46000000.0,-36000000.0,285000000,-154000000.0,131000000,15000000.0,155000000,136000000,136000000,1105000000.0,2425000000.0,1066000000.0,5227000000.0,2860000000.0,2089000000.0,4949000000.0,10176000000,3519000000.0,140000000.0,3659000000.0,2324000000.0,3687000000.0,7346000000,1726000000.0,856000000.0,2830000000.0,10176000000,155000000.0,146000000.0,14000000.0,-5000000.0,310000000.0,-142000000.0,-980000000.0,-1105000000.0,0.0,366000000.0,-103000000.0,255000000.0,-529000000,2012-12-31,31.55909538269043,32.087173461914055,31.46689033508301,32.062026977539055,29.29986572265625,5708982.0
2013-03-31,4024000000.0,-3339000000.0,685000000.0,-256000000.0,-230000000.0,-26000000.0,429000000.0,-70000000.0,-36000000.0,359000000,-32000000.0,327000000,-37000000.0,298000000,276000000,276000000,830000000.0,2795000000.0,1148000000.0,5387000000.0,2843000000.0,2043000000.0,4886000000.0,10273000000,3571000000.0,103000000.0,3674000000.0,2375000000.0,3702000000.0,7376000000,1719000000.0,971000000.0,2897000000.0,10273000000,298000000.0,131000000.0,49000000.0,-329000000.0,149000000.0,-213000000.0,2000000.0,-205000000.0,-53000000.0,-19000000.0,-122000000.0,-216000000.0,-275000000,2013-03-28,37.31768798828125,37.31768798828125,36.89857482910156,37.217098236083984,34.145721435546875,2360470.0
2013-06-30,4240000000.0,-3464000000.0,776000000.0,-267000000.0,-241000000.0,-26000000.0,509000000.0,-31000000.0,-36000000.0,478000000,-26000000.0,452000000,-73000000.0,389000000,367000000,367000000,1001000000.0,2868000000.0,1162000000.0,5633000000.0,2875000000.0,2043000000.0,4918000000.0,10551000000,3750000000.0,59000000.0,3809000000.0,2367000000.0,3700000000.0,7509000000,1721000000.0,1177000000.0,3042000000.0,10551000000,389000000.0,132000000.0,8000000.0,-6000000.0,523000000.0,-123000000.0,0.0,-122000000.0,-53000000.0,-53000000.0,-118000000.0,-224000000.0,171000000,2013-06-28,42.74937057495117,42.958927154541016,42.47275924682617,42.48952102661133,39.12955856323242,3692096.0
2013-09-30,4017000000.0,-3338000000.0,679000000.0,-255000000.0,-228000000.0,-27000000.0,424000000.0,-30000000.0,-34000000.0,394000000,-37000000.0,357000000,-72000000.0,293000000,271000000,271000000,1053000000.0,2856000000.0,1233000000.0,5787000000.0,2982000000.0,2042000000.0,5024000000.0,10811000000,3798000000.0,59000000.0,3857000000.0,2359000000.0,3731000000.0,7588000000,1721000000.0,1287000000.0,3223000000.0,10811000000,293000000.0,138000000.0,28000000.0,-61000000.0,398000000.0,-176000000.0,-12000000.0,-168000000.0,-53000000.0,-8000000.0,-113000000.0,-192000000.0,52000000,2013-09-30,48.57501983642578,49.03604507446289,48.03855895996094,48.96898651123047,45.23202896118164,2496949.0
2013-12-31,2770000000.0,-2133000000.0,637000000.0,-235000000.0,-217000000.0,-18000000.0,402000000.0,-30000000.0,-37000000.0,372000000,-42000000.0,330000000,-58000000.0,261000000,298000000,298000000,1389000000.0,2662000000.0,1093000000.0,5752000000.0,3216000000.0,2079000000.0,5295000000.0,11047000000,3833000000.0,61000000.0,3894000000.0,2351000000.0,3719000000.0,7613000000,1702000000.0,1446000000.0,3434000000.0,11047000000,261000000.0,98000000.0,-95000000.0,322000000.0,680000000.0,-105000000.0,12000000.0,-160000000.0,-52000000.0,-5000000.0,-104000000.0,-190000000.0,336000000,2013-12-31,50.226318359375,50.46940612792969,50.00838088989258,50.40234756469727,46.69990158081055,837486.0
2014-06-30,4062000000.0,-3262000000.0,800000000.0,-284000000.0,-261000000.0,-23000000.0,516000000.0,-30000000.0,-33000000.0,486000000,-54000000.0,432000000,-56000000.0,379000000,382000000,382000000,1166000000.0,3049000000.0,1262000000.0,6082000000.0,3311000000.0,2059000000.0,5370000000.0,11452000000,3966000000.0,32000000.0,3998000000.0,2420000000.0,3770000000.0,7768000000,1698000000.0,1646000000.0,3684000000.0,11452000000,379000000.0,135000000.0,34000000.0,49000000.0,627000000.0,-145000000.0,0.0,-166000000.0,-76000000.0,3000000.0,-205000000.0,-278000000.0,188000000,2014-06-30,57.31768798828125,57.96311950683594,57.01592636108398,57.61944580078125,53.79712677001953,4777011.0
2014-09-30,3762000000.0,-3041000000.0,721000000.0,-283000000.0,-259000000.0,-24000000.0,438000000.0,-28000000.0,-33000000.0,410000000,-46000000.0,364000000,-56000000.0,313000000,305000000,305000000,1026000000.0,2839000000.0,1227000000.0,5682000000.0,3273000000.0,1968000000.0,5241000000.0,10923000000,3807000000.0,37000000.0,3844000000.0,2417000000.0,3700000000.0,7544000000,1698000000.0,1602000000.0,3379000000.0,10923000000,313000000.0,137000000.0,31000000.0,19000000.0,499000000.0,-184000000.0,0.0,-191000000.0,-75000000.0,3000000.0,-304000000.0,-430000000.0,-140000000,2014-09-30,52.63201904296875,52.7158432006836,51.3076286315918,51.41659545898438,48.181678771972656,7145593.0
2014-12-31,3778000000.0,-3004000000.0,774000000.0,-291000000.0,-268000000.0,-23000000.0,483000000.0,-33000000.0,-34000000.0,450000000,-19000000.0,431000000,-74000000.0,362000000,344000000,344000000,859000000.0,2400000000.0,1013000000.0,5224000000.0,3021000000.0,2476000000.0,5497000000.0,10721000000,3499000000.0,34000000.0,3889000000.0,2392000000.0,3819000000.0,7708000000,1703000000.0,1548000000.0,3013000000.0,10721000000,362000000.0,134000000.0,-45000000.0,379000000.0,873000000.0,-183000000.0,-345000000.0,-529000000.0,-73000000.0,-2000000.0,-362000000.0,-449000000.0,-122000000,2014-12-31,61.67644500732422,61.88600158691406,60.95557403564453,60.95557403564453,57.32398986816406,1223899.0
2015-03-31,3797000000.0,-3056000000.0,741000000.0,-279000000.0,-255000000.0,-24000000.0,462000000.0,-86000000.0,-32000000.0,376000000,-16000000.0,360000000,-61000000.0,304000000,209000000,209000000,558000000.0,2677000000.0,1081000000.0,5687000000.0,2905000000.0,1872000000.0,4777000000.0,10464000000,3368000000.0,44000000.0,3818000000.0,2673000000.0,3983000000.0,7801000000,1645000000.0,1460000000.0,2663000000.0,10464000000,304000000.0,128000000.0,39000000.0,-350000000.0,135000000.0,-213000000.0,0.0,-250000000.0,-73000000.0,217000000.0,-240000000.0,-167000000.0,-303000000,2015-03-31,66.21961212158203,67.26739501953125,66.07711791992189,66.83989715576172,63.05968856811523,2517946.0
2015-06-30,3858000000.0,-3076000000.0,782000000.0,-284000000.0,-261000000.0,-23000000.0,498000000.0,-32000000.0,-30000000.0,466000000,-17000000.0,449000000,-80000000.0,369000000,645000000,645000000,1171000000.0,2700000000.0,1150000000.0,5934000000.0,2988000000.0,1887000000.0,4875000000.0,10809000000,3556000000.0,43000000.0,3772000000.0,2693000000.0,4016000000.0,7788000000,1648000000.0,1739000000.0,3021000000.0,10809000000,369000000.0,135000000.0,45000000.0,-35000000.0,534000000.0,-170000000.0,653000000.0,458000000.0,-72000000.0,-3000000.0,-302000000.0,-377000000.0,634000000,2015-06-30,71.26571655273438,71.68482971191406,70.63704681396484,71.32439422607422,67.48831176757811,3695795.0
2015-09-30,3631000000.0,-2862000000.0,769000000.0,-272000000.0,-249000000.0,-23000000.0,497000000.0,-41000000.0,-30000000.0,456000000,-36000000.0,420000000,-61000000.0,364000000,404000000,404000000,434000000.0,2615000000.0,1187000000.0,5054000000.0,3010000000.0,2728000000.0,5738000000.0,10792000000,3509000000.0,424000000.0,4028000000.0,2698000000.0,3990000000.0,8018000000,1638000000.0,1693000000.0,2774000000.0,10792000000,364000000.0,131000000.0,-26000000.0,-75000000.0,339000000.0,-179000000.0,80000000.0,-943000000.0,-71000000.0,392000000.0,-404000000.0,-133000000.0,-776000000,2015-09-30,62.53143310546875,63.81391525268555,62.35540771484375,63.73847579956055,60.50137710571289,3125899.0
2015-12-31,-422000000.0,303000000.0,-119000000.0,-38000000.0,-38000000.0,0.0,-157000000.0,-79000000.0,-32000000.0,-236000000,4000000.0,-232000000,41000000.0,-185000000,192000000,192000000,535000000.0,2750000000.0,1181000000.0,5121000000.0,3377000000.0,3475000000.0,6852000000.0,11973000000,3745000000.0,52000000.0,3927000000.0,3956000000.0,5313000000.0,9240000000,1656000000.0,1627000000.0,2733000000.0,11973000000,-185000000.0,-50000000.0,59000000.0,287000000.0,695000000.0,56000000.0,-1663000000.0,-964000000.0,-70000000.0,677000000.0,-213000000.0,393000000.0,120000000,2015-12-31,72.0704116821289,72.6739273071289,71.70159149169922,71.86085510253906,68.41656494140625,1099469.0
2016-03-31,4051000000.0,-3262000000.0,789000000.0,-310000000.0,-277000000.0,-33000000.0,479000000.0,-40000000.0,-41000000.0,439000000,-35000000.0,404000000,-75000000.0,335000000,425000000,425000000,463000000.0,2934000000.0,1287000000.0,5082000000.0,3446000000.0,3543000000.0,6989000000.0,12071000000,3693000000.0,368000000.0,4061000000.0,3985000000.0,5366000000.0,9427000000,1605000000.0,1629000000.0,2644000000.0,12071000000,335000000.0,162000000.0,19000000.0,-248000000.0,268000000.0,-243000000.0,37000000.0,-224000000.0,-80000000.0,321000000.0,-358000000.0,-166000000.0,-116000000,2016-03-31,62.791282653808594,63.59597778320313,62.55657958984375,62.88348770141602,60.16709899902344,2400435.0
2016-06-30,4206000000.0,-3346000000.0,860000000.0,-312000000.0,-278000000.0,-34000000.0,548000000.0,-46000000.0,-41000000.0,502000000,-154000000.0,348000000,-84000000.0,271000000,258000000,258000000,437000000.0,2900000000.0,1318000000.0,5051000000.0,3430000000.0,3476000000.0,6906000000.0,11957000000,3802000000.0,97000000.0,3899000000.0,3969000000.0,5288000000.0,9187000000,1611000000.0,1749000000.0,2770000000.0,11957000000,271000000.0,190000000.0,98000000.0,16000000.0,575000000.0,-172000000.0,0.0,-166000000.0,-79000000.0,-270000000.0,-77000000.0,-429000000.0,-26000000,2016-06-30,52.80804824829102,53.31936264038086,52.045265197753906,52.47275924682617,50.41357421875,3782287.0
2016-09-30,4091000000.0,-3253000000.0,838000000.0,-312000000.0,-278000000.0,-34000000.0,526000000.0,-110000000.0,-41000000.0,416000000,-63000000.0,353000000,-57000000.0,306000000,293000000,293000000,395000000.0,2983000000.0,1375000000.0,5147000000.0,3522000000.0,3453000000.0,6975000000.0,12122000000,3805000000.0,36000000.0,3841000000.0,4038000000.0,5360000000.0,9201000000,1623000000.0,1870000000.0,2921000000.0,12122000000,306000000.0,174000000.0,70000000.0,-135000000.0,415000000.0,-202000000.0,0.0,-195000000.0,-79000000.0,-75000000.0,-95000000.0,-265000000.0,-40000000,2016-09-30,58.7175178527832,60.21793746948242,58.15591049194336,59.78206253051758,57.68852996826172,2954584.0
2016-12-31,-74000000.0,334000000.0,260000000.0,-107000000.0,-91000000.0,-16000000.0,153000000.0,-343000000.0,-32000000.0,-190000000,85000000.0,-105000000,49000000.0,-44000000,281000000,281000000,737000000.0,2130000000.0,859000000.0,5419000000.0,2325000000.0,4548000000.0,6873000000.0,12292000000,3062000000.0,10000000.0,4148000000.0,3953000000.0,5381000000.0,9529000000,1636000000.0,1980000000.0,2763000000.0,12292000000,-44000000.0,-37000000.0,-263000000.0,580000000.0,683000000.0,-43000000.0,193000000.0,7000000.0,-79000000.0,-20000000.0,-104000000.0,-221000000.0,441000000,2016-12-30,56.83989715576172,57.09136581420898,55.96814727783203,56.45431518554688,54.71499633789063,1577027.0
2017-03-31,3143000000.0,-2544000000.0,599000000.0,-254000000.0,-225000000.0,-29000000.0,345000000.0,-56000000.0,-33000000.0,289000000,-52000000.0,237000000,-19000000.0,229000000,335000000,335000000,547000000.0,3132000000.0,1375000000.0,5487000000.0,3569000000.0,3441000000.0,7010000000.0,12497000000,4084000000.0,8000000.0,4092000000.0,3991000000.0,5456000000.0,9548000000,1609000000.0,2057000000.0,2949000000.0,12497000000,229000000.0,126000000.0,29000000.0,-126000000.0,290000000.0,-179000000.0,-40000000.0,-270000000.0,-78000000.0,-4000000.0,-194000000.0,-332000000.0,-291000000,2017-03-31,67.75356292724611,68.02179718017578,67.33444976806639,67.46856689453125,65.65809631347656,2072838.0
2017-06-30,3153000000.0,-2498000000.0,655000000.0,-260000000.0,-231000000.0,-29000000.0,395000000.0,-27000000.0,-35000000.0,368000000,-31000000.0,337000000,-38000000.0,306000000,369000000,369000000,792000000.0,3127000000.0,1485000000.0,5849000000.0,3671000000.0,3536000000.0,7207000000.0,13056000000,4157000000.0,13000000.0,4170000000.0,4059000000.0,5601000000.0,9771000000,1620000000.0,2257000000.0,3285000000.0,13056000000,306000000.0,130000000.0,15000000.0,-37000000.0,599000000.0,-157000000.0,0.0,-193000000.0,-78000000.0,-1000000.0,-95000000.0,-181000000.0,245000000,2017-06-30,73.02598571777344,73.83905792236328,72.8918685913086,73.47024536132812,71.73592376708984,1912021.0
2017-09-30,3148000000.0,-2498000000.0,650000000.0,-259000000.0,-230000000.0,-29000000.0,391000000.0,-42000000.0,-35000000.0,349000000,-18000000.0,331000000,-31000000.0,306000000,395000000,395000000,557000000.0,3225000000.0,1642000000.0,6710000000.0,3819000000.0,3637000000.0,7456000000.0,14166000000,4128000000.0,15000000.0,4143000000.0,4884000000.0,6409000000.0,10552000000,1631000000.0,2485000000.0,3614000000.0,14166000000,306000000.0,136000000.0,4000000.0,-431000000.0,153000000.0,-194000000.0,0.0,-219000000.0,-77000000.0,793000000.0,-94000000.0,618000000.0,563000000,2017-09-29,81.92790985107422,83.2439193725586,81.83570861816406,82.48114013671875,80.7855224609375,2790666.0
2017-12-31,3440000000.0,-2730000000.0,710000000.0,-296000000.0,-266000000.0,-30000000.0,414000000.0,-36000000.0,-37000000.0,378000000,-28000000.0,350000000,-135000000.0,222000000,256000000,256000000,1596000000.0,2440000000.0,1083000000.0,5641000000.0,2804000000.0,3724000000.0,6528000000.0,12169000000,3523000000.0,17000000.0,3540000000.0,4132000000.0,5112000000.0,8652000000,1652000000.0,2118000000.0,3517000000.0,12169000000,222000000.0,154000000.0,-13000000.0,56000000.0,426000000.0,-218000000.0,-284000000.0,-570000000.0,-77000000.0,-9000000.0,0.0,351000000.0,241000000,2017-12-29,85.6500015258789,85.97000122070312,84.83000183105469,84.83000183105469,83.33452606201172,884800.0
2018-03-31,3630000000.0,-2947000000.0,683000000.0,-289000000.0,-259000000.0,-30000000.0,394000000.0,-4000000.0,-34000000.0,390000000,-20000000.0,370000000,-59000000.0,316000000,307000000,307000000,1345000000.0,2646000000.0,1202000000.0,5926000000.0,2890000000.0,3744000000.0,6634000000.0,12560000000,3648000000.0,60000000.0,3708000000.0,4163000000.0,5154000000.0,8862000000,1625000000.0,2278000000.0,3698000000.0,12560000000,316000000.0,155000000.0,-13000000.0,-272000000.0,155000000.0,-243000000.0,0.0,-245000000.0,-59000000.0,35000000.0,-149000000.0,-205000000.0,-251000000,2018-03-29,83.25,85.41000366210938,83.0999984741211,84.97000122070312,83.66376495361328,1604900.0
2018-06-30,3684000000.0,-2958000000.0,726000000.0,-290000000.0,-260000000.0,-30000000.0,436000000.0,-43000000.0,-36000000.0,393000000,-15000000.0,378000000,-83000000.0,303000000,291000000,291000000,970000000.0,2598000000.0,1265000000.0,5340000000.0,2972000000.0,4004000000.0,6976000000.0,12316000000,3416000000.0,22000000.0,3438000000.0,4067000000.0,5120000000.0,8558000000,1635000000.0,2510000000.0,3758000000.0,12316000000,303000000.0,156000000.0,-13000000.0,120000000.0,545000000.0,-206000000.0,-512000000.0,-716000000.0,-58000000.0,-50000000.0,0.0,-116000000.0,-375000000,2018-06-29,92.80999755859376,92.80999755859376,91.62000274658205,91.62999725341795,90.43467712402344,1426300.0
2018-09-30,3485000000.0,-2834000000.0,651000000.0,-263000000.0,-232000000.0,-31000000.0,388000000.0,-30000000.0,-34000000.0,358000000,-65000000.0,293000000,-66000000.0,231000000,222000000,222000000,771000000.0,2635000000.0,1358000000.0,5204000000.0,3056000000.0,4067000000.0,7123000000.0,12327000000,3363000000.0,24000000.0,3387000000.0,4084000000.0,5131000000.0,8518000000,1636000000.0,2610000000.0,3809000000.0,12327000000,231000000.0,163000000.0,-26000000.0,-230000000.0,171000000.0,-212000000.0,0.0,-208000000.0,-58000000.0,-4000000.0,-65000000.0,-161000000.0,-199000000,2018-09-28,83.86000061035156,84.52999877929688,83.04000091552734,83.9000015258789,82.8055191040039,1530300.0
2018-12-31,3636000000.0,-2967000000.0,669000000.0,-305000000.0,-242000000.0,-63000000.0,364000000.0,-62000000.0,-37000000.0,302000000,-9000000.0,293000000,-42000000.0,257000000,247000000,247000000,567000000.0,2487000000.0,1277000000.0,4777000000.0,3179000000.0,4524000000.0,7703000000.0,12480000000,3388000000.0,306000000.0,3694000000.0,4038000000.0,5116000000.0,8810000000,1642000000.0,2511000000.0,3670000000.0,12480000000,257000000.0,202000000.0,4000000.0,287000000.0,757000000.0,-188000000.0,-685000000.0,-879000000.0,-58000000.0,274000000.0,-285000000.0,-73000000.0,-204000000,2018-12-31,61.5,61.66999816894531,60.31999969482422,61.56999969482422,60.76680374145508,1519900.0
2019-03-31,3575000000.0,-2962000000.0,613000000.0,-290000000.0,-256000000.0,-34000000.0,323000000.0,-22000000.0,-38000000.0,301000000,-26000000.0,275000000,-33000000.0,245000000,240000000,240000000,321000000.0,2736000000.0,1326000000.0,4819000000.0,3218000000.0,4982000000.0,8200000000.0,13019000000,3472000000.0,542000000.0,4014000000.0,3995000000.0,5370000000.0,9384000000,1609000000.0,2491000000.0,3635000000.0,13019000000,245000000.0,173000000.0,21000000.0,-355000000.0,84000000.0,-238000000.0,2000000.0,-235000000.0,-57000000.0,218000000.0,-226000000.0,-99000000.0,-246000000,2019-03-29,79.3499984741211,79.95999908447266,79.08999633789062,79.48999786376953,78.67326354980469,1547400.0
2019-06-30,3627000000.0,-2958000000.0,669000000.0,-303000000.0,-260000000.0,-43000000.0,366000000.0,-37000000.0,-43000000.0,329000000,-31000000.0,298000000,-31000000.0,271000000,274000000,274000000,365000000.0,2679000000.0,1304000000.0,4854000000.0,3248000000.0,5006000000.0,8254000000.0,13108000000,3474000000.0,517000000.0,3991000000.0,3997000000.0,5385000000.0,9376000000,1621000000.0,2597000000.0,3732000000.0,13108000000,271000000.0,188000000.0,15000000.0,38000000.0,512000000.0,-216000000.0,-25000000.0,-232000000.0,-57000000.0,-39000000.0,-120000000.0,-216000000.0,61000000,2019-06-28,81.01000213623047,82.51000213623047,80.83000183105469,80.83000183105469,80.22093963623047,5891400.0
2019-09-30,3559000000.0,-2882000000.0,677000000.0,-296000000.0,-262000000.0,-34000000.0,381000000.0,-35000000.0,-42000000.0,346000000,-61000000.0,285000000,-38000000.0,252000000,246000000,246000000,341000000.0,2661000000.0,1345000000.0,5385000000.0,3145000000.0,4409000000.0,7554000000.0,12939000000,3399000000.0,444000000.0,3875000000.0,3939000000.0,5283000000.0,9158000000,1626000000.0,2745000000.0,3781000000.0,12939000000,252000000.0,178000000.0,50000000.0,-155000000.0,325000000.0,-169000000.0,0.0,-165000000.0,-56000000.0,-74000000.0,-44000000.0,-174000000.0,-25000000,2019-09-30,87.2699966430664,87.95999908447266,86.91999816894531,87.41999816894531,86.99759674072266,904700.0
2019-12-31,3596000000.0,-2909000000.0,687000000.0,-333000000.0,-298000000.0,-35000000.0,354000000.0,-56000000.0,-41000000.0,298000000,-30000000.0,268000000,-30000000.0,241000000,230000000,230000000,412000000.0,2569000000.0,1286000000.0,5319000000.0,3309000000.0,4831000000.0,8140000000.0,13459000000,3618000000.0,393000000.0,4054000000.0,3971000000.0,5394000000.0,9448000000,1648000000.0,2890000000.0,4011000000.0,13459000000,241000000.0,178000000.0,-44000000.0,328000000.0,703000000.0,-154000000.0,-311000000.0,-479000000.0,-56000000.0,-63000000.0,-30000000.0,-160000000.0,71000000,2019-12-31,95.2699966430664,95.87999725341795,94.6999969482422,94.97000122070312,94.72907257080078,673300.0
