Report Date,Revenue,Cost of Revenue,Gross Profit,Operating Expenses,"Selling, General & Administrative",Depreciation & Amortization,Operating Income (Loss),Non-Operating Income (Loss),"Interest Expense, Net","Pretax Income (Loss), Adj.",Abnormal Gains (Losses),Pretax Income (Loss),Income (Loss) from Continuing Operations,Net Extraordinary Gains (Losses),Net Income,Net Income (Common),"Cash, Cash Equivalents & Short Term Investments",Accounts & Notes Receivable,Total Current Assets,"Property, Plant & Equipment, Net",Long Term Investments & Receivables,Other Long Term Assets,Total Noncurrent Assets,Total Assets,Payables & Accruals,Short Term Debt,Total Current Liabilities,Long Term Debt,Total Noncurrent Liabilities,Total Liabilities,Share Capital & Additional Paid-In Capital,Total Equity,Total Liabilities & Equity,Net Income/Starting Line,Depreciation & Amortization.1,Non-Cash Items,Change in Working Capital,Net Cash from Operating Activities,Change in Fixed Assets & Intangibles,Net Change in Long Term Investment,Net Cash from Acquisitions & Divestitures,Net Cash from Investing Activities,Dividends Paid,Cash from (Repayment of) Debt,Cash from (Repurchase of) Equity,Net Cash from Financing Activities,Net Change in Cash,Price Date,Open,High,Low,Close,Adj Close,Volume
2010-06-30,117010000.0,-30335000.0,86675000.0,-38565000.0,-8266000.0,-30299000.0,48110000.0,-18778000.0,-18778000.0,29332000,-41496000.0,-12164000,-12164000,-60000.0,-13154000,-20393000,73254000.0,3059000.0,113973000.0,5120553000.0,77088000.0,253545000.0,5451186000.0,5565159000,323718000.0,859831000.0,2629549000.0,378580000.0,378580000.0,3008129000,2159087000.0,2557030000.0,5565159000,-12224000.0,30342000.0,44170000.0,12396000.0,74684000.0,-122919000.0,-2140000.0,-786000.0,-122187000.0,-22615000.0,86540000.0,-3351000.0,49777000.0,2274000,2010-06-30,63.81999969482422,64.68000030517578,63.06999969482422,63.36999893188477,45.30560302734375,975400.0
2010-09-30,120314000.0,-33154000.0,87160000.0,-39800000.0,-8042000.0,-31758000.0,47360000.0,-16078000.0,-16078000.0,31282000,-1300000.0,29982000,29982000,479000.0,29541000,22235000,110811000.0,4929000.0,151035000.0,5237709000.0,80941000.0,278940000.0,5597590000.0,5748625000,320387000.0,841317000.0,2465704000.0,374146000.0,374146000.0,2839850000,2504914000.0,2908775000.0,5748625000,30461000.0,32009000.0,-77000.0,-25905000.0,36488000.0,-108207000.0,-3052000.0,-749000.0,-139563000.0,-24586000.0,-179977000.0,343172000.0,140632000.0,37557000,2010-09-30,69.94999694824219,71.0,69.26000213623047,70.0,50.29656219482422,968400.0
2010-12-31,106804000.0,-28272000.0,78532000.0,-37996000.0,-8558000.0,-29438000.0,40536000.0,-17091000.0,-17091000.0,23445000,-2372000.0,21073000,21073000,70927000.0,91056000,83557000,91232000.0,5492000.0,125078000.0,5444814000.0,83899000.0,252070000.0,5780783000.0,5905861000,335371000.0,790869000.0,1126240000.0,1793293000.0,1793293000.0,2919533000,2566788000.0,2986328000.0,5905861000,92000000.0,34551000.0,-62307000.0,310000.0,64554000.0,168983000.0,-1771000.0,-717000.0,-102187000.0,-26460000.0,43376000.0,204000.0,17623000.0,-19579000,2010-12-31,73.19999694824219,73.83000183105469,73.04000091552734,73.26000213623047,52.96337890625,220100.0
2011-03-31,139920000.0,-41061000.0,98859000.0,-46079000.0,-9497000.0,-36582000.0,52780000.0,-17810000.0,-17810000.0,34970000,-2495000.0,32475000,32475000,150000.0,31696000,24365000,78196000.0,7018000.0,115727000.0,5498465000.0,88694000.0,280457000.0,5867616000.0,5983343000,314185000.0,787945000.0,2781130000.0,202521000.0,202521000.0,2983651000,2569527000.0,2999692000.0,5983343000,32625000.0,36707000.0,-3060000.0,-21804000.0,44468000.0,-74287000.0,-4019000.0,-757000.0,-86262000.0,-32012000.0,-380581000.0,796000.0,29700000.0,-13036000,2011-03-31,77.04000091552734,78.1500015258789,77.04000091552734,77.97000122070312,56.70456314086914,402100.0
2011-06-30,143321000.0,-40595000.0,102726000.0,-50937000.0,-10764000.0,-40173000.0,51789000.0,-16567000.0,-16567000.0,35222000,-1248000.0,33974000,33974000,337000.0,33373000,25986000,60925000.0,4487000.0,88844000.0,5855352000.0,88862000.0,310226000.0,6254440000.0,6343284000,334098000.0,774691000.0,2683789000.0,203638000.0,203638000.0,2887427000,3025217000.0,3455857000.0,6343284000,34311000.0,40363000.0,1955000.0,-10869000.0,65760000.0,-87475000.0,-121000.0,-1281000.0,-389521000.0,-32062000.0,-1365623000.0,451907000.0,305650000.0,-17271000,2011-06-30,77.5,78.25,77.33999633789062,77.41999816894531,56.6368293762207,400300.0
2011-09-30,138054000.0,-40859000.0,97195000.0,-49036000.0,-10289000.0,-38747000.0,48159000.0,-14273000.0,-14273000.0,33886000,-2742000.0,31144000,31144000,1851000.0,32029000,24662000,73056000.0,6599000.0,107584000.0,5925292000.0,88777000.0,333903000.0,6347972000.0,6455556000,365331000.0,760882000.0,1126213000.0,1898484000.0,1898484000.0,3024697000,3026058000.0,3430859000.0,6455556000,32995000.0,39990000.0,1720000.0,-4961000.0,69744000.0,-114587000.0,-1027000.0,-1218000.0,-119719000.0,-34981000.0,-179733000.0,1000.0,61979000.0,12131000,2011-09-30,61.9900016784668,63.13000106811523,61.31999969482422,61.38999938964844,45.25358581542969,632800.0
2011-12-31,115485000.0,-35119000.0,80366000.0,-45966000.0,-10562000.0,-35404000.0,34400000.0,-14723000.0,-14723000.0,19677000,0.0,19677000,19677000,15785000.0,34320000,26960000,78539000.0,7480000.0,109351000.0,6008440000.0,95777000.0,360561000.0,6464778000.0,6574129000,361972000.0,724305000.0,1086277000.0,2054959000.0,2054959000.0,3141236000,3029174000.0,3432893000.0,6574129000,35462000.0,40966000.0,-4902000.0,-4538000.0,66988000.0,-133611000.0,-5983000.0,-2000000.0,-138077000.0,-36191000.0,2109649000.0,952000.0,81827000.0,5483000,2011-12-30,69.31999969482422,69.86000061035156,68.76000213623047,68.97000122070311,51.20024108886719,335600.0
2012-03-31,135711000.0,-40453000.0,95258000.0,-52143000.0,-10357000.0,-41786000.0,43115000.0,-16226000.0,-16226000.0,26889000,-623000.0,26266000,26266000,6509000.0,32064000,18368000,77361000.0,8836000.0,126000000.0,6113252000.0,98152000.0,380687000.0,6592091000.0,6718091000,359964000.0,721715000.0,1081679000.0,2067772000.0,2197410000.0,3279089000,3022858000.0,3439002000.0,6718091000,32775000.0,43405000.0,-3834000.0,-22661000.0,49685000.0,-120585000.0,-653000.0,18336000.0,-124248000.0,-37475000.0,5160000.0,112000.0,71351000.0,-1178000,2012-03-30,72.73999786376953,73.27999877929688,72.48999786376953,73.12999725341797,54.65652847290039,398900.0
2012-06-30,145593000.0,-42102000.0,103491000.0,-63039000.0,-12298000.0,-50741000.0,40452000.0,-17922000.0,-17922000.0,22530000,-1602000.0,20928000,20928000,4713000.0,24790000,17616000,80937000.0,6143000.0,128977000.0,6208354000.0,104454000.0,399954000.0,6712762000.0,6841739000,386394000.0,719977000.0,1106371000.0,2278783000.0,2278783000.0,3385154000,3053891000.0,3456585000.0,6841739000,25641000.0,52355000.0,-247000.0,16093000.0,93842000.0,-136990000.0,1868000.0,-1004000.0,-168483000.0,-37494000.0,209163000.0,37428000.0,77217000.0,3576000,2012-06-29,72.0,72.75,71.62999725341797,72.72000122070312,54.75175857543945,317900.0
2012-09-30,142850000.0,-44203000.0,98647000.0,-59054000.0,-12470000.0,-46584000.0,39593000.0,-17092000.0,-17092000.0,22501000,0.0,22501000,22501000,-4196000.0,17477000,10646000,94904000.0,10124000.0,149891000.0,6300027000.0,107808000.0,407291000.0,6815126000.0,6965017000,416253000.0,719350000.0,1135603000.0,2312794000.0,2312794000.0,3448397000,3095619000.0,3516620000.0,6965017000,18305000.0,48173000.0,9712000.0,7773000.0,83963000.0,-112312000.0,-3307000.0,-124000.0,-115664000.0,-39122000.0,38158000.0,61058000.0,47636000.0,13967000,2012-09-28,73.06999969482422,73.94000244140625,72.87999725341797,73.5199966430664,55.75448608398438,424900.0
2012-12-31,150343000.0,-45998000.0,104345000.0,-59198000.0,-12622000.0,-46576000.0,45147000.0,-17944000.0,-17944000.0,27203000,-2050000.0,25153000,25153000,3654000.0,27795000,21000000,140971000.0,8449000.0,189367000.0,6424578000.0,115048000.0,421123000.0,6960749000.0,7150116000,465109000.0,716144000.0,1181253000.0,2465805000.0,2465805000.0,3647058000,3086684000.0,3503058000.0,7150116000,28807000.0,48072000.0,-798000.0,1962000.0,78043000.0,-142964000.0,-7159000.0,-1658000.0,-149705000.0,-40226000.0,144811000.0,-553000.0,118656000.0,46067000,2012-12-31,68.01999664306639,69.31999969482422,67.75,69.31999969482422,52.99864959716797,529500.0
2013-06-30,153930000.0,-46277000.0,107653000.0,-58799000.0,-12455000.0,-46344000.0,48854000.0,-15978000.0,-15978000.0,32876000,-560000.0,32316000,32316000,1021000.0,32357000,25483000,302205000.0,7577000.0,340696000.0,6453379000.0,122605000.0,462609000.0,7038593000.0,7379289000,420390000.0,711029000.0,1131419000.0,2248395000.0,2248395000.0,3379814000,3597187000.0,3999475000.0,7379289000,33337000.0,46580000.0,-3602000.0,20585000.0,96900000.0,-138070000.0,3102000.0,-2815000.0,-146948000.0,-44716000.0,-228478000.0,534469000.0,267034000.0,215204000,2013-06-28,65.98999786376953,66.66000366210939,65.16000366210939,65.72000122070311,51.19890594482422,944400.0
2013-09-30,158315000.0,-47684000.0,110631000.0,-60532000.0,-11666000.0,-48866000.0,50099000.0,-16171000.0,-16171000.0,33928000,-1432000.0,32496000,32496000,-43000.0,31493000,24579000,53839000.0,8671000.0,93164000.0,6613761000.0,129163000.0,522281000.0,7265205000.0,7358369000,506552000.0,708653000.0,1215205000.0,2162190000.0,2162190000.0,3377395000,3579054000.0,3980974000.0,7358369000,32453000.0,49102000.0,2245000.0,8435000.0,92235000.0,-151213000.0,-4796000.0,-8992000.0,-174645000.0,-52907000.0,-85612000.0,1217000.0,-168668000.0,-248366000,2013-09-30,63.91999816894531,64.5,63.15999984741211,63.849998474121094,50.26478958129883,461900.0
2013-12-31,168823000.0,-49892000.0,118931000.0,-60835000.0,-12751000.0,-48084000.0,58096000.0,-17783000.0,-17783000.0,40313000,0.0,40313000,40313000,3909000.0,43112000,36247000,57696000.0,9918000.0,95323000.0,6776914000.0,140288000.0,517239000.0,7434441000.0,7529764000,489762000.0,708831000.0,1198593000.0,2352230000.0,2352230000.0,3550823000,3572993000.0,3978941000.0,7529764000,44222000.0,48101000.0,-6357000.0,-9615000.0,76351000.0,-91096000.0,-9468000.0,-4106000.0,-200258000.0,-55180000.0,190071000.0,-1217000.0,130713000.0,3857000,2013-12-31,63.63999938964844,64.37000274658203,63.459999084472656,63.61999893188477,50.62174987792969,408700.0
2014-06-30,176402000.0,-52353000.0,124049000.0,-71150000.0,-13836000.0,-57314000.0,52899000.0,-17433000.0,-17433000.0,35466000,0.0,35466000,35466000,650000.0,34809000,27932000,61701000.0,10654000.0,96874000.0,7030117000.0,174802000.0,513856000.0,7718775000.0,7815649000,491905000.0,615551000.0,1107456000.0,2719310000.0,2719310000.0,3826766000,3543047000.0,3988883000.0,7815649000,36116000.0,57314000.0,-8402000.0,-13796000.0,71232000.0,-81337000.0,-8657000.0,-658000.0,-110458000.0,-56625000.0,83149000.0,0.0,25380000.0,-13269000,2014-06-30,76.91000366210938,77.6500015258789,76.76000213623047,77.63999938964844,62.97632217407226,551100.0
2014-09-30,185615000.0,-57423000.0,128192000.0,-70997000.0,-12609000.0,-58388000.0,57195000.0,-20555000.0,-20555000.0,36640000,-525000.0,36115000,36115000,-172000.0,34603000,27626000,67023000.0,10830000.0,102098000.0,7197630000.0,177577000.0,543009000.0,7918216000.0,8020314000,562084000.0,636825000.0,1198909000.0,2864290000.0,2864290000.0,4063199000,3523909000.0,3957115000.0,8020314000,35943000.0,58388000.0,-5314000.0,21616000.0,110633000.0,-123772000.0,-5037000.0,-66120000.0,-201162000.0,-58144000.0,166290000.0,0.0,98126000.0,5322000,2014-09-30,74.75,74.80000305175781,73.7300033569336,73.75,60.40879440307617,523000.0
2014-12-31,188674000.0,-56881000.0,131793000.0,-71834000.0,-13861000.0,-57973000.0,59959000.0,-21634000.0,-22188000.0,38325000,-51675000.0,-13350000,-13350000,7320000.0,-7392000,-16154000,86011000.0,10548000.0,123443000.0,7108610000.0,236389000.0,667594000.0,8012593000.0,8136036000,547899000.0,652209000.0,1200108000.0,3026370000.0,3026370000.0,4226478000,3461904000.0,3909558000.0,8136036000,-6030000.0,57973000.0,45966000.0,-18708000.0,79201000.0,-99497000.0,-19656000.0,-3233000.0,-160490000.0,-58317000.0,177447000.0,0.0,101332000.0,18988000,2014-12-31,89.83000183105469,90.5500030517578,88.6500015258789,88.73999786376953,73.29119873046875,404700.0
2015-03-31,196753000.0,-61223000.0,135530000.0,-73307000.0,-14387000.0,-58920000.0,62223000.0,-22662000.0,-23236000.0,39561000,-14510000.0,25051000,25051000,-43000.0,24516000,17786000,90641000.0,10627000.0,157972000.0,7388059000.0,283062000.0,576128000.0,8247249000.0,8405221000,704443000.0,760476000.0,1464919000.0,3143450000.0,3143450000.0,4608369000,3384172000.0,3796852000.0,8405221000,25008000.0,58920000.0,9984000.0,12929000.0,106841000.0,-37016000.0,-12773000.0,-2539000.0,-170052000.0,-59542000.0,138651000.0,0.0,67671000.0,4630000,2015-03-31,98.83000183105469,99.4000015258789,97.7699966430664,98.04000091552734,81.59098052978516,326200.0
2015-06-30,204156000.0,-62250000.0,141906000.0,-77160000.0,-14989000.0,-62171000.0,64746000.0,-26127000.0,-26668000.0,38619000,-189000.0,38430000,38430000,0.0,38167000,31291000,68617000.0,9279000.0,122087000.0,7442875000.0,360614000.0,599315000.0,8402804000.0,8524891000,592806000.0,771435000.0,1364241000.0,3321531000.0,3321531000.0,4685772000,3371733000.0,3839119000.0,8524891000,38430000.0,62171000.0,-7489000.0,-48553000.0,44559000.0,-96831000.0,-17491000.0,-643000.0,-145988000.0,-59554000.0,189141000.0,5052000.0,79448000.0,-22024000,2015-06-30,87.83999633789062,88.4000015258789,86.83999633789062,87.45999908447266,73.421875,384200.0
2015-09-30,218610000.0,-68846000.0,149764000.0,-83096000.0,-15143000.0,-67953000.0,66668000.0,-26969000.0,-27679000.0,39699000,0.0,39699000,39699000,0.0,39529000,32659000,76383000.0,10124000.0,123500000.0,7654209000.0,330570000.0,629065000.0,8613844000.0,8737344000,647934000.0,773619000.0,1421553000.0,3540613000.0,3540613000.0,4962166000,3356761000.0,3775178000.0,8737344000,39699000.0,67953000.0,-7411000.0,-5230000.0,95011000.0,-135913000.0,1889000.0,-4797000.0,-241450000.0,-61924000.0,221366000.0,0.0,154519000.0,7766000,2015-09-30,86.05999755859375,86.27999877929688,84.2300033569336,84.66999816894531,71.7077865600586,716500.0
2015-12-31,223955000.0,-68913000.0,155042000.0,-87347000.0,-15102000.0,-72245000.0,67695000.0,-28404000.0,-28230000.0,39291000,3686000.0,42977000,42977000,0.0,42005000,35131000,125098000.0,10485000.0,164455000.0,7629922000.0,353465000.0,733175000.0,8716562000.0,8881017000,651361000.0,809818000.0,1461179000.0,3125874000.0,3125874000.0,4587053000,3558733000.0,4293964000.0,8881017000,42977000.0,72245000.0,-10247000.0,-8775000.0,96200000.0,-164647000.0,-434000.0,-1048000.0,-164905000.0,-62070000.0,-348347000.0,73411000.0,117488000.0,48715000,2015-12-31,91.4499969482422,91.75,90.33000183105469,90.36000061035156,77.17430877685547,386100.0
2016-06-30,226076000.0,-67325000.0,158751000.0,-85553000.0,-15384000.0,-70169000.0,73198000.0,-25171000.0,-25025000.0,48027000,-156143000.0,-108116000,-108116000,0.0,-111616000,-127648000,256000000.0,9196000.0,278327000.0,7774608000.0,360050000.0,731845000.0,8866503000.0,9144830000,660816000.0,722794000.0,1383610000.0,3393743000.0,3393743000.0,4777353000,3694573000.0,4367477000.0,9144830000,-108116000.0,70169000.0,161580000.0,-53307000.0,70326000.0,-186655000.0,-19651000.0,-5497000.0,-202842000.0,-64938000.0,30893000.0,342524000.0,242779000.0,109803000,2016-06-30,101.7300033569336,103.5999984741211,101.31999969482422,103.5199966430664,89.93203735351562,497400.0
2016-09-30,230379000.0,-72002000.0,158377000.0,-92987000.0,-15854000.0,-77133000.0,65390000.0,-25577000.0,-25850000.0,39813000,-11344000.0,28469000,28469000,90000.0,24475000,5452000,157928000.0,9635000.0,183969000.0,7939179000.0,320989000.0,849764000.0,9109932000.0,9293901000,671886000.0,789450000.0,1461336000.0,3539644000.0,3539644000.0,5000980000,3650031000.0,4292921000.0,9293901000,28559000.0,77133000.0,4026000.0,10025000.0,119743000.0,-265080000.0,-2266000.0,-978000.0,-341337000.0,-67778000.0,209680000.0,0.0,124161000.0,-98072000,2016-09-30,110.3000030517578,110.61000061035156,108.61000061035156,108.7699966430664,95.16944122314452,676000.0
2016-12-31,249162000.0,-73244000.0,175918000.0,-112680000.0,-17458000.0,-95222000.0,63238000.0,-31137000.0,-31223000.0,32101000,-12309000.0,19792000,19792000,0.0,15304000,-25127000,125032000.0,9744000.0,151110000.0,9077972000.0,342477000.0,783329000.0,10203778000.0,10354888000,808585000.0,1011292000.0,1819877000.0,3152733000.0,3152733000.0,4972610000,4673527000.0,5382278000.0,10354888000,19792000.0,95222000.0,-3054000.0,-11310000.0,100650000.0,-87373000.0,-30249000.0,-4605000.0,-781327000.0,-67308000.0,-388737000.0,1064375000.0,647801000.0,-32896000,2016-12-30,110.66000366210938,112.25,110.23999786376952,111.12999725341795,97.97611236572266,553100.0
2017-06-30,273059000.0,-76980000.0,196079000.0,-123332000.0,-19234000.0,-104098000.0,72747000.0,-31159000.0,-31748000.0,41588000,-203000.0,41385000,41385000,111000.0,34221000,31630000,124877000.0,8393000.0,153272000.0,9819413000.0,424920000.0,848062000.0,11092395000.0,11245667000,815791000.0,1127348000.0,1943139000.0,3648037000.0,3648037000.0,5591176000,5060101000.0,5654491000.0,11245667000,41496000.0,104098000.0,-15380000.0,-13932000.0,116282000.0,-217203000.0,-30348000.0,-163000.0,-513364000.0,-78989000.0,343417000.0,241848000.0,373871000.0,-22664000,2017-06-30,119.23999786376952,121.08999633789062,118.98999786376952,120.47000122070312,107.77540588378906,787700.0
2017-09-30,285370000.0,-83469000.0,201901000.0,-125424000.0,-17636000.0,-107788000.0,76477000.0,-16931000.0,-31031000.0,59546000,0.0,59546000,59546000,0.0,53773000,51273000,118562000.0,9899000.0,156174000.0,10046521000.0,485262000.0,857366000.0,11389149000.0,11545323000,823472000.0,1153890000.0,1977362000.0,3663150000.0,3663150000.0,5640512000,5288720000.0,5904811000.0,11545323000,59546000.0,107788000.0,-29429000.0,-4409000.0,133496000.0,-223765000.0,-40679000.0,38491000.0,-332044000.0,-81820000.0,40401000.0,245784000.0,199097000.0,1396000,2017-09-29,117.45999908447266,119.0199966430664,117.16000366210938,118.97000122070312,107.21778869628906,771600.0
2017-12-31,298791000.0,-88073000.0,210718000.0,-126624000.0,-18910000.0,-107714000.0,84094000.0,-35706000.0,-36082000.0,48388000,-2781000.0,45607000,45607000,0.0,39388000,36831000,254381000.0,10262000.0,287448000.0,10298019000.0,523254000.0,995232000.0,11816505000.0,12103953000,855977000.0,771061000.0,1627038000.0,3993746000.0,3993746000.0,5620784000,5825256000.0,6483169000.0,12103953000,45607000.0,107714000.0,-24761000.0,-34920000.0,93640000.0,-221639000.0,-32104000.0,-77919000.0,-423362000.0,-83619000.0,-50347000.0,570006000.0,460489000.0,130911000,2017-12-29,130.72999572753906,131.07000732421878,130.33999633789062,130.58999633789062,118.50265502929688,372800.0
2018-06-30,325034000.0,-91908000.0,233126000.0,-141791000.0,-22939000.0,-118852000.0,91335000.0,-24477000.0,-38097000.0,66858000,-6311000.0,60547000,60547000,0.0,54730000,52016000,287029000.0,8704000.0,330545000.0,11190771000.0,790753000.0,1250121000.0,13231645000.0,13562190000,947950000.0,776260000.0,1724210000.0,4837845000.0,4837845000.0,6562055000,6388560000.0,7000135000.0,13562190000,60547000.0,118852000.0,-13131000.0,-36948000.0,129320000.0,-224821000.0,-51623000.0,-22161000.0,-670861000.0,-93282000.0,410250000.0,300838000.0,605167000.0,62859000,2018-06-29,126.04000091552734,127.56999969482422,125.04000091552734,126.16999816894531,116.20862579345705,945800.0
2018-09-30,341823000.0,-99759000.0,242064000.0,-142260000.0,-22660000.0,-119600000.0,99804000.0,120677000.0,-42244000.0,220481000,-1122000.0,219359000,219359000,0.0,213636000,208940000,204181000.0,11041000.0,244921000.0,11587312000.0,957356000.0,1315977000.0,13860645000.0,14105566000,1008178000.0,632792000.0,1640970000.0,5051212000.0,5051212000.0,6692182000,6802208000.0,7413384000.0,14105566000,219359000.0,119600000.0,-52637000.0,-130475000.0,155847000.0,-226715000.0,-42797000.0,35577000.0,-495250000.0,-98893000.0,69747000.0,296325000.0,251320000.0,-87961000,2018-09-28,122.8499984741211,125.88999938964844,122.8499984741211,125.79000091552734,116.74546813964844,792800.0
2018-12-31,340463000.0,-97682000.0,242781000.0,-147375000.0,-22385000.0,-124990000.0,95406000.0,-122741000.0,-40239000.0,-27335000,8704000.0,-18631000,-18631000,0.0,-24684000,-29360000,234181000.0,9798000.0,281928000.0,11913693000.0,892264000.0,1377071000.0,14183028000.0,14464956000,1091987000.0,630547000.0,1722534000.0,4847708000.0,4847708000.0,6570242000,7288064000.0,7894714000.0,14464956000,-18631000.0,124990000.0,-158169000.0,208061000.0,156251000.0,-1219626000.0,116865000.0,-107099000.0,-397611000.0,-101302000.0,-206733000.0,596769000.0,280627000.0,38250000,2018-12-31,114.0,115.26000213623048,112.76000213623048,115.23999786376952,107.867919921875,675900.0
