Report Date,Revenue,Gross Profit,Operating Expenses,"Selling, General & Administrative",Depreciation & Amortization,Operating Income (Loss),Non-Operating Income (Loss),"Interest Expense, Net","Pretax Income (Loss), Adj.",Pretax Income (Loss),"Income Tax (Expense) Benefit, Net",Income (Loss) from Continuing Operations,Net Income,Net Income (Common),"Cash, Cash Equivalents & Short Term Investments",Accounts & Notes Receivable,Total Current Assets,"Property, Plant & Equipment, Net",Long Term Investments & Receivables,Other Long Term Assets,Total Noncurrent Assets,Total Assets,Payables & Accruals,Total Current Liabilities,Long Term Debt,Total Noncurrent Liabilities,Total Liabilities,Share Capital & Additional Paid-In Capital,Treasury Stock,Retained Earnings,Total Equity,Total Liabilities & Equity,Net Income/Starting Line,Depreciation & Amortization.1,Non-Cash Items,Change in Working Capital,Change in Accounts Receivable,Change in Other,Net Cash from Operating Activities,Change in Fixed Assets & Intangibles,Net Change in Long Term Investment,Net Cash from Acquisitions & Divestitures,Net Cash from Investing Activities,Dividends Paid,Cash from (Repayment of) Debt,Cash from (Repurchase of) Equity,Net Cash from Financing Activities,Net Change in Cash,Price Date,Open,High,Low,Close,Adj Close,Volume
2010-09-30,2092000000.0,2092000000.0,-1385000000.0,-1214000000.0,-66000000.0,707000000.0,78000000.0,-27000000.0,785000000,785000000,-201000000.0,584000000,551000000,551000000,2727000000.0,2052000000.0,140670000000.0,429000000.0,1512000000.0,31893000000.0,33834000000.0,174504000000,2380000000.0,125348000000.0,4495000000.0,23522000000.0,148870000000,22401000000.0,-124000000.0,3354000000.0,25634000000.0,174504000000,584000000.0,74000000.0,-8000000.0,455000000.0,-48000000.0,503000000.0,1105000000.0,-30000000.0,-40000000.0,-8000000.0,-78000000.0,-193000000.0,-348000000.0,-144000000.0,-632000000.0,453000000,2010-09-30,169.99000549316406,172.0,169.5,170.25,128.30485534667972,728700.0
2010-12-31,2493000000.0,2493000000.0,-1553000000.0,-1756000000.0,-63000000.0,940000000.0,19000000.0,-25000000.0,959000000,959000000,-309000000.0,650000000,658000000,658000000,3460000000.0,2095000000.0,144546000000.0,428000000.0,1540000000.0,31945000000.0,33913000000.0,178459000000,2588000000.0,129950000000.0,4537000000.0,22175000000.0,152125000000,22503000000.0,-111000000.0,3798000000.0,26333000000.0,178458000000,649000000.0,79000000.0,69000000.0,276000000.0,-30000000.0,306000000.0,1073000000.0,-35000000.0,-84000000.0,-7000000.0,-147000000.0,-194000000.0,0.0,5000000.0,-166000000.0,731000000,2010-12-31,188.3000030517578,190.6000061035156,187.3600006103516,190.5800018310547,144.5126953125,480700.0
2011-03-31,2282000000.0,2282000000.0,-1484000000.0,-1422000000.0,-62000000.0,798000000.0,15000000.0,-29000000.0,813000000,813000000,-249000000.0,564000000,568000000,568000000,2912000000.0,2223000000.0,144470000000.0,479000000.0,1528000000.0,31945000000.0,33952000000.0,178422000000,1904000000.0,129918000000.0,4552000000.0,21788000000.0,151706000000,22456000000.0,-2000000.0,4077000000.0,26716000000.0,178422000000,564000000.0,73000000.0,174000000.0,-967000000.0,-130000000.0,-837000000.0,-156000000.0,-83000000.0,51000000.0,0.0,-15000000.0,-272000000.0,-104000000.0,-96000000.0,-465000000.0,-588000000,2011-03-31,198.1000061035156,201.0399932861328,198.1000061035156,201.00999450683602,153.48275756835938,2705100.0
2012-06-30,2229000000.0,2229000000.0,-1400000000.0,-1347000000.0,-53000000.0,829000000.0,-40000000.0,-44000000.0,789000000,789000000,-229000000.0,560000000,554000000,554000000,3639000000.0,2084000000.0,147512000000.0,571000000.0,1879000000.0,32518000000.0,34968000000.0,182480000000,1877000000.0,127789000000.0,7624000000.0,29769000000.0,157558000000,19226000000.0,-124000000.0,5697000000.0,24922000000.0,182480000000,560000000.0,72000000.0,213000000.0,122000000.0,222000000.0,-100000000.0,967000000.0,-57000000.0,34000000.0,-2000000.0,-60000000.0,-260000000.0,1495000000.0,-1036000000.0,158000000.0,1043000000,2012-06-29,169.8699951171875,169.8699951171875,166.97999572753906,169.82000732421875,134.95016479492188,1101200.0
2012-09-30,2320000000.0,2320000000.0,-1445000000.0,-1393000000.0,-52000000.0,875000000.0,30000000.0,-47000000.0,905000000,905000000,-250000000.0,655000000,642000000,642000000,4515000000.0,2464000000.0,157701000000.0,560000000.0,1864000000.0,32703000000.0,35127000000.0,192828000000,2631000000.0,136928000000.0,8029000000.0,30591000000.0,167519000000,19324000000.0,-274000000.0,6066000000.0,25309000000.0,192828000000,655000000.0,74000000.0,-7000000.0,299000000.0,-371000000.0,670000000.0,1021000000.0,-23000000.0,59000000.0,-55000000.0,-4000000.0,-259000000.0,0.0,-165000000.0,-426000000.0,628000000,2012-09-28,178.60000610351562,179.42999267578125,177.1199951171875,178.3000030517578,142.89892578125,612000.0
2012-12-31,2539000000.0,2539000000.0,-1534000000.0,-1482000000.0,-52000000.0,1005000000.0,-67000000.0,-48000000.0,938000000,938000000,-288000000.0,650000000,690000000,690000000,4903000000.0,2250000000.0,164942000000.0,557000000.0,1750000000.0,33202000000.0,35509000000.0,200451000000,2602000000.0,143724000000.0,8089000000.0,31110000000.0,174834000000,19421000000.0,-432000000.0,6473000000.0,25617000000.0,200451000000,650000000.0,76000000.0,-319000000.0,-53000000.0,201000000.0,-254000000.0,354000000.0,-29000000.0,299000000.0,0.0,285000000.0,-256000000.0,-500000000.0,-176000000.0,-283000000.0,383000000,2012-12-31,204.16000366210938,206.8800048828125,203.91000366210938,206.7100067138672,166.93650817871094,427900.0
2013-09-30,2472000000.0,2472000000.0,-1506000000.0,-1452000000.0,-54000000.0,966000000.0,-18000000.0,-44000000.0,948000000,948000000,-219000000.0,729000000,730000000,730000000,4080000000.0,4311000000.0,176999000000.0,523000000.0,1878000000.0,33317000000.0,35718000000.0,212717000000,4644000000.0,157563000000.0,7006000000.0,28968000000.0,186531000000,19393000000.0,-993000000.0,7678000000.0,26186000000.0,212717000000,729000000.0,71000000.0,127000000.0,219000000.0,-2046000000.0,2265000000.0,1146000000.0,-14000000.0,16000000.0,-240000000.0,-285000000.0,-287000000.0,0.0,-287000000.0,-619000000.0,319000000,2013-09-30,265.66000366210943,271.10000610351557,265.66000366210943,270.6199951171875,222.91909790039062,538000.0
2013-12-31,2777000000.0,2777000000.0,-1644000000.0,-1589000000.0,-55000000.0,1133000000.0,24000000.0,-48000000.0,1157000000,1157000000,-307000000.0,850000000,841000000,841000000,4551000000.0,2247000000.0,183699000000.0,525000000.0,2151000000.0,33498000000.0,36174000000.0,219873000000,2831000000.0,164107000000.0,7308000000.0,29096000000.0,193203000000,19475000000.0,-1210000000.0,8230000000.0,26670000000.0,219873000000,850000000.0,76000000.0,-104000000.0,344000000.0,2075000000.0,-1731000000.0,1166000000.0,-34000000.0,-163000000.0,-58000000.0,-208000000.0,-286000000.0,0.0,-231000000.0,-580000000.0,403000000,2013-12-31,317.4200134277344,318.760009765625,314.9700012207031,316.4700012207031,262.118896484375,325600.0
2014-03-31,2670000000.0,2670000000.0,-1619000000.0,-1563000000.0,-56000000.0,1051000000.0,17000000.0,-43000000.0,1068000000,1068000000,-324000000.0,744000000,756000000,756000000,4585000000.0,2868000000.0,180312000000.0,508000000.0,2092000000.0,33385000000.0,35985000000.0,216297000000,2283000000.0,163654000000.0,8180000000.0,25942000000.0,189596000000,19089000000.0,-1180000000.0,8604000000.0,26701000000.0,216297000000,744000000.0,73000000.0,429000000.0,-1452000000.0,-624000000.0,-828000000.0,-206000000.0,-15000000.0,143000000.0,0.0,133000000.0,-366000000.0,997000000.0,-575000000.0,64000000.0,4000000,2014-03-31,314.4599914550781,315.7099914550781,312.7900085449219,314.4800109863281,262.11737060546875,652100.0
2014-06-30,2778000000.0,2778000000.0,-1656000000.0,-1601000000.0,-55000000.0,1122000000.0,16000000.0,-57000000.0,1138000000,1138000000,-297000000.0,841000000,808000000,808000000,5497000000.0,4207000000.0,195257000000.0,496000000.0,2095000000.0,33845000000.0,36436000000.0,231693000000,4170000000.0,171938000000.0,8635000000.0,32689000000.0,204627000000,19183000000.0,-1416000000.0,9113000000.0,27066000000.0,231693000000,841000000.0,72000000.0,-593000000.0,418000000.0,-1340000000.0,1758000000.0,738000000.0,-19000000.0,-45000000.0,0.0,-39000000.0,-326000000.0,0.0,-257000000.0,3000000.0,733000000,2014-06-30,317.1099853515625,320.6400146484375,316.5,319.6000061035156,268.0496826171875,503500.0
2014-09-30,2849000000.0,2849000000.0,-1692000000.0,-1638000000.0,-54000000.0,1157000000.0,-52000000.0,-51000000.0,1105000000,1105000000,-232000000.0,873000000,917000000,917000000,6324000000.0,2631000000.0,186400000000.0,468000000.0,1951000000.0,33993000000.0,36412000000.0,222812000000,3063000000.0,165736000000.0,8826000000.0,29792000000.0,195528000000,19272000000.0,-1657000000.0,9660000000.0,27284000000.0,222812000000,873000000.0,70000000.0,-156000000.0,497000000.0,1538000000.0,-1041000000.0,1284000000.0,-6000000.0,102000000.0,0.0,163000000.0,-324000000.0,0.0,-253000000.0,-336000000.0,1022000000,2014-09-30,330.25,332.3299865722656,326.94000244140625,328.32000732421875,276.9656982421875,770900.0
2014-12-31,2784000000.0,2784000000.0,-1640000000.0,-1592000000.0,-48000000.0,1144000000.0,-60000000.0,-52000000.0,1084000000,1084000000,-278000000.0,806000000,813000000,813000000,6001000000.0,2120000000.0,203062000000.0,467000000.0,5241000000.0,31022000000.0,36730000000.0,239792000000,2900000000.0,170307000000.0,8311000000.0,41965000000.0,212272000000,19388000000.0,-1894000000.0,10145000000.0,27520000000.0,239792000000,806000000.0,63000000.0,179000000.0,223000000.0,504000000.0,-281000000.0,1271000000.0,-26000000.0,85000000.0,0.0,-18000000.0,-322000000.0,-1000000000.0,-255000000.0,-1592000000.0,-426000000,2014-12-31,362.3399963378906,362.9599914550781,356.9100036621094,357.55999755859375,303.26214599609375,298800.0
2015-06-30,2905000000.0,2905000000.0,-1667000000.0,-1620000000.0,-47000000.0,1238000000.0,-41000000.0,-47000000.0,1197000000,1197000000,-371000000.0,826000000,819000000,819000000,4971000000.0,2347000000.0,202666000000.0,545000000.0,2337000000.0,31460000000.0,34342000000.0,237008000000,2421000000.0,171494000000.0,4947000000.0,37384000000.0,208878000000,19254000000.0,-2191000000.0,11052000000.0,28130000000.0,237008000000,826000000.0,65000000.0,-144000000.0,258000000.0,497000000.0,-239000000.0,1005000000.0,-36000000.0,100000000.0,0.0,23000000.0,-364000000.0,37000000.0,-279000000.0,-475000000.0,630000000,2015-06-30,347.95001220703125,349.1400146484375,343.8500061035156,345.9800109863281,296.97186279296875,776700.0
2015-09-30,2910000000.0,2910000000.0,-1688000000.0,-1642000000.0,-46000000.0,1222000000.0,-48000000.0,-38000000.0,1174000000,1174000000,-342000000.0,832000000,843000000,843000000,5749000000.0,2542000000.0,188044000000.0,543000000.0,2288000000.0,31341000000.0,34172000000.0,222216000000,2904000000.0,158001000000.0,4950000000.0,35734000000.0,193735000000,19329000000.0,-2318000000.0,11533000000.0,28481000000.0,222216000000,832000000.0,68000000.0,25000000.0,426000000.0,-208000000.0,634000000.0,1351000000.0,-26000000.0,-20000000.0,0.0,-37000000.0,-362000000.0,0.0,-197000000.0,-509000000.0,766000000,2015-09-30,301.0,301.6700134277344,294.5799865722656,297.4700012207031,257.1343994140625,756200.0
2015-12-31,2863000000.0,2863000000.0,-1726000000.0,-1691000000.0,-35000000.0,1137000000.0,11000000.0,-46000000.0,1148000000,1148000000,-279000000.0,869000000,861000000,861000000,6231000000.0,2237000000.0,190655000000.0,581000000.0,2608000000.0,31417000000.0,34606000000.0,225261000000,3039000000.0,159951000000.0,4930000000.0,36266000000.0,196217000000,19407000000.0,-2489000000.0,12033000000.0,29044000000.0,225261000000,869000000.0,51000000.0,-160000000.0,397000000.0,307000000.0,90000000.0,1157000000.0,-61000000.0,-6000000.0,-185000000.0,-323000000.0,-361000000.0,0.0,-231000000.0,-364000000.0,410000000,2015-12-31,339.94000244140625,345.75,337.79998779296875,340.5199890136719,296.121826171875,500000.0
2016-12-31,2890000000.0,2890000000.0,-1665000000.0,-1634000000.0,-31000000.0,1225000000.0,-38000000.0,-44000000.0,1187000000,1187000000,-336000000.0,851000000,851000000,851000000,6091000000.0,2350000000.0,185322000000.0,559000000.0,2750000000.0,31546000000.0,34855000000.0,220177000000,2974000000.0,158126000000.0,4915000000.0,32707000000.0,190833000000,19339000000.0,-3185000000.0,13660000000.0,29344000000.0,220177000000,851000000.0,31000000.0,177000000.0,133000000.0,250000000.0,-117000000.0,1192000000.0,-31000000.0,78000000.0,0.0,55000000.0,-374000000.0,0.0,-281000000.0,-505000000.0,637000000,2016-12-30,381.55999755859375,382.3500061035156,378.6400146484375,380.5400085449219,339.46795654296875,515600.0
2017-06-30,3236000000.0,3236000000.0,-1999000000.0,-1974000000.0,-25000000.0,1237000000.0,1000000.0,-35000000.0,1238000000,1238000000,-374000000.0,864000000,854000000,854000000,5508000000.0,2984000000.0,181649000000.0,549000000.0,3260000000.0,32030000000.0,35839000000.0,217488000000,2660000000.0,156362000000.0,4970000000.0,31239000000.0,187601000000,19040000000.0,-3433000000.0,14523000000.0,29887000000.0,217488000000,861000000.0,67000000.0,43000000.0,400000000.0,713000000.0,-313000000.0,1371000000.0,-36000000.0,-204000000.0,-73000000.0,-333000000.0,-407000000.0,-700000000.0,-284000000.0,-1283000000.0,-175000000,2017-06-30,425.7999877929688,426.8699951171875,422.2799987792969,422.4100036621094,381.5326843261719,502000.0
2017-09-30,3508000000.0,3508000000.0,-2119000000.0,-2092000000.0,-27000000.0,1389000000.0,10000000.0,-31000000.0,1399000000,1399000000,-443000000.0,956000000,944000000,944000000,6165000000.0,3183000000.0,184717000000.0,571000000.0,3342000000.0,31937000000.0,35850000000.0,220567000000,3266000000.0,157719000000.0,5000000000.0,32431000000.0,190150000000,19147000000.0,-3697000000.0,15065000000.0,30417000000.0,220567000000,956000000.0,65000000.0,50000000.0,289000000.0,-205000000.0,494000000.0,1360000000.0,-45000000.0,-35000000.0,-29000000.0,-129000000.0,-405000000.0,0.0,-287000000.0,-620000000.0,670000000,2017-09-29,445.0,448.5299987792969,443.55999755859375,447.0899963378906,406.2646789550781,457700.0
2017-12-31,2923000000.0,2923000000.0,-1424000000.0,-1400000000.0,-24000000.0,1499000000.0,1000000.0,-32000000.0,1500000000,1500000000,816000000.0,2316000000,2310000000,2310000000,6894000000.0,2699000000.0,183720000000.0,592000000.0,3684000000.0,32245000000.0,36521000000.0,220241000000,3314000000.0,158773000000.0,5014000000.0,29204000000.0,187977000000,19258000000.0,-3967000000.0,16939000000.0,32264000000.0,220241000000,2319000000.0,50000000.0,-1543000000.0,462000000.0,-160000000.0,622000000.0,1288000000.0,-55000000.0,-44000000.0,0.0,-76000000.0,-403000000.0,0.0,-288000000.0,-547000000.0,696000000,2017-12-29,520.0,520.030029296875,513.7100219726561,513.7100219726561,469.1415100097656,306700.0
2018-12-31,3434000000.0,3434000000.0,-2128000000.0,-2113000000.0,-15000000.0,1306000000.0,-72000000.0,-5000000.0,1234000000,1174000000,-247000000.0,927000000,927000000,927000000,6488000000.0,2657000000.0,120085000000.0,643000000.0,4476000000.0,34369000000.0,39488000000.0,159573000000,3280000000.0,99109000000.0,6269000000.0,26924000000.0,126033000000,19170000000.0,-5387000000.0,19282000000.0,33540000000.0,159573000000,927000000.0,56000000.0,-539000000.0,79000000.0,9000000.0,70000000.0,523000000.0,-96000000.0,-19000000.0,0.0,-108000000.0,-497000000.0,40000000.0,-532000000.0,-472000000.0,-92000000,2018-12-31,389.1499938964844,393.8500061035156,385.8500061035156,392.8200073242188,367.80401611328125,612300.0
2019-06-30,3524000000.0,3524000000.0,-2246000000.0,-2221000000.0,-25000000.0,1278000000.0,57000000.0,-32000000.0,1335000000,1335000000,-322000000.0,1013000000,1003000000,1003000000,4023000000.0,2863000000.0,122139000000.0,659000000.0,4420000000.0,36129000000.0,41208000000.0,163347000000,2355000000.0,105775000000.0,6466000000.0,24912000000.0,130687000000,18949000000.0,-6659000000.0,20267000000.0,32660000000.0,163347000000,1013000000.0,100000000.0,-256000000.0,65000000.0,-32000000.0,97000000.0,922000000.0,-47000000.0,19000000.0,-1506000000.0,-1545000000.0,-515000000.0,1000000000.0,-7000000.0,604000000.0,-38000000,2019-06-28,468.55999755859375,472.3599853515625,465.6099853515625,469.2999877929688,446.14263916015625,634300.0
2019-09-30,3692000000.0,3692000000.0,-2190000000.0,-2162000000.0,-28000000.0,1502000000.0,-42000000.0,-35000000.0,1460000000,1460000000,-341000000.0,1119000000,1119000000,1119000000,4607000000.0,3026000000.0,121833000000.0,669000000.0,5015000000.0,36355000000.0,42039000000.0,163872000000,2752000000.0,105451000000.0,6118000000.0,24817000000.0,130268000000,19060000000.0,-6742000000.0,20873000000.0,33604000000.0,163872000000,1119000000.0,105000000.0,-591000000.0,298000000.0,-199000000.0,497000000.0,931000000.0,-55000000.0,-419000000.0,-4000000.0,-444000000.0,-513000000.0,44000000.0,-109000000.0,139000000.0,584000000,2019-09-30,448.0899963378906,448.9800109863281,445.0,445.6400146484375,427.0391540527344,362500.0
