Report Date,Revenue,Cost of Revenue,Gross Profit,Operating Expenses,"Selling, General & Administrative",Operating Income (Loss),Non-Operating Income (Loss),"Interest Expense, Net","Pretax Income (Loss), Adj.",Pretax Income (Loss),"Income Tax (Expense) Benefit, Net",Income (Loss) from Continuing Operations,Net Extraordinary Gains (Losses),Net Income,Net Income (Common),"Cash, Cash Equivalents & Short Term Investments",Accounts & Notes Receivable,Inventories,Total Current Assets,"Property, Plant & Equipment, Net",Other Long Term Assets,Total Noncurrent Assets,Total Assets,Payables & Accruals,Short Term Debt,Total Current Liabilities,Long Term Debt,Total Noncurrent Liabilities,Total Liabilities,Share Capital & Additional Paid-In Capital,Treasury Stock,Retained Earnings,Total Equity,Total Liabilities & Equity,Net Income/Starting Line,Depreciation & Amortization.1,Non-Cash Items,Change in Working Capital,Change in Accounts Receivable,Change in Inventories,Change in Accounts Payable,Change in Other,Net Cash from Operating Activities,Change in Fixed Assets & Intangibles,Net Cash from Acquisitions & Divestitures,Net Cash from Investing Activities,Dividends Paid,Cash from (Repayment of) Debt,Cash from (Repurchase of) Equity,Net Cash from Financing Activities,Net Change in Cash,Price Date,Open,High,Low,Close,Adj Close,Volume
2008-08-31,3056500000.0,-2465000000.0,591500000.0,-368700000.0,-368700000.0,222800000.0,-50100000.0,-50100000.0,172700000,172700000,-66000000.0,107600000,334800000.0,442400000,442400000,296400000.0,961300000.0,2040100000.0,3657700000.0,2485300000.0,5383300000.0,7868600000.0,11526300000,2113300000.0,340000000.0,2453300000.0,3048700000.0,4299100000.0,6752400000,3611800000.0,-2860800000.0,3761500000.0,4773900000.0,11526300000,107600000.0,76200000.0,-33400000.0,47800000.0,-100800000.0,-116000000.0,171000000.0,93600000.0,-437500000.0,-93500000.0,-1000000.0,2159600000.0,-92100000.0,-607100000.0,-894200000.0,-1593500000.0,124700000,2008-08-29,16.801555633544922,16.801555633544922,16.505836486816403,16.552528381347653,11.10900592803955,5480397.0
2008-11-30,3251700000.0,-2565200000.0,686500000.0,-389000000.0,-389000000.0,297500000.0,-42700000.0,-42700000.0,254800000,254800000,-84600000.0,172100000,-3600000.0,168100000,168100000,132100000.0,972100000.0,2275300000.0,3840500000.0,2558200000.0,5372000000.0,7930200000.0,11770700000,2055000000.0,616900000.0,2671900000.0,3052500000.0,4324200000.0,6996100000,3623600000.0,-2859000000.0,3844900000.0,4774600000.0,11770700000,172100000.0,78700000.0,-20600000.0,-314400000.0,1200000.0,-223200000.0,77100000.0,-169500000.0,-178200000.0,-112800000.0,-45500000.0,-158600000.0,-86100000.0,284000000.0,300000.0,189700000.0,-164300000,2008-11-28,11.042801856994627,11.478598594665527,11.042801856994627,11.478598594665527,7.788804054260254,2426851.0
2009-02-28,3125000000.0,-2385600000.0,739400000.0,-424700000.0,-424700000.0,314700000.0,-42000000.0,-42000000.0,272700000,272700000,-92000000.0,191800000,1400000.0,193200000,193200000,88200000.0,889000000.0,2149300000.0,3458400000.0,2564200000.0,5373600000.0,7937800000.0,11396200000,1649700000.0,504100000.0,2153800000.0,3072400000.0,4354100000.0,6507900000,3630400000.0,-2857300000.0,3953000000.0,4888300000.0,11396200000,191800000.0,81800000.0,29000000.0,15600000.0,70800000.0,125400000.0,-211600000.0,31000000.0,239400000.0,-95700000.0,-4100000.0,-93800000.0,-85000000.0,-94800000.0,0.0,-189600000.0,-43900000,2009-02-27,11.673151969909668,11.922179222106935,11.55642032623291,11.735408782958984,8.048686981201174,5295742.0
2009-05-31,2915400000.0,-2155300000.0,760100000.0,-500800000.0,-500800000.0,259300000.0,-51200000.0,-51200000.0,208100000,208100000,-74500000.0,143700000,31200000.0,174700000,174700000,243200000.0,755300000.0,1821700000.0,3336600000.0,2559200000.0,5177500000.0,7736700000.0,11073300000,1526300000.0,27600000.0,1574100000.0,3455400000.0,4778300000.0,6352400000,3720300000.0,-2938200000.0,4042500000.0,4720900000.0,11073300000,143700000.0,68200000.0,-20800000.0,356500000.0,103600000.0,166800000.0,-19000000.0,105100000.0,500300000.0,-109200000.0,0.0,-116000000.0,-85000000.0,-146000000.0,0.0,-233600000.0,155000000,2009-05-29,14.303502082824707,14.466925621032715,14.178988456726074,14.466925621032715,10.028536796569824,4419115.0
2009-08-31,2886300000.0,-2180100000.0,706200000.0,-421900000.0,-421900000.0,284300000.0,-41400000.0,-41400000.0,242900000,242900000,-88800000.0,163000000,2200000.0,165900000,165900000,289700000.0,886100000.0,2013300000.0,3562700000.0,2663200000.0,5004500000.0,7667700000.0,11230400000,1632500000.0,18500000.0,1651000000.0,3470600000.0,4779600000.0,6430600000,3703200000.0,-2924000000.0,4123900000.0,4799800000.0,11230400000,163000000.0,78800000.0,-4300000.0,38600000.0,-74100000.0,34500000.0,-42600000.0,120800000.0,262600000.0,-116000000.0,-3000000.0,-114100000.0,-85000000.0,-2700000.0,-14100000.0,-102800000.0,46500000,2009-08-31,15.704279899597168,16.0,15.704279899597168,15.976654052734375,11.18184757232666,5764382.0
2009-11-30,3100100000.0,-2257500000.0,842600000.0,-456100000.0,-456100000.0,386500000.0,-40500000.0,-40500000.0,346000000,346000000,-114100000.0,237800000,1400000.0,239700000,239700000,490200000.0,861600000.0,2192200000.0,3851900000.0,2690000000.0,5024600000.0,7714600000.0,11566500000,1745800000.0,261700000.0,2007500000.0,3223100000.0,4574400000.0,6581900000,3719000000.0,-2920100000.0,4274800000.0,4984600000.0,11566500000,237800000.0,80700000.0,24400000.0,65500000.0,2400000.0,-143900000.0,173500000.0,33500000.0,394600000.0,-121500000.0,0.0,-111500000.0,-84200000.0,-6300000.0,2400000.0,-86100000.0,200500000,2009-11-30,17.315174102783207,17.35408592224121,17.19066047668457,17.268482208251953,12.199254035949707,2894463.0
2010-02-28,3030500000.0,-2251900000.0,778600000.0,-418200000.0,-418200000.0,360400000.0,-39700000.0,-39700000.0,320700000,320700000,-102600000.0,221000000,7700000.0,229600000,229600000,785600000.0,877300000.0,2021200000.0,3995300000.0,2734000000.0,5017200000.0,7751200000.0,11746500000,1735100000.0,261600000.0,1996700000.0,3225200000.0,4586500000.0,6583200000,3729400000.0,-2885100000.0,4415300000.0,5163300000.0,11746500000,221000000.0,81500000.0,-1000000.0,146000000.0,-20000000.0,141700000.0,-49400000.0,73700000.0,449300000.0,-117700000.0,21700000.0,-90900000.0,-88700000.0,-3400000.0,30400000.0,-61000000.0,295400000,2010-02-26,19.073930740356445,19.151750564575195,18.96498107910156,19.03501892089844,13.5647611618042,4605954.0
2010-05-31,2998000000.0,-2276800000.0,721200000.0,-691500000.0,-691500000.0,29700000.0,-38800000.0,-38800000.0,-9100000,-9100000,13200000.0,8500000,-30600000.0,-21700000,-21700000,953200000.0,849600000.0,1597900000.0,3960100000.0,2602400000.0,5175500000.0,7777900000.0,11738000000,1762000000.0,260800000.0,2036200000.0,3226400000.0,4772900000.0,6809100000,3737200000.0,-2945100000.0,4417100000.0,4928900000.0,11738000000,8500000.0,83100000.0,136600000.0,69800000.0,1600000.0,167300000.0,-7600000.0,-91500000.0,366200000.0,-38700000.0,-103500000.0,-38800000.0,-88800000.0,-3400000.0,-64000000.0,-154600000.0,167600000,2010-05-28,18.91828727722168,18.97276306152344,18.778209686279297,18.817121505737305,13.520118713378904,3256704.0
2010-08-31,2804300000.0,-2153000000.0,651300000.0,-410000000.0,-410000000.0,241300000.0,-37300000.0,-37300000.0,204000000,204000000,-66900000.0,143300000,3000000.0,146400000,146400000,840900000.0,853300000.0,1769300000.0,3985700000.0,2645600000.0,5016400000.0,7662000000.0,11647700000,1820100000.0,258300000.0,2078400000.0,3214300000.0,4657200000.0,6735600000,3720600000.0,-3010800000.0,4475500000.0,4912100000.0,11647700000,143300000.0,85800000.0,-96900000.0,-28000000.0,-2200000.0,-148300000.0,81100000.0,41400000.0,108800000.0,-128100000.0,-129700000.0,-6400000.0,-88500000.0,-38400000.0,-89100000.0,-216400000.0,-112300000,2010-08-31,16.684825897216793,16.85603141784668,16.607004165649414,16.801555633544922,12.172826766967773,5697433.0
2010-11-30,3147500000.0,-2387500000.0,760000000.0,-428300000.0,-428300000.0,331700000.0,-33700000.0,-33700000.0,298000000,298000000,-101400000.0,201200000,600000.0,200900000,200900000,545200000.0,902500000.0,1974300000.0,4193800000.0,2666100000.0,4743600000.0,7409700000.0,11603500000,1923300000.0,356700000.0,2280000000.0,2879900000.0,4371800000.0,6651800000,3731500000.0,-3097100000.0,4576200000.0,4951700000.0,11603500000,201200000.0,88400000.0,67400000.0,-147000000.0,-45800000.0,-204900000.0,126400000.0,-22700000.0,210300000.0,-69800000.0,-6300000.0,-80500000.0,-87900000.0,-250900000.0,-89300000.0,-428000000.0,-295700000,2010-11-30,16.832685470581055,16.879377365112305,16.677043914794922,16.715953826904293,12.234884262084961,6627773.0
2011-02-28,3141300000.0,-2344000000.0,797300000.0,-404100000.0,-404100000.0,393200000.0,-51600000.0,-51600000.0,341600000,341600000,-122500000.0,225700000,-10600000.0,214800000,214800000,882900000.0,876700000.0,1932700000.0,4035500000.0,2637600000.0,4799700000.0,7437300000.0,11472800000,1944000000.0,359400000.0,2303400000.0,2875100000.0,4545200000.0,6848600000,3741200000.0,-3572400000.0,4692900000.0,4624200000.0,11472800000,225700000.0,90100000.0,331000000.0,-29500000.0,25200000.0,41600000.0,-56200000.0,-40100000.0,620800000.0,-148100000.0,-13000000.0,268000000.0,-100300000.0,-2400000.0,-454000000.0,-554500000.0,337700000,2011-02-28,17.961088180541992,18.093385696411133,17.906614303588867,18.023345947265625,13.323379516601562,3523085.0
2011-05-31,3293000000.0,-2599000000.0,694000000.0,-256600000.0,-256600000.0,437400000.0,-54900000.0,-54900000.0,382500000,382500000,-130800000.0,260700000,-4500000.0,255500000,255500000,972400000.0,849400000.0,1803400000.0,3899300000.0,2670100000.0,4839300000.0,7509400000.0,11408700000,1762100000.0,363500000.0,2125600000.0,2870300000.0,4606400000.0,6732000000,3738800000.0,-3668200000.0,4690300000.0,4676700000.0,11408700000,260700000.0,96600000.0,-328800000.0,348500000.0,25600000.0,120900000.0,33700000.0,168300000.0,380900000.0,-101300000.0,31400000.0,-60700000.0,-97800000.0,-2600000.0,-132900000.0,-233200000.0,89500000,2011-05-31,19.56420135498047,19.797664642333984,19.494163513183594,19.78988265991211,14.769269943237305,4524999.0
2011-08-31,3105300000.0,-2509300000.0,596000000.0,-406600000.0,-406600000.0,189400000.0,-52900000.0,-52900000.0,136500000,136500000,-48700000.0,94000000,100000.0,93800000,93800000,1095200000.0,922000000.0,1815300000.0,4093600000.0,2638000000.0,4879100000.0,7517100000.0,11610700000,1957400000.0,376800000.0,2334200000.0,2855700000.0,4546200000.0,6880400000,3720100000.0,-3580500000.0,4842300000.0,4730300000.0,11610700000,94000000.0,91500000.0,4700000.0,121800000.0,-63100000.0,-12100000.0,108900000.0,88100000.0,315100000.0,-91800000.0,-57500000.0,-149300000.0,-94300000.0,-2500000.0,55700000.0,-41100000.0,122800000,2011-08-31,19.151750564575195,19.206226348876953,18.817121505737305,19.003890991210934,14.307519912719727,8996928.0
2012-02-29,3396000000.0,-2609400000.0,786600000.0,-356700000.0,-356700000.0,429900000.0,-49700000.0,-49700000.0,380200000,380200000,-112100000.0,280700000,0.0,280100000,280100000,604200000.0,944700000.0,2002900000.0,3825400000.0,2651500000.0,5271000000.0,7922500000.0,11747900000,2129100000.0,46300000.0,2175400000.0,2852700000.0,4449600000.0,6625000000,3736200000.0,-3532800000.0,5086600000.0,5122900000.0,11747900000,280700000.0,90600000.0,-29100000.0,-53200000.0,60500000.0,58400000.0,-249400000.0,77300000.0,289500000.0,-76800000.0,-311600000.0,-388400000.0,-99100000.0,-4500000.0,94300000.0,-8300000.0,-102300000,2012-02-29,20.536964416503906,20.622568130493164,20.42023277282715,20.428016662597656,15.66682243347168,6704616.0
2012-05-31,3398100000.0,-2735700000.0,662400000.0,-778100000.0,-778100000.0,-115700000.0,-50800000.0,-50800000.0,-166500000,-166500000,62000000.0,-89900000,6400000.0,-86200000,-86200000,103000000.0,924800000.0,1869600000.0,3218800000.0,2741900000.0,5481200000.0,8223100000.0,11441900000,2147100000.0,78100000.0,2225200000.0,2858600000.0,4680700000.0,6905900000,3741200000.0,-3767700000.0,4765100000.0,4536000000.0,11441900000,-89900000.0,93800000.0,161400000.0,102900000.0,50400000.0,187400000.0,-15700000.0,-119200000.0,272600000.0,-94400000.0,-328600000.0,-424000000.0,-99800000.0,-10600000.0,-238300000.0,-347900000.0,-501200000,2012-05-31,19.571983337402344,19.64202308654785,19.45525360107422,19.571983337402344,15.150863647460938,3405379.0
2012-08-31,3302300000.0,-2433700000.0,868600000.0,-450500000.0,-450500000.0,418100000.0,-49300000.0,-49300000.0,368800000,368800000,-123800000.0,252600000,-400000.0,250100000,250100000,116500000.0,963900000.0,2065700000.0,3475900000.0,2784500000.0,5668200000.0,8452700000.0,11928600000,2299100000.0,295200000.0,2594300000.0,2859700000.0,4684100000.0,7278400000,3737500000.0,-3815600000.0,4917700000.0,4650200000.0,11928600000,252600000.0,91200000.0,15400000.0,-31600000.0,-35800000.0,-148500000.0,53300000.0,99400000.0,323900000.0,-96500000.0,-268600000.0,-365300000.0,-97900000.0,215100000.0,-64200000.0,53200000.0,13500000,2012-08-31,19.48638153076172,19.60311317443848,19.45525360107422,19.540855407714844,15.28079319000244,3358862.0
2012-11-30,3727200000.0,-2865600000.0,861600000.0,-493800000.0,-493800000.0,367800000.0,-53400000.0,-53400000.0,314400000,314400000,-109700000.0,217500000,-1000000.0,211600000,211600000,476800000.0,1037800000.0,2249100000.0,4065000000.0,2792500000.0,5667000000.0,8459500000.0,12524500000,2379100000.0,9200000.0,2388300000.0,3609300000.0,5435900000.0,7824200000,3749900000.0,-3892800000.0,5027500000.0,4700300000.0,12524500000,217500000.0,94100000.0,1800000.0,-160500000.0,-74100000.0,-185200000.0,172800000.0,-74000000.0,154700000.0,-78700000.0,0.0,-81300000.0,-97400000.0,453700000.0,-71500000.0,286100000.0,360300000,2012-11-30,23.221790313720703,23.322956085205078,23.198444366455078,23.23735427856445,18.333908081054688,5965484.0
2013-02-28,3833800000.0,-2962900000.0,870900000.0,-611700000.0,-611700000.0,259200000.0,-70600000.0,-70600000.0,188600000,188600000,-77700000.0,122900000,500000.0,120000000,120000000,723800000.0,1219300000.0,2648300000.0,5146000000.0,3807200000.0,12154300000.0,15961500000.0,21107500000,2701700000.0,720800000.0,3422500000.0,9845300000.0,12561200000.0,15983700000,3825400000.0,-3582300000.0,5042100000.0,5123800000.0,21107500000,122900000.0,112800000.0,7700000.0,56900000.0,97100000.0,98900000.0,-182300000.0,43200000.0,303100000.0,-103200000.0,-4749100000.0,-4854400000.0,-101300000.0,4598200000.0,357200000.0,4798200000.0,247000000,2013-02-28,26.552528381347656,26.754863739013672,26.50583648681641,26.54474639892578,21.105083465576172,4504311.0
2013-05-31,2606000000.0,-1842200000.0,763800000.0,-509900000.0,-509900000.0,253900000.0,-102900000.0,-102900000.0,151000000,151000000,-50700000.0,105400000,88600000.0,192200000,192200000,183900000.0,1279400000.0,2340900000.0,4379800000.0,3757600000.0,12267900000.0,16025500000.0,20405300000,2693600000.0,702900000.0,3401300000.0,8886900000.0,11641000000.0,15042300000,3845900000.0,-3514900000.0,5129500000.0,5363000000.0,20405300000,105400000.0,120500000.0,55600000.0,308000000.0,-39400000.0,290900000.0,-25500000.0,82000000.0,630500000.0,-126200000.0,-5900000.0,-164800000.0,-104100000.0,-978300000.0,77100000.0,-1004500000.0,-539900000,2013-05-31,26.708171844482425,26.73151779174805,26.21789932250977,26.21789932250977,20.993144989013672,4317857.0
2013-08-31,3715800000.0,-2923700000.0,792100000.0,-538100000.0,-538100000.0,254000000.0,-95800000.0,-95800000.0,158200000,158200000,-28900000.0,133400000,13800000.0,144300000,144300000,194200000.0,1246100000.0,2549800000.0,4457400000.0,3905800000.0,12105600000.0,16011400000.0,20468800000,2595700000.0,867600000.0,3463300000.0,8818100000.0,11553700000.0,15017000000,3844100000.0,-3477800000.0,5168000000.0,5451800000.0,20468800000,133400000.0,139800000.0,7000000.0,-134400000.0,30400000.0,-172600000.0,63900000.0,-56100000.0,166100000.0,-170300000.0,0.0,-177600000.0,-104800000.0,94900000.0,32000000.0,22600000.0,10300000,2013-08-30,26.50583648681641,26.591440200805664,26.25680923461914,26.31906509399414,21.21852302551269,4096194.0
2013-11-30,4221100000.0,-3261300000.0,959800000.0,-553100000.0,-553100000.0,406700000.0,-95500000.0,-95500000.0,311200000,311200000,-106000000.0,210400000,42000000.0,248700000,248700000,192700000.0,1415100000.0,2776100000.0,4755600000.0,3932300000.0,12098500000.0,16030800000.0,20786400000,2910900000.0,818600000.0,3729500000.0,8771100000.0,11495200000.0,15224700000,3857200000.0,-3530200000.0,5311400000.0,5561700000.0,20786400000,210400000.0,138000000.0,20900000.0,26200000.0,-170100000.0,-192000000.0,222900000.0,165400000.0,416600000.0,-160100000.0,-39600000.0,-154400000.0,-105600000.0,-96900000.0,-61700000.0,-263900000.0,-1500000,2013-11-29,25.5953311920166,25.84435844421387,25.48638153076172,25.673152923583984,20.85974884033203,2310816.0
2014-02-28,3947300000.0,-3024200000.0,923100000.0,-534900000.0,-534900000.0,388200000.0,-95000000.0,-95000000.0,293200000,293200000,-78200000.0,226100000,10800000.0,234300000,234300000,239200000.0,1275600000.0,2498700000.0,4520600000.0,3819700000.0,12093000000.0,15912700000.0,20433300000,2503500000.0,730700000.0,3240500000.0,8760700000.0,11475000000.0,14715500000,3868300000.0,-3512400000.0,5440400000.0,5717800000.0,20433300000,226100000.0,149700000.0,29600000.0,-115400000.0,131700000.0,196400000.0,-238400000.0,-205100000.0,330400000.0,-129800000.0,54600000.0,-82600000.0,-105100000.0,-108500000.0,17100000.0,-197300000.0,46500000,2014-02-28,22.023345947265625,22.22568130493164,21.992218017578125,22.101167678833008,18.095430374145508,4684982.0
2014-05-31,-46000000.0,298400000.0,252400000.0,-152800000.0,-152800000.0,99600000.0,-91200000.0,-91200000.0,8400000,8400000,34800000.0,55300000,-376700000.0,-324200000,-324200000,141300000.0,1058400000.0,2077000000.0,4230800000.0,3636000000.0,11452700000.0,15088700000.0,19319500000,2251700000.0,225900000.0,2642400000.0,8720500000.0,11321900000.0,13964300000,3876600000.0,-3494400000.0,5010600000.0,5355200000.0,19319500000,55300000.0,-72900000.0,78300000.0,228200000.0,58400000.0,175500000.0,-51600000.0,45900000.0,655500000.0,39100000.0,-54900000.0,-116900000.0,-105400000.0,-501800000.0,16300000.0,-595500000.0,-56100000,2014-05-30,24.98054504394531,25.15953254699707,24.91828727722168,25.136186599731445,20.747684478759766,3151463.0
2014-08-31,2763000000.0,-2172200000.0,590800000.0,-393800000.0,-393800000.0,197000000.0,-83300000.0,-83300000.0,113700000,113700000,-43100000.0,96200000,388300000.0,482300000,482300000,133700000.0,1080400000.0,2210300000.0,3691400000.0,3667600000.0,12014100000.0,15681700000.0,19373100000,2325700000.0,574400000.0,2900100000.0,7916800000.0,10724700000.0,13624800000,3850000000.0,-3428800000.0,5386600000.0,5748300000.0,19373100000,96200000.0,96000000.0,10200000.0,-42100000.0,-16600000.0,-92100000.0,71400000.0,-4800000.0,233600000.0,-88600000.0,-75400000.0,331600000.0,-105500000.0,-529400000.0,27100000.0,-613700000.0,-49400000,2014-08-29,24.996109008789066,25.073930740356445,24.941633224487305,25.05836677551269,20.851173400878906,2160985.0
2014-11-30,3136400000.0,-2379100000.0,757300000.0,-392000000.0,-392000000.0,365300000.0,-78700000.0,-78700000.0,286600000,286600000,-101900000.0,218700000,-202800000.0,10000000,10000000,121900000.0,1201100000.0,2532900000.0,4116100000.0,3635400000.0,11750200000.0,15385600000.0,19501700000,2595700000.0,809600000.0,3405300000.0,7669000000.0,10441300000.0,13846600000,3861700000.0,-3403000000.0,5290100000.0,5655100000.0,19501700000,218700000.0,95400000.0,-18500000.0,-169500000.0,-92200000.0,-299000000.0,148400000.0,73300000.0,184100000.0,-66700000.0,0.0,-99000000.0,-106200000.0,-17000000.0,28100000.0,-96300000.0,-11800000,2014-11-28,28.0,28.46692657470703,27.95330619812012,28.42023277282715,23.822124481201172,1677568.0
2015-02-28,2907300000.0,-2187300000.0,720000000.0,-360300000.0,-360300000.0,359700000.0,-79800000.0,-79800000.0,279900000,279900000,-100600000.0,212300000,-1165000000.0,-954100000,-954100000,137300000.0,1050700000.0,2379800000.0,3923300000.0,3579900000.0,10365700000.0,13945600000.0,17868900000,2266000000.0,1450900000.0,3716900000.0,6919300000.0,9613400000.0,13330300000,3874200000.0,-3388900000.0,4229200000.0,4538600000.0,17868900000,210900000.0,92400000.0,42700000.0,-54600000.0,127700000.0,146100000.0,-245000000.0,-83400000.0,322800000.0,-69900000.0,700000.0,-100400000.0,-106500000.0,-110700000.0,23500000.0,-200800000.0,15400000,2015-02-27,26.996109008789066,27.291828155517567,26.97276306152344,27.221790313720703,22.97425079345703,3651199.0
2015-05-31,227300000.0,800000.0,228100000.0,-237300000.0,-237300000.0,-9200000.0,-86400000.0,-86400000.0,-95600000,-95600000,32900000.0,-75900000,287400000.0,209200000,209200000,164700000.0,739000000.0,1642600000.0,3563300000.0,2644600000.0,11229900000.0,13874500000.0,17437800000,1933400000.0,1015700000.0,3310100000.0,6888800000.0,9517700000.0,12827800000,3889100000.0,-3364700000.0,4331100000.0,4610000000.0,17437800000,-74500000.0,800000.0,55700000.0,279900000.0,49400000.0,181700000.0,9700000.0,39100000.0,764100000.0,-11300000.0,54000000.0,-173800000.0,-107000000.0,-421700000.0,1100000.0,-543400000.0,45800000,2015-05-29,30.046693801879893,30.186769485473643,29.89105033874512,30.046693801879893,25.52925682067871,3275080.0
2015-08-31,2794900000.0,-2093800000.0,701100000.0,-405400000.0,-405400000.0,295700000.0,-80300000.0,-80300000.0,215400000,215400000,-85000000.0,167400000,-1319800000.0,-1154100000,-1154100000,114300000.0,837300000.0,1827300000.0,3702000000.0,2659000000.0,9473300000.0,12132300000.0,15834300000,1992900000.0,1570400000.0,3846900000.0,6299600000.0,8543000000.0,12389900000,3912400000.0,-3258300000.0,3069000000.0,3444400000.0,15834300000,167400000.0,91700000.0,-28900000.0,-166300000.0,-63900000.0,-113100000.0,51800000.0,-41100000.0,93100000.0,-88700000.0,-10400000.0,-125500000.0,-107100000.0,2700000.0,93600000.0,-12200000.0,-46200000,2015-08-31,32.45136260986328,32.67704391479492,32.249027252197266,32.43579864501953,27.71835327148437,3976304.0
2015-11-30,2358800000.0,-1690800000.0,668000000.0,-483200000.0,-483200000.0,184800000.0,-79200000.0,-79200000.0,105600000,105600000,-43100000.0,80100000,79200000.0,154900000,154900000,95900000.0,894400000.0,1975600000.0,3912500000.0,2645900000.0,9436200000.0,12082100000.0,15994600000,2134400000.0,1504800000.0,3953600000.0,6400400000.0,8526300000.0,12479900000,3925800000.0,-3229200000.0,3115300000.0,3514700000.0,15994600000,6300000.0,49500000.0,26600000.0,-129700000.0,-34700000.0,-51900000.0,-62000000.0,18900000.0,259000000.0,-5500000.0,300000.0,-111500000.0,-107900000.0,-79900000.0,25600000.0,-154600000.0,-8500000,2015-11-30,32.29571914672852,32.412452697753906,31.84435844421387,31.852140426635746,27.38856315612793,4219169.0
2016-02-29,2199300000.0,-1579500000.0,619800000.0,-447000000.0,-447000000.0,172800000.0,-76400000.0,-76400000.0,96400000,96400000,-33600000.0,71400000,134900000.0,204600000,204600000,502600000.0,849600000.0,1835500000.0,3527500000.0,2645700000.0,7014000000.0,9659700000.0,13187200000,2018600000.0,597000000.0,2615600000.0,4902700000.0,6839100000.0,9454700000,3947300000.0,-3175500000.0,3210700000.0,3732500000.0,13187200000,71400000.0,69400000.0,139200000.0,-22300000.0,-700000.0,99900000.0,-94400000.0,-27100000.0,386500000.0,-57500000.0,-300000.0,2493400000.0,-108500000.0,-2432200000.0,45400000.0,-2506200000.0,374200000,2016-02-29,32.69260787963867,33.035018920898445,32.684825897216804,32.731517791748054,28.3239803314209,3751557.0
2016-05-31,1311100000.0,-870800000.0,440300000.0,-689000000.0,-689000000.0,-248700000.0,-59900000.0,-59900000.0,-308600000,-308600000,115300000.0,-190400000,311300000.0,117600000,117600000,798100000.0,650100000.0,1044100000.0,3576700000.0,1697800000.0,8116100000.0,9813900000.0,13390600000,1495200000.0,573300000.0,2532400000.0,4881400000.0,7063400000.0,9595800000,3976000000.0,-3136200000.0,3218300000.0,3794800000.0,13390600000,-116600000.0,67900000.0,421500000.0,-21600000.0,-57500000.0,131200000.0,-13700000.0,-81600000.0,520600000.0,-90100000.0,0.0,-129000000.0,-109000000.0,-4300000.0,52400000.0,-60200000.0,331900000,2016-05-31,35.69649887084961,36.0311279296875,35.478599548339844,35.56420135498047,30.948686599731445,6052864.0
2016-08-31,1895600000.0,-1351000000.0,544600000.0,-231700000.0,-231700000.0,312900000.0,-58200000.0,-58200000.0,254700000,254700000,-169200000.0,98600000,91400000.0,186200000,186200000,794600000.0,847000000.0,1637900000.0,3407100000.0,2736800000.0,6692000000.0,9428800000.0,12835900000,1842100000.0,522700000.0,2364800000.0,4451400000.0,6671500000.0,9036300000,3984000000.0,-3192900000.0,3290700000.0,3799600000.0,12835900000,98600000.0,67200000.0,-35200000.0,77700000.0,14800000.0,-83300000.0,56500000.0,89700000.0,325900000.0,-56100000.0,486300000.0,371900000.0,-109500000.0,-572100000.0,-53000000.0,-737700000.0,-39900000,2016-08-31,36.08560180664063,36.350196838378906,35.9066162109375,36.27237319946289,31.73503303527832,3353979.0
2016-11-30,2088400000.0,-1440900000.0,647500000.0,-417900000.0,-417900000.0,229600000.0,-54100000.0,-54100000.0,175500000,175500000,-78400000.0,114300000,11600000.0,122100000,122100000,1442500000.0,699500000.0,1113700000.0,3345000000.0,1669300000.0,6410700000.0,8080000000.0,11425000000,1507700000.0,237700000.0,1745400000.0,3214300000.0,5152800000.0,6898200000,3997700000.0,-3294600000.0,4077300000.0,4526800000.0,11425000000,114300000.0,66300000.0,102500000.0,-30800000.0,-64000000.0,51100000.0,15200000.0,-33100000.0,216300000.0,-50900000.0,-105400000.0,-221700000.0,-109900000.0,-5800000.0,-69700000.0,656800000.0,647900000,2016-11-30,37.34000015258789,37.56999969482422,36.65999984741211,36.68999862670898,32.268310546875,4139500.0
2017-02-28,1981200000.0,-1360200000.0,621000000.0,-349700000.0,-349700000.0,271300000.0,-45700000.0,-45700000.0,225600000,225600000,-67900000.0,179500000,700000.0,179700000,179700000,683600000.0,601400000.0,1046400000.0,2539100000.0,1655800000.0,6304100000.0,7959900000.0,10499000000,1432400000.0,132500000.0,1564900000.0,2841700000.0,4629900000.0,6194800000,4005000000.0,-3683400000.0,4171000000.0,4304200000.0,10499000000,179500000.0,66300000.0,56500000.0,40600000.0,98700000.0,67200000.0,-58400000.0,-66900000.0,304300000.0,-39000000.0,0.0,-39000000.0,-109500000.0,-509400000.0,-405300000.0,-1026100000.0,-758900000,2017-02-28,40.91999816894531,41.38999938964844,40.900001525878906,41.209999084472656,36.429344177246094,4935600.0
2017-05-31,1861700000.0,-1332700000.0,529000000.0,-417800000.0,-417800000.0,111200000.0,-37500000.0,-37500000.0,73700000,73700000,60800000.0,153600000,-1700000.0,151300000,151300000,251400000.0,563400000.0,927900000.0,2013200000.0,1633100000.0,6450000000.0,8083100000.0,10096300000,1493300000.0,227200000.0,1720500000.0,2769200000.0,4298000000.0,6018500000,4011600000.0,-4054900000.0,4247000000.0,4077800000.0,10096300000,153600000.0,68200000.0,4000000.0,111500000.0,55200000.0,88300000.0,57700000.0,-89700000.0,329000000.0,-82900000.0,-217600000.0,-300500000.0,-86100000.0,22200000.0,-398200000.0,-462100000.0,-432200000,2017-05-31,38.43999862670898,38.7400016784668,38.400001525878906,38.540000915527344,34.243221282958984,3960500.0
2017-08-31,1804200000.0,-1285200000.0,519000000.0,-239000000.0,-259600000.0,280000000.0,-36400000.0,-36400000.0,243600000,243600000,-120000000.0,153600000,-300000.0,152500000,152500000,251400000.0,577100000.0,1068800000.0,2125000000.0,1647300000.0,6453300000.0,8100600000.0,10225600000,1531400000.0,522200000.0,2053600000.0,2767000000.0,4289400000.0,6343000000,3999600000.0,-4337200000.0,4312600000.0,3882600000.0,10225600000,153600000.0,64700000.0,-26700000.0,-50100000.0,-13700000.0,-138400000.0,67800000.0,34200000.0,136000000.0,-38600000.0,0.0,-38600000.0,-83300000.0,280900000.0,-302400000.0,-107100000.0,0,2017-08-31,32.509998321533196,32.59999847412109,32.27000045776367,32.459999084472656,29.02380752563477,4150200.0
2017-11-30,2173400000.0,-1515100000.0,658300000.0,-307300000.0,-324800000.0,351000000.0,-38000000.0,-38000000.0,313000000,313000000,-109500000.0,224100000,400000.0,223500000,223500000,84000000.0,683800000.0,1059200000.0,2056300000.0,1642000000.0,6701800000.0,8343800000.0,10400100000,1584400000.0,265900000.0,1850300000.0,3261800000.0,4763300000.0,6613600000,4006500000.0,-4607900000.0,4464300000.0,3786500000.0,10400100000,224100000.0,64300000.0,-21200000.0,-4000000.0,-96100000.0,7900000.0,64500000.0,19700000.0,284700000.0,-77900000.0,-249600000.0,-327500000.0,-88300000.0,238800000.0,-273600000.0,-123400000.0,-167400000,2017-11-30,37.2599983215332,37.61000061035156,36.63999938964844,37.33000183105469,33.590648651123054,4501900.0
2018-02-28,1994500000.0,-1395700000.0,598800000.0,-330200000.0,-330200000.0,268600000.0,-39800000.0,-39800000.0,228800000,228800000,91400000.0,349200000,14500000.0,362800000,362800000,132900000.0,603400000.0,1016700000.0,2058100000.0,1627300000.0,6777800000.0,8405100000.0,10463200000,1561100000.0,429600000.0,1990700000.0,3232900000.0,4663000000.0,6653700000,4013400000.0,-4876200000.0,4758800000.0,3809500000.0,10463200000,349200000.0,64400000.0,-300000.0,-9900000.0,84000000.0,40700000.0,-31100000.0,-103500000.0,421600000.0,-51900000.0,-87500000.0,-135100000.0,-86100000.0,117000000.0,-271000000.0,-237500000.0,48900000,2018-02-28,36.36000061035156,36.59000015258789,36.11999893188477,36.13000106811523,32.691722869873054,2503700.0
2018-05-31,1966200000.0,-1390800000.0,575400000.0,-441500000.0,-403400000.0,133900000.0,-44500000.0,-44500000.0,89400000,89400000,-36500000.0,70600000,-300000.0,69600000,69600000,128000000.0,582600000.0,997100000.0,1938900000.0,1620100000.0,6830500000.0,8450600000.0,10389500000,1751900000.0,584300000.0,2336200000.0,3231500000.0,4296700000.0,6632900000,4019700000.0,-4977900000.0,4744900000.0,3756600000.0,10389500000,70600000.0,63600000.0,-137500000.0,114900000.0,21100000.0,27000000.0,43700000.0,23100000.0,111900000.0,-75200000.0,0.0,-75000000.0,-84600000.0,152700000.0,-105400000.0,-38900000.0,-4900000,2018-05-31,37.70000076293945,37.70000076293945,36.88999938964844,37.060001373291016,33.725234985351555,3014700.0
2018-08-31,1834400000.0,-1318900000.0,515500000.0,-247100000.0,-257300000.0,268400000.0,-49000000.0,-49000000.0,219400000,219400000,-57400000.0,178200000,0.0,178200000,178200000,74800000.0,599200000.0,1108500000.0,2046500000.0,1636300000.0,6802200000.0,8438500000.0,10485000000,1821800000.0,611600000.0,2433400000.0,3233700000.0,4236600000.0,6670000000,4005300000.0,-4954600000.0,4841500000.0,3815000000.0,10485000000,178200000.0,63700000.0,-8100000.0,-139100000.0,-18900000.0,-115100000.0,50400000.0,-55500000.0,94700000.0,-68900000.0,30300000.0,-38500000.0,-83000000.0,12800000.0,-2400000.0,-109600000.0,-53200000,2018-08-31,36.58000183105469,36.84000015258789,36.47999954223633,36.75,33.63525009155273,3790200.0
2018-11-30,2383700000.0,-1706500000.0,677200000.0,-477600000.0,-487300000.0,199600000.0,-80600000.0,-80600000.0,119000000,119000000,-22400000.0,134300000,-1900000.0,131600000,131600000,442300000.0,958100000.0,1729700000.0,3275400000.0,2360800000.0,17370600000.0,19731400000.0,23006800000,2216400000.0,18100000.0,2234500000.0,11545400000.0,13469000000.0,15703500000,5202000000.0,-2772800000.0,4886400000.0,7303300000.0,23006800000,134300000.0,76600000.0,-9400000.0,-93000000.0,-167600000.0,39900000.0,-11400000.0,46100000.0,119700000.0,-46700000.0,-5117300000.0,-5164000000.0,-83300000.0,4945000000.0,554600000.0,5413800000.0,367500000,2018-11-30,32.200000762939446,32.380001068115234,32.150001525878906,32.34000015258789,29.774946212768555,7868800.0
2019-02-28,2707100000.0,-1954800000.0,752300000.0,-324300000.0,-334100000.0,428000000.0,-130900000.0,-130900000.0,297100000,297100000,-67200000.0,242600000,0.0,242000000,242000000,282200000.0,870200000.0,1638600000.0,2946100000.0,2358600000.0,17421900000.0,19780500000.0,22726600000,2207900000.0,19900000.0,2241700000.0,11107700000.0,13033400000.0,15275100000,5198400000.0,-2765000000.0,5025300000.0,7451500000.0,22726600000,242600000.0,92300000.0,19500000.0,187500000.0,78100000.0,88200000.0,-54600000.0,75800000.0,541900000.0,-101800000.0,0.0,-101800000.0,-86700000.0,-456700000.0,-600000.0,-598800000.0,-160100000,2019-02-28,23.20000076293945,23.440000534057607,22.95000076293945,23.3700008392334,21.733844757080078,6075200.0
2019-05-31,2613200000.0,-1905200000.0,708000000.0,-389300000.0,-394700000.0,318700000.0,-130900000.0,-130900000.0,187800000,187800000,-71800000.0,125200000,0.0,126500000,126500000,236600000.0,818200000.0,1563300000.0,2733800000.0,2356300000.0,17123700000.0,19480000000.0,22213800000,2116400000.0,21600000.0,2142600000.0,10655700000.0,12607500000.0,14750100000,5207200000.0,-2760200000.0,5047900000.0,7463700000.0,22213800000,125200000.0,100400000.0,-3400000.0,147000000.0,39300000.0,65000000.0,53800000.0,-11100000.0,369200000.0,-113200000.0,249300000.0,138300000.0,-103200000.0,-454600000.0,2500000.0,-555600000.0,-45600000,2019-05-31,26.60000038146973,26.81999969482422,26.35000038146973,26.770000457763672,25.06810760498047,3989400.0
