Report Date,Revenue,Cost of Revenue,Gross Profit,Operating Expenses,"Selling, General & Administrative",Research & Development,Operating Income (Loss),Non-Operating Income (Loss),"Interest Expense, Net","Pretax Income (Loss), Adj.",Pretax Income (Loss),"Income Tax (Expense) Benefit, Net",Income (Loss) from Continuing Operations,Net Income,Net Income (Common),"Cash, Cash Equivalents & Short Term Investments",Accounts & Notes Receivable,Inventories,Total Current Assets,"Property, Plant & Equipment, Net",Long Term Investments & Receivables,Other Long Term Assets,Total Noncurrent Assets,Total Assets,Payables & Accruals,Short Term Debt,Total Current Liabilities,Long Term Debt,Total Noncurrent Liabilities,Total Liabilities,Share Capital & Additional Paid-In Capital,Treasury Stock,Retained Earnings,Total Equity,Total Liabilities & Equity,Net Income/Starting Line,Depreciation & Amortization.1,Non-Cash Items,Change in Working Capital,Change in Accounts Receivable,Change in Inventories,Change in Accounts Payable,Change in Other,Net Cash from Operating Activities,Change in Fixed Assets & Intangibles,Net Change in Long Term Investment,Net Cash from Acquisitions & Divestitures,Net Cash from Investing Activities,Dividends Paid,Cash from (Repayment of) Debt,Cash from (Repurchase of) Equity,Net Cash from Financing Activities,Net Change in Cash,Price Date,Open,High,Low,Close,Adj Close,Volume
2009-06-30,7975000000.0,-5752000000.0,2223000000.0,-1604000000.0,-914000000.0,-351000000.0,619000000.0,-218000000.0,-381000000.0,401000000,401000000,-40000000.0,360000000,371000000,371000000,3991000000.0,6534000000.0,7160000000.0,27383000000.0,12226000000.0,817000000.0,21666000000.0,34709000000.0,62092000000,7821000000.0,8564000000.0,19490000000.0,17881000000.0,34746000000.0,54236000000,3347000000.0,-10745000000.0,19579000000.0,7856000000.0,62092000000,360000000.0,538000000.0,-47000000.0,1057000000.0,1511000000.0,867000000.0,-775000000.0,-546000000.0,1908000000.0,-193000000.0,-110000000.0,0.0,345000000.0,-252000000.0,-1586000000.0,31000000.0,-1849000000.0,425000000,2009-06-30,34.689998626708984,34.740001678466804,32.990001678466804,33.040000915527344,23.54754447937012,16878900.0
2009-09-30,7298000000.0,-5255000000.0,2043000000.0,-1510000000.0,-907000000.0,-327000000.0,533000000.0,-281000000.0,-347000000.0,252000000,252000000,139000000.0,392000000,404000000,404000000,4188000000.0,5733000000.0,6815000000.0,26223000000.0,12250000000.0,867000000.0,21498000000.0,34615000000.0,60838000000,7028000000.0,8300000000.0,17957000000.0,17360000000.0,34368000000.0,52325000000,3392000000.0,-10702000000.0,20026000000.0,8513000000.0,60838000000,392000000.0,561000000.0,3000000.0,759000000.0,831000000.0,354000000.0,-171000000.0,-255000000.0,1715000000.0,-269000000.0,1000000.0,-9000000.0,432000000.0,-261000000.0,-321000000.0,19000000.0,-1963000000.0,197000000,2009-09-30,52.20000076293945,52.47000122070313,50.36999893188477,51.33000183105469,37.04254531860352,10647200.0
2009-12-31,7898000000.0,-5852000000.0,2046000000.0,-1680000000.0,-942000000.0,-355000000.0,366000000.0,-238000000.0,-326000000.0,128000000,128000000,91000000.0,206000000,232000000,232000000,4867000000.0,5611000000.0,6360000000.0,27217000000.0,12386000000.0,971000000.0,19464000000.0,32821000000.0,60038000000,6995000000.0,9049000000.0,18975000000.0,16195000000.0,31763000000.0,50738000000,3439000000.0,-10646000000.0,19711000000.0,9300000000.0,60038000000,206000000.0,703000000.0,75000000.0,997000000.0,50000000.0,516000000.0,474000000.0,-43000000.0,1981000000.0,-531000000.0,22000000.0,-10000000.0,-434000000.0,-263000000.0,-198000000.0,39000000.0,-868000000.0,679000000,2009-12-31,57.599998474121094,57.959999084472656,56.9900016784668,56.9900016784668,41.42502975463867,3859700.0
2010-03-31,8238000000.0,-5894000000.0,2344000000.0,-1603000000.0,-932000000.0,-402000000.0,741000000.0,-272000000.0,-335000000.0,469000000,469000000,-231000000.0,236000000,233000000,233000000,3538000000.0,6068000000.0,6990000000.0,26412000000.0,12057000000.0,722000000.0,19645000000.0,32424000000.0,58836000000,7795000000.0,7790000000.0,18417000000.0,16413000000.0,30945000000.0,49362000000,3482000000.0,-10595000000.0,19941000000.0,9474000000.0,58836000000,236000000.0,554000000.0,94000000.0,-168000000.0,-373000000.0,-644000000.0,698000000.0,151000000.0,716000000.0,-185000000.0,-1000000.0,-103000000.0,-55000000.0,-262000000.0,331000000.0,26000000.0,-1936000000.0,-1329000000,2010-03-31,62.7599983215332,63.5,62.63000106811523,62.849998474121094,45.99624252319336,6660800.0
2010-06-30,10409000000.0,-7372000000.0,3037000000.0,-1826000000.0,-1059000000.0,-450000000.0,1211000000.0,-265000000.0,-315000000.0,946000000,946000000,-209000000.0,733000000,707000000,707000000,3597000000.0,6348000000.0,7339000000.0,27376000000.0,11763000000.0,1150000000.0,18504000000.0,31417000000.0,58793000000,8951000000.0,8276000000.0,19784000000.0,15398000000.0,29305000000.0,49089000000,3636000000.0,-10539000000.0,20133000000.0,9704000000.0,58793000000,733000000.0,562000000.0,82000000.0,-182000000.0,-723000000.0,-376000000.0,621000000.0,296000000.0,1195000000.0,-84000000.0,10000000.0,-67000000.0,-220000000.0,-265000000.0,-467000000.0,58000000.0,-850000000.0,59000000,2010-06-30,61.02000045776367,61.93999862670898,59.90999984741211,60.06999969482422,44.23595428466797,9630300.0
2010-09-30,11134000000.0,-7752000000.0,3382000000.0,-1968000000.0,-1148000000.0,-510000000.0,1414000000.0,-311000000.0,-312000000.0,1103000000,1103000000,-295000000.0,801000000,792000000,792000000,2265000000.0,7395000000.0,9006000000.0,28577000000.0,12065000000.0,956000000.0,20044000000.0,33065000000.0,61642000000,9574000000.0,7548000000.0,20178000000.0,15800000000.0,31132000000.0,51310000000,3757000000.0,-10463000000.0,20955000000.0,10332000000.0,61642000000,801000000.0,565000000.0,169000000.0,-499000000.0,-241000000.0,-1066000000.0,647000000.0,161000000.0,1036000000.0,-295000000.0,3000000.0,-941000000.0,-942000000.0,-277000000.0,-194000000.0,109000000.0,-1486000000.0,-1332000000,2010-09-30,80.04000091552734,80.08000183105469,78.20999908447266,78.68000030517578,58.32635116577149,11940800.0
2010-12-31,12807000000.0,-9349000000.0,3458000000.0,-1947000000.0,-1109000000.0,-543000000.0,1511000000.0,-279000000.0,-295000000.0,1232000000,1232000000,-233000000.0,988000000,968000000,968000000,3592000000.0,8494000000.0,9587000000.0,31810000000.0,12539000000.0,793000000.0,18878000000.0,32210000000.0,64020000000,11182000000.0,7282000000.0,22020000000.0,15932000000.0,30675000000.0,52695000000,3888000000.0,-10397000000.0,21384000000.0,11325000000.0,64020000000,988000000.0,615000000.0,124000000.0,335000000.0,-983000000.0,-581000000.0,604000000.0,1295000000.0,2062000000.0,-553000000.0,-1000000.0,-15000000.0,-378000000.0,-280000000.0,621000000.0,103000000.0,-341000000.0,1327000000,2010-12-31,93.83000183105469,93.9000015258789,93.30999755859376,93.66000366210938,69.81362915039061,2542700.0
2011-03-31,12949000000.0,-9057000000.0,3892000000.0,-1856000000.0,-1099000000.0,-525000000.0,2036000000.0,-273000000.0,-290000000.0,1763000000,1763000000,-512000000.0,1243000000,1225000000,1225000000,4869000000.0,8830000000.0,10676000000.0,34608000000.0,12219000000.0,486000000.0,19074000000.0,31779000000.0,66387000000,10523000000.0,9152000000.0,23147000000.0,15428000000.0,30109000000.0,53256000000,4044000000.0,-10331000000.0,22640000000.0,13131000000.0,66387000000,1243000000.0,575000000.0,95000000.0,-1148000000.0,-17000000.0,-1185000000.0,364000000.0,-310000000.0,765000000.0,-458000000.0,-6000000.0,13000000.0,-434000000.0,-281000000.0,1460000000.0,58000000.0,890000000.0,1277000000,2011-03-31,110.81999969482422,111.9800033569336,110.81999969482422,111.3499984741211,83.38994598388672,5168600.0
2011-06-30,14230000000.0,-10303000000.0,3927000000.0,-2117000000.0,-1257000000.0,-584000000.0,1810000000.0,-460000000.0,-299000000.0,1350000000,1350000000,-318000000.0,1022000000,1015000000,1015000000,10715000000.0,8916000000.0,11359000000.0,40755000000.0,12430000000.0,1023000000.0,19403000000.0,32856000000.0,73611000000,11799000000.0,7949000000.0,23510000000.0,17013000000.0,36205000000.0,59715000000,4165000000.0,-10311000000.0,23081000000.0,13896000000.0,73611000000,1022000000.0,599000000.0,242000000.0,666000000.0,62000000.0,-665000000.0,692000000.0,577000000.0,2529000000.0,-425000000.0,-3000000.0,-60000000.0,-752000000.0,-284000000.0,-1424000000.0,38000000.0,4038000000.0,5846000000,2011-06-30,103.36000061035156,106.93000030517578,103.31999969482422,106.45999908447266,80.05982971191406,10598400.0
2011-09-30,15716000000.0,-11455000000.0,4261000000.0,-2291000000.0,-1360000000.0,-584000000.0,1970000000.0,-336000000.0,-323000000.0,1634000000,1634000000,-474000000.0,1154000000,1141000000,1141000000,3229000000.0,9386000000.0,14412000000.0,36864000000.0,13397000000.0,1283000000.0,26223000000.0,40903000000.0,77767000000,12844000000.0,7070000000.0,25218000000.0,17878000000.0,37845000000.0,63063000000,4229000000.0,-10299000000.0,24251000000.0,14704000000.0,77767000000,1154000000.0,658000000.0,221000000.0,188000000.0,-299000000.0,-866000000.0,252000000.0,1101000000.0,2221000000.0,-694000000.0,-27000000.0,-7345000000.0,-8264000000.0,-297000000.0,-802000000.0,14000000.0,-1316000000.0,-7486000000,2011-09-30,73.45999908447266,75.88999938964844,73.2300033569336,73.83999633789062,55.76358032226562,10537000.0
2011-12-31,17243000000.0,-12763000000.0,4480000000.0,-2317000000.0,-1487000000.0,-604000000.0,2163000000.0,-185000000.0,-310000000.0,1978000000,1978000000,-416000000.0,1562000000,1547000000,1547000000,3057000000.0,10057000000.0,14544000000.0,37900000000.0,14395000000.0,1130000000.0,27793000000.0,43318000000.0,81218000000,14813000000.0,8997000000.0,28357000000.0,16529000000.0,39459000000.0,67816000000,4273000000.0,-10281000000.0,25219000000.0,13402000000.0,81218000000,1562000000.0,695000000.0,-101000000.0,-714000000.0,-1155000000.0,-211000000.0,247000000.0,405000000.0,1442000000.0,-993000000.0,-53000000.0,-416000000.0,-1977000000.0,-297000000.0,729000000.0,13000000.0,407000000.0,-172000000,2011-12-30,90.72000122070312,91.41999816894531,90.4000015258789,90.5999984741211,68.79936981201172,3279800.0
2012-03-31,15981000000.0,-11237000000.0,4744000000.0,-2217000000.0,-1340000000.0,-587000000.0,2527000000.0,-229000000.0,-317000000.0,2298000000,2298000000,-689000000.0,1611000000,1586000000,1586000000,2864000000.0,10370000000.0,16511000000.0,40209000000.0,14571000000.0,902000000.0,28226000000.0,43699000000.0,83908000000,13715000000.0,9511000000.0,28849000000.0,16780000000.0,39588000000.0,68437000000,4351000000.0,-10164000000.0,26815000000.0,15471000000.0,83908000000,1611000000.0,661000000.0,-18000000.0,-1939000000.0,150000000.0,-2038000000.0,517000000.0,-568000000.0,315000000.0,-884000000.0,-11000000.0,-63000000.0,-1536000000.0,-298000000.0,856000000.0,7000000.0,991000000.0,-193000000,2012-03-30,106.6999969482422,106.93000030517578,105.58000183105469,106.5199966430664,81.25017547607422,4780300.0
2012-06-30,17374000000.0,-12280000000.0,5094000000.0,-2280000000.0,-1517000000.0,-632000000.0,2814000000.0,-238000000.0,-308000000.0,2576000000,2576000000,-872000000.0,1709000000,1699000000,1699000000,5103000000.0,10443000000.0,17344000000.0,44294000000.0,14928000000.0,803000000.0,28813000000.0,44544000000.0,88838000000,15238000000.0,10194000000.0,31273000000.0,18092000000.0,41584000000.0,72857000000,4373000000.0,-10139000000.0,27842000000.0,15981000000.0,88838000000,1709000000.0,689000000.0,-41000000.0,-694000000.0,-113000000.0,-901000000.0,-218000000.0,538000000.0,1663000000.0,-868000000.0,-11000000.0,-146000000.0,-1968000000.0,-300000000.0,-303000000.0,18000000.0,2710000000.0,2239000000,2012-06-29,84.31999969482422,84.94000244140625,83.80999755859375,84.91000366210938,65.04071807861328,7053400.0
2012-09-30,16445000000.0,-11639000000.0,4806000000.0,-2013000000.0,-1471000000.0,-634000000.0,2793000000.0,-343000000.0,-326000000.0,2450000000,2450000000,-753000000.0,1702000000,1699000000,1699000000,5689000000.0,9814000000.0,17550000000.0,44639000000.0,15509000000.0,1422000000.0,28971000000.0,45902000000.0,90541000000,14576000000.0,11453000000.0,31746000000.0,17516000000.0,40859000000.0,72605000000,4449000000.0,-10118000000.0,29541000000.0,17936000000.0,90541000000,1702000000.0,720000000.0,-208000000.0,-974000000.0,99000000.0,-179000000.0,-633000000.0,-261000000.0,1240000000.0,-934000000.0,-34000000.0,676000000.0,-848000000.0,-339000000.0,-387000000.0,16000000.0,190000000.0,586000000,2012-09-28,86.36000061035156,86.58999633789062,85.43000030517578,86.04000091552734,66.32733917236328,7519300.0
2012-12-31,16075000000.0,-11899000000.0,4176000000.0,-2360000000.0,-1591000000.0,-613000000.0,1816000000.0,-324000000.0,-313000000.0,1492000000,912000000,-214000000.0,700000000,697000000,697000000,5490000000.0,9706000000.0,15547000000.0,42138000000.0,16461000000.0,1316000000.0,29055000000.0,46832000000.0,88970000000,13444000000.0,10642000000.0,29415000000.0,19086000000.0,41973000000.0,71388000000,4481000000.0,-10074000000.0,29558000000.0,17582000000.0,88970000000,700000000.0,743000000.0,656000000.0,-133000000.0,-151000000.0,1969000000.0,-1534000000.0,-417000000.0,1966000000.0,-1273000000.0,-40000000.0,114000000.0,-1838000000.0,-680000000.0,300000000.0,11000000.0,-285000000.0,-199000000,2012-12-31,86.80999755859375,89.80000305175781,86.66999816894531,89.61000061035156,69.89690399169922,7213000.0
2013-03-31,13210000000.0,-9639000000.0,3571000000.0,-2164000000.0,-1390000000.0,-562000000.0,1407000000.0,-280000000.0,-309000000.0,1127000000,1127000000,-246000000.0,882000000,880000000,880000000,5982000000.0,9843000000.0,15074000000.0,42145000000.0,16276000000.0,1171000000.0,29151000000.0,46598000000.0,88743000000,12054000000.0,11468000000.0,28974000000.0,18572000000.0,41451000000.0,70425000000,4510000000.0,-10005000000.0,30438000000.0,18318000000.0,88743000000,882000000.0,723000000.0,98000000.0,-279000000.0,209000000.0,308000000.0,118000000.0,-914000000.0,1424000000.0,-1056000000.0,-25000000.0,98000000.0,-1459000000.0,0.0,387000000.0,8000000.0,545000000.0,492000000,2013-03-28,87.05000305175781,87.9800033569336,86.6500015258789,86.97000122070312,67.83768463134766,6213400.0
2013-06-30,14621000000.0,-10773000000.0,3848000000.0,-2106000000.0,-1421000000.0,-548000000.0,1742000000.0,-389000000.0,-305000000.0,1353000000,1353000000,-387000000.0,965000000,960000000,960000000,6110000000.0,9396000000.0,13889000000.0,40805000000.0,16352000000.0,1230000000.0,28988000000.0,46570000000.0,87375000000,12640000000.0,12367000000.0,29919000000.0,17731000000.0,39778000000.0,69697000000,4591000000.0,-10940000000.0,30668000000.0,17678000000.0,87375000000,965000000.0,761000000.0,138000000.0,1305000000.0,22000000.0,1056000000.0,187000000.0,40000000.0,3169000000.0,-783000000.0,-35000000.0,-24000000.0,-1341000000.0,-342000000.0,830000000.0,-952000000.0,-1677000000.0,128000000,2013-06-28,82.76000213623047,83.19000244140625,82.30999755859375,82.48999786376953,64.75656127929689,8448800.0
2013-09-30,13423000000.0,-9774000000.0,3649000000.0,-2070000000.0,-1319000000.0,-469000000.0,1579000000.0,-318000000.0,-294000000.0,1261000000,1261000000,-310000000.0,950000000,946000000,946000000,6357000000.0,8649000000.0,13392000000.0,40088000000.0,16588000000.0,1329000000.0,29267000000.0,47184000000.0,87272000000,12154000000.0,12122000000.0,29119000000.0,18064000000.0,39976000000.0,69095000000,4657000000.0,-11914000000.0,31614000000.0,18177000000.0,87272000000,950000000.0,779000000.0,141000000.0,1148000000.0,761000000.0,547000000.0,-148000000.0,-12000000.0,3018000000.0,-731000000.0,45000000.0,-99000000.0,-1278000000.0,-388000000.0,519000000.0,-979000000.0,-1496000000.0,247000000,2013-09-30,82.94999694824219,83.83000183105469,82.83000183105469,83.4000015258789,65.92733001708984,5401500.0
2013-12-31,14402000000.0,-10541000000.0,3861000000.0,-2234000000.0,-1417000000.0,-467000000.0,1627000000.0,-240000000.0,-284000000.0,1387000000,1387000000,-376000000.0,1006000000,1003000000,1003000000,6081000000.0,8413000000.0,12625000000.0,38335000000.0,17075000000.0,1397000000.0,28089000000.0,46561000000.0,84896000000,12817000000.0,10255000000.0,27297000000.0,18720000000.0,36721000000.0,64018000000,4709000000.0,-11854000000.0,31854000000.0,20878000000.0,84896000000,1006000000.0,824000000.0,105000000.0,645000000.0,-157000000.0,747000000.0,-23000000.0,78000000.0,2580000000.0,-1032000000.0,62000000.0,195000000.0,-968000000.0,-381000000.0,-1805000000.0,51000000.0,-1883000000.0,-276000000,2013-12-31,91.0,91.18000030517578,90.45999908447266,90.80999755859376,72.28762817382812,3098900.0
2014-03-31,13241000000.0,-9437000000.0,3804000000.0,-2246000000.0,-1292000000.0,-508000000.0,1558000000.0,-216000000.0,-270000000.0,1342000000,1342000000,-418000000.0,925000000,922000000,922000000,5345000000.0,8565000000.0,12888000000.0,37968000000.0,16716000000.0,1284000000.0,28429000000.0,46429000000.0,84397000000,12419000000.0,10513000000.0,27295000000.0,18803000000.0,36733000000.0,64028000000,4773000000.0,-13442000000.0,32775000000.0,20369000000.0,84397000000,925000000.0,781000000.0,115000000.0,76000000.0,-37000000.0,-270000000.0,403000000.0,-20000000.0,1897000000.0,-555000000.0,10000000.0,8000000.0,-948000000.0,-383000000.0,944000000.0,-1646000000.0,-1651000000.0,-736000000,2014-03-31,100.0,100.62999725341795,99.0500030517578,99.37000274658205,79.61865997314453,5772600.0
2014-06-30,14150000000.0,-10197000000.0,3953000000.0,-2325000000.0,-1437000000.0,-516000000.0,1628000000.0,-208000000.0,-273000000.0,1420000000,1420000000,-419000000.0,1002000000,999000000,999000000,7927000000.0,8057000000.0,13055000000.0,41276000000.0,16690000000.0,1548000000.0,28313000000.0,46551000000.0,87827000000,13191000000.0,12407000000.0,29741000000.0,17812000000.0,37163000000.0,66904000000,4890000000.0,-13312000000.0,32961000000.0,20923000000.0,87827000000,1002000000.0,789000000.0,125000000.0,321000000.0,288000000.0,-169000000.0,35000000.0,167000000.0,2237000000.0,-538000000.0,-461000000.0,116000000.0,-1434000000.0,-374000000.0,805000000.0,102000000.0,1832000000.0,2582000000,2014-06-30,108.68000030517578,109.02999877929688,107.97000122070312,108.66999816894531,87.58277893066406,2249200.0
2014-09-30,13549000000.0,-9634000000.0,3915000000.0,-2366000000.0,-1446000000.0,-533000000.0,1549000000.0,-168000000.0,-285000000.0,1381000000,1381000000,-364000000.0,1021000000,1017000000,1017000000,6082000000.0,7705000000.0,13328000000.0,39042000000.0,16431000000.0,1473000000.0,27542000000.0,45446000000.0,84488000000,12983000000.0,10586000000.0,27589000000.0,18682000000.0,38003000000.0,65592000000,4968000000.0,-15765000000.0,33977000000.0,18896000000.0,84488000000,1021000000.0,798000000.0,87000000.0,146000000.0,142000000.0,-420000000.0,80000000.0,344000000.0,2052000000.0,-608000000.0,29000000.0,54000000.0,-621000000.0,-440000000.0,-958000000.0,-2476000000.0,-3240000000.0,-1845000000,2014-09-30,100.02999877929688,100.0999984741211,98.8000030517578,99.02999877929688,80.31810760498047,3746100.0
2014-12-31,14244000000.0,-11450000000.0,2794000000.0,-3591000000.0,-2354000000.0,-823000000.0,-797000000.0,-194000000.0,-280000000.0,-991000000,-991000000,509000000.0,-480000000,-486000000,-486000000,7341000000.0,7737000000.0,12205000000.0,38867000000.0,16577000000.0,1364000000.0,27873000000.0,45814000000.0,84681000000,13435000000.0,10982000000.0,27877000000.0,18291000000.0,39978000000.0,67855000000,5016000000.0,-15726000000.0,33887000000.0,16826000000.0,84681000000,-480000000.0,795000000.0,1813000000.0,-257000000.0,-230000000.0,960000000.0,-296000000.0,-691000000.0,1871000000.0,-774000000.0,407000000.0,-9000000.0,-624000000.0,-423000000.0,252000000.0,21000000.0,63000000.0,1259000000,2014-12-31,92.88999938964844,93.56999969482422,91.4499969482422,91.52999877929688,74.80076599121094,3251100.0
2015-03-31,12702000000.0,-8760000000.0,3942000000.0,-2090000000.0,-1249000000.0,-524000000.0,1852000000.0,-85000000.0,-279000000.0,1767000000,1767000000,-521000000.0,1248000000,1245000000,1245000000,7563000000.0,7586000000.0,12099000000.0,38491000000.0,16277000000.0,1252000000.0,26470000000.0,43999000000.0,82490000000,11730000000.0,11451000000.0,26566000000.0,17308000000.0,38886000000.0,65452000000,5101000000.0,-16036000000.0,34998000000.0,17038000000.0,82490000000,1248000000.0,753000000.0,-88000000.0,-643000000.0,6000000.0,-89000000.0,228000000.0,-788000000.0,1270000000.0,-659000000.0,13000000.0,138000000.0,-384000000.0,-424000000.0,950000000.0,-368000000.0,-622000000.0,222000000,2015-03-31,80.51000213623047,80.6500015258789,79.80999755859375,80.02999877929688,65.93890380859375,4848600.0
2015-06-30,12317000000.0,-8674000000.0,3643000000.0,-2162000000.0,-1318000000.0,-510000000.0,1481000000.0,-345000000.0,-273000000.0,1136000000,1136000000,-335000000.0,803000000,802000000,802000000,7821000000.0,7212000000.0,11681000000.0,38227000000.0,16136000000.0,1290000000.0,26589000000.0,44015000000.0,82242000000,11245000000.0,10849000000.0,25606000000.0,17948000000.0,39475000000.0,65081000000,5142000000.0,-16144000000.0,34823000000.0,17161000000.0,82242000000,803000000.0,761000000.0,230000000.0,294000000.0,377000000.0,421000000.0,-554000000.0,50000000.0,2088000000.0,-445000000.0,-4000000.0,-33000000.0,-707000000.0,-422000000.0,1022000000.0,-124000000.0,-1131000000.0,258000000,2015-06-30,86.08999633789062,86.25,84.80000305175781,84.81999969482422,70.46473693847656,4077900.0
2015-09-30,10962000000.0,-7872000000.0,3090000000.0,-2023000000.0,-1129000000.0,-513000000.0,1067000000.0,-284000000.0,-269000000.0,783000000,783000000,-218000000.0,562000000,559000000,559000000,6046000000.0,6783000000.0,11150000000.0,35280000000.0,15955000000.0,1266000000.0,26468000000.0,43689000000.0,78969000000,10706000000.0,11807000000.0,25833000000.0,16211000000.0,37168000000.0,63001000000,5190000000.0,-17642000000.0,35191000000.0,15968000000.0,78969000000,562000000.0,758000000.0,181000000.0,5000000.0,231000000.0,508000000.0,-567000000.0,-167000000.0,1506000000.0,-620000000.0,-67000000.0,-71000000.0,-882000000.0,-463000000.0,-50000000.0,-1499000000.0,-2302000000.0,-1775000000,2015-09-30,64.94999694824219,65.63999938964844,64.15000152587889,65.36000061035156,54.79961013793945,7850300.0
2015-12-31,11030000000.0,-8240000000.0,2790000000.0,-2818000000.0,-1255000000.0,-572000000.0,-28000000.0,-219000000.0,-273000000.0,-247000000,-247000000,158000000.0,-90000000,-94000000,-94000000,6460000000.0,6695000000.0,9700000000.0,33508000000.0,16090000000.0,1170000000.0,27574000000.0,44834000000.0,78342000000,11098000000.0,12318000000.0,26242000000.0,16209000000.0,37215000000.0,63457000000,5238000000.0,-17640000000.0,29246000000.0,14885000000.0,78342000000,-90000000.0,774000000.0,2000000.0,1149000000.0,150000000.0,1434000000.0,-272000000.0,-163000000.0,1835000000.0,-777000000.0,-76000000.0,-256000000.0,-1544000000.0,-448000000.0,1100000000.0,-1000000.0,161000000.0,414000000,2015-12-31,68.44999694824219,69.09999847412111,67.94000244140625,67.95999908447266,57.61629104614258,4356400.0
2016-03-31,9461000000.0,-6822000000.0,2639000000.0,-1993000000.0,-1088000000.0,-508000000.0,646000000.0,-281000000.0,-281000000.0,365000000,365000000,-92000000.0,272000000,271000000,271000000,5886000000.0,6856000000.0,9849000000.0,33748000000.0,15935000000.0,1159000000.0,27465000000.0,44559000000.0,78307000000,9969000000.0,13312000000.0,26215000000.0,15556000000.0,36339000000.0,62554000000,5247000000.0,-17595000000.0,29517000000.0,15753000000.0,78307000000,272000000.0,740000000.0,269000000.0,-791000000.0,14000000.0,-74000000.0,211000000.0,-942000000.0,490000000.0,-567000000.0,-13000000.0,-12000000.0,-572000000.0,-448000000.0,486000000.0,-45000000.0,-503000000.0,-574000000,2016-03-31,76.30000305175781,77.12999725341797,76.23999786376953,76.54000091552734,65.70286560058594,4348700.0
2016-06-30,10342000000.0,-7419000000.0,2923000000.0,-1990000000.0,-1123000000.0,-468000000.0,933000000.0,-194000000.0,-278000000.0,739000000,739000000,-184000000.0,553000000,550000000,550000000,6764000000.0,6326000000.0,9458000000.0,33606000000.0,15916000000.0,1180000000.0,27598000000.0,44694000000.0,78300000000,11001000000.0,13025000000.0,27183000000.0,15546000000.0,35814000000.0,62997000000,5277000000.0,-17579000000.0,29167000000.0,15303000000.0,78300000000,553000000.0,754000000.0,99000000.0,908000000.0,559000000.0,379000000.0,-3000000.0,-27000000.0,2314000000.0,-655000000.0,-35000000.0,-26000000.0,-885000000.0,-450000000.0,-95000000.0,-2000000.0,-541000000.0,878000000,2016-06-30,74.16999816894531,75.8499984741211,73.97000122070312,75.80999755859375,65.71074676513672,4695500.0
2016-09-30,9160000000.0,-6527000000.0,2633000000.0,-2005000000.0,-992000000.0,-453000000.0,628000000.0,-245000000.0,-273000000.0,383000000,383000000,-96000000.0,283000000,283000000,283000000,6113000000.0,5797000000.0,9478000000.0,31999000000.0,15680000000.0,1102000000.0,27621000000.0,44403000000.0,76402000000,9574000000.0,12672000000.0,25290000000.0,15190000000.0,35397000000.0,60687000000,5266000000.0,-17544000000.0,29450000000.0,15715000000.0,76402000000,283000000.0,761000000.0,272000000.0,-145000000.0,555000000.0,26000000.0,-371000000.0,-355000000.0,1171000000.0,-406000000.0,13000000.0,-34000000.0,-161000000.0,-450000000.0,-502000000.0,-7000000.0,-1649000000.0,-651000000,2016-09-30,87.98999786376953,88.9800033569336,87.80999755859375,88.7699966430664,77.68546295166016,6379100.0
2016-12-31,9574000000.0,-7541000000.0,2033000000.0,-2551000000.0,-1483000000.0,-522000000.0,-518000000.0,-235000000.0,-269000000.0,-753000000,-1348000000,180000000.0,-1167000000,-1171000000,-1171000000,7168000000.0,5981000000.0,8614000000.0,31967000000.0,15322000000.0,1029000000.0,26386000000.0,42737000000.0,74704000000,9872000000.0,13249000000.0,26132000000.0,14382000000.0,35359000000.0,61491000000,5277000000.0,-17478000000.0,27377000000.0,13213000000.0,74704000000,-1167000000.0,779000000.0,1365000000.0,684000000.0,-299000000.0,778000000.0,-37000000.0,242000000.0,1661000000.0,-401000000.0,338000000.0,-119000000.0,-142000000.0,-451000000.0,251000000.0,31000000.0,-447000000.0,1055000000,2016-12-30,93.04000091552734,93.25,92.33000183105469,92.73999786376952,81.87615203857422,3471200.0
2017-03-31,9822000000.0,-6758000000.0,3064000000.0,-2488000000.0,-1045000000.0,-418000000.0,576000000.0,-287000000.0,-282000000.0,289000000,289000000,-90000000.0,194000000,192000000,192000000,9472000000.0,6533000000.0,9082000000.0,35548000000.0,14727000000.0,944000000.0,26330000000.0,42001000000.0,77549000000,10559000000.0,13616000000.0,27635000000.0,14921000000.0,36254000000.0,63889000000,5222000000.0,-17391000000.0,27584000000.0,13660000000.0,77549000000,194000000.0,710000000.0,301000000.0,336000000.0,-353000000.0,-444000000.0,732000000.0,401000000.0,1541000000.0,-275000000.0,24000000.0,-18000000.0,-125000000.0,-452000000.0,618000000.0,-19000000.0,879000000.0,2304000000,2017-03-31,92.62999725341795,93.23999786376952,92.0199966430664,92.76000213623048,82.57331848144531,4020600.0
2017-06-30,11331000000.0,-7769000000.0,3562000000.0,-2149000000.0,-1289000000.0,-453000000.0,1413000000.0,-254000000.0,-283000000.0,1159000000,1159000000,-361000000.0,803000000,802000000,802000000,10232000000.0,6675000000.0,9388000000.0,36991000000.0,14420000000.0,940000000.0,26159000000.0,41519000000.0,78510000000,11441000000.0,13367000000.0,28133000000.0,15000000000.0,36298000000.0,64431000000,5316000000.0,-17307000000.0,27471000000.0,14079000000.0,78510000000,803000000.0,720000000.0,189000000.0,671000000.0,-89000000.0,-244000000.0,381000000.0,623000000.0,2383000000.0,-286000000.0,-44000000.0,88000000.0,-34000000.0,-454000000.0,-1123000000.0,102000000.0,-1573000000.0,780000000,2017-06-30,106.0999984741211,108.04000091552734,105.83000183105469,107.45999908447266,96.45357513427734,4702100.0
2017-09-30,11413000000.0,-7678000000.0,3735000000.0,-2063000000.0,-1254000000.0,-461000000.0,1672000000.0,-149000000.0,-281000000.0,1523000000,1523000000,-470000000.0,1061000000,1059000000,1059000000,9591000000.0,6691000000.0,10212000000.0,37185000000.0,14187000000.0,969000000.0,26219000000.0,41375000000.0,78560000000,11565000000.0,11073000000.0,25903000000.0,16015000000.0,36960000000.0,62863000000,5460000000.0,-17130000000.0,28530000000.0,15697000000.0,78560000000,1061000000.0,723000000.0,106000000.0,-649000000.0,-13000000.0,-801000000.0,258000000.0,-93000000.0,1241000000.0,-212000000.0,-143000000.0,-24000000.0,-274000000.0,-461000000.0,-1898000000.0,270000000.0,-1620000000.0,-626000000,2017-09-29,125.3499984741211,125.5500030517578,124.51000213623048,124.70999908447266,112.74476623535156,2273500.0
2017-12-31,12896000000.0,-9055000000.0,3841000000.0,-2396000000.0,-1411000000.0,-510000000.0,1445000000.0,-334000000.0,-331000000.0,1111000000,1111000000,-2418000000.0,-1299000000,-1299000000,-1299000000,8261000000.0,7436000000.0,10018000000.0,36244000000.0,14155000000.0,990000000.0,25573000000.0,40718000000.0,76962000000,12738000000.0,11024000000.0,26931000000.0,15918000000.0,36265000000.0,63196000000,5593000000.0,-17005000000.0,26301000000.0,13766000000.0,76962000000,-1299000000.0,724000000.0,1668000000.0,-552000000.0,-696000000.0,194000000.0,107000000.0,-157000000.0,541000000.0,-399000000.0,47000000.0,-5000000.0,-533000000.0,-464000000.0,-655000000.0,213000000.0,-1343000000.0,-1337000000,2017-12-29,158.0500030517578,158.5,157.50999450683594,157.5800018310547,143.310791015625,2616100.0
2018-03-31,12859000000.0,-8566000000.0,4293000000.0,-2019000000.0,-1276000000.0,-443000000.0,2274000000.0,-140000000.0,-267000000.0,2134000000,2134000000,-472000000.0,1667000000,1665000000,1665000000,7888000000.0,7894000000.0,10947000000.0,37357000000.0,13912000000.0,1004000000.0,25741000000.0,40657000000.0,78014000000,11971000000.0,12135000000.0,27402000000.0,15185000000.0,35340000000.0,62742000000,5640000000.0,-17347000000.0,27929000000.0,15272000000.0,78014000000,1667000000.0,681000000.0,148000000.0,-1561000000.0,-326000000.0,-803000000.0,486000000.0,-918000000.0,935000000.0,-499000000.0,-108000000.0,-328000000.0,-800000000.0,-467000000.0,1151000000.0,-351000000.0,-538000000.0,-393000000,2018-03-29,146.2100067138672,148.77000427246094,145.57000732421875,147.3800048828125,134.65653991699222,4209400.0
2018-06-30,14011000000.0,-9422000000.0,4589000000.0,-2240000000.0,-1440000000.0,-462000000.0,2349000000.0,-163000000.0,-284000000.0,2186000000,2186000000,-490000000.0,1705000000,1707000000,1707000000,8654000000.0,7991000000.0,11255000000.0,38641000000.0,13752000000.0,1084000000.0,25510000000.0,40346000000.0,78987000000,12590000000.0,12426000000.0,28300000000.0,15717000000.0,35745000000.0,64045000000,5746000000.0,-18028000000.0,28657000000.0,14942000000.0,78987000000,1705000000.0,686000000.0,298000000.0,-541000000.0,-377000000.0,-405000000.0,59000000.0,182000000.0,2148000000.0,-490000000.0,-42000000.0,-8000000.0,-1268000000.0,-466000000.0,336000000.0,-643000000.0,-35000000.0,767000000,2018-06-29,136.61000061035156,137.85000610351562,135.58000183105472,135.66999816894528,124.5815887451172,4107900.0
2018-09-30,13510000000.0,-9022000000.0,4488000000.0,-2168000000.0,-1299000000.0,-479000000.0,2320000000.0,-185000000.0,-287000000.0,2135000000,2135000000,-415000000.0,1727000000,1727000000,1727000000,8007000000.0,7974000000.0,11814000000.0,38454000000.0,13607000000.0,1129000000.0,25019000000.0,39755000000.0,78209000000,12353000000.0,10263000000.0,26033000000.0,17450000000.0,36286000000.0,62319000000,5715000000.0,-18681000000.0,30384000000.0,15890000000.0,78209000000,1727000000.0,698000000.0,184000000.0,-1217000000.0,-22000000.0,-614000000.0,-49000000.0,-532000000.0,1392000000.0,-408000000.0,96000000.0,-7000000.0,-346000000.0,-511000000.0,-1952000000.0,-714000000.0,-1645000000.0,-648000000,2018-09-28,152.0,152.91000366210938,150.55999755859375,152.49000549316406,140.88543701171875,3599900.0
2018-12-31,14342000000.0,-9987000000.0,4355000000.0,-2283000000.0,-1463000000.0,-466000000.0,2072000000.0,-705000000.0,-288000000.0,1367000000,1367000000,-321000000.0,1049000000,1048000000,1048000000,7857000000.0,8802000000.0,11529000000.0,38603000000.0,13574000000.0,1161000000.0,25171000000.0,39906000000.0,78509000000,13513000000.0,11543000000.0,28218000000.0,16995000000.0,36211000000.0,64429000000,5827000000.0,-20531000000.0,30427000000.0,14080000000.0,78509000000,1049000000.0,701000000.0,1091000000.0,-758000000.0,-894000000.0,243000000.0,213000000.0,-320000000.0,2083000000.0,-583000000.0,-10000000.0,-33000000.0,-798000000.0,-507000000.0,1227000000.0,-1777000000.0,-1432000000.0,-156000000,2018-12-31,126.5999984741211,128.11000061035156,124.5,127.06999969482422,118.14813232421876,3455200.0
2019-03-31,13466000000.0,-9003000000.0,4463000000.0,-2066000000.0,-1319000000.0,-435000000.0,2397000000.0,-133000000.0,-293000000.0,2264000000,2264000000,-387000000.0,1884000000,1881000000,1881000000,7128000000.0,8961000000.0,12340000000.0,39126000000.0,13259000000.0,1149000000.0,25192000000.0,39600000000.0,78726000000,12157000000.0,11525000000.0,27388000000.0,16590000000.0,35860000000.0,63248000000,5804000000.0,-21214000000.0,32435000000.0,15478000000.0,78726000000,1884000000.0,641000000.0,88000000.0,-1492000000.0,-150000000.0,-813000000.0,355000000.0,-884000000.0,1121000000.0,-338000000.0,-50000000.0,-2000000.0,-181000000.0,-494000000.0,-522000000.0,-756000000.0,-1675000000.0,-732000000,2019-03-29,134.0,136.27999877929688,133.6199951171875,135.49000549316406,126.78739166259766,4681600.0
2019-06-30,14432000000.0,-9941000000.0,4491000000.0,-2086000000.0,-1309000000.0,-441000000.0,2405000000.0,-227000000.0,-295000000.0,2178000000,2178000000,-565000000.0,1619000000,1620000000,1620000000,7429000000.0,8996000000.0,12007000000.0,39789000000.0,13172000000.0,1154000000.0,25072000000.0,39398000000.0,79187000000,12814000000.0,11501000000.0,27735000000.0,17107000000.0,36574000000.0,64309000000,5822000000.0,-22467000000.0,32981000000.0,14878000000.0,79187000000,1619000000.0,647000000.0,352000000.0,-30000000.0,-16000000.0,326000000.0,-221000000.0,-119000000.0,2588000000.0,-465000000.0,-23000000.0,-1000000.0,-898000000.0,-492000000.0,86000000.0,-1310000000.0,-1376000000.0,301000000,2019-06-28,136.0,137.27000427246094,136.0,136.28999328613278,128.30906677246094,10469400.0
2019-09-30,12758000000.0,-8569000000.0,4189000000.0,-1980000000.0,-1251000000.0,-431000000.0,2209000000.0,-204000000.0,-292000000.0,2005000000,2005000000,-518000000.0,1494000000,1494000000,1494000000,7906000000.0,8275000000.0,12180000000.0,39160000000.0,12842000000.0,1193000000.0,24798000000.0,38833000000.0,77993000000,11411000000.0,12293000000.0,27201000000.0,16454000000.0,35799000000.0,63000000000,5951000000.0,-23693000000.0,34477000000.0,14993000000.0,77993000000,1494000000.0,645000000.0,174000000.0,-1544000000.0,593000000.0,-189000000.0,-803000000.0,-1145000000.0,769000000.0,-241000000.0,-71000000.0,0.0,-275000000.0,-578000000.0,-570000000.0,-1158000000.0,20000000.0,477000000,2019-09-30,126.33999633789062,127.0999984741211,125.87999725341795,126.30999755859376,119.8284683227539,2795300.0
2019-12-31,13144000000.0,-9117000000.0,4027000000.0,-1994000000.0,-1283000000.0,-386000000.0,2033000000.0,-668000000.0,-295000000.0,1365000000,1365000000,-276000000.0,1097000000,1098000000,1098000000,8284000000.0,8568000000.0,11266000000.0,39193000000.0,12904000000.0,1193000000.0,25163000000.0,39260000000.0,78453000000,11903000000.0,11355000000.0,26621000000.0,17140000000.0,37203000000.0,63824000000,5935000000.0,-24217000000.0,34437000000.0,14629000000.0,78453000000,1097000000.0,644000000.0,557000000.0,136000000.0,-256000000.0,950000000.0,-356000000.0,-202000000.0,2434000000.0,-472000000.0,121000000.0,-3000000.0,-574000000.0,-568000000.0,868000000.0,-585000000.0,-1507000000.0,356000000,2019-12-31,147.42999267578125,148.22999572753906,146.7899932861328,147.67999267578125,141.20310974121094,1952500.0
2020-03-31,10635000000.0,-7266000000.0,3369000000.0,-1790000000.0,-1121000000.0,-356000000.0,1579000000.0,-66000000.0,-288000000.0,1513000000,1513000000,-425000000.0,1093000000,1092000000,1092000000,7123000000.0,7834000000.0,11748000000.0,37586000000.0,12488000000.0,1196000000.0,24624000000.0,38308000000.0,75894000000,10566000000.0,12581000000.0,26516000000.0,15371000000.0,35139000000.0,61655000000,6046000000.0,-25341000000.0,35504000000.0,14239000000.0,75894000000,1093000000.0,614000000.0,300000000.0,-877000000.0,500000000.0,-541000000.0,90000000.0,-926000000.0,1130000000.0,-332000000.0,-112000000.0,-35000000.0,-213000000.0,-567000000.0,-40000000.0,-1066000000.0,-1999000000.0,-1162000000,2020-03-31,110.7300033569336,116.91000366210938,110.26000213623048,116.04000091552734,111.72901153564452,8970800.0
2020-06-30,9997000000.0,-7113000000.0,2884000000.0,-1951000000.0,-1179000000.0,-341000000.0,933000000.0,-255000000.0,-284000000.0,678000000,678000000,-227000000.0,459000000,458000000,458000000,8784000000.0,7134000000.0,11371000000.0,37862000000.0,12357000000.0,1167000000.0,25180000000.0,38704000000.0,76566000000,11541000000.0,10307000000.0,25231000000.0,17178000000.0,37558000000.0,62789000000,6120000000.0,-25412000000.0,34841000000.0,13777000000.0,76566000000,459000000.0,608000000.0,210000000.0,114000000.0,676000000.0,396000000.0,-745000000.0,-213000000.0,1391000000.0,-284000000.0,-106000000.0,-1000000.0,-530000000.0,-558000000.0,-437000000.0,-74000000.0,786000000.0,1661000000,2020-06-30,124.01000213623048,127.05999755859376,124.01000213623048,126.5,122.9186553955078,2778800.0
