Report Date,Revenue,Cost of Revenue,Gross Profit,Operating Expenses,"Selling, General & Administrative",Depreciation & Amortization,Operating Income (Loss),Non-Operating Income (Loss),"Pretax Income (Loss), Adj.",Pretax Income (Loss),"Income Tax (Expense) Benefit, Net",Income (Loss) from Continuing Operations,Net Income,Net Income (Common),"Cash, Cash Equivalents & Short Term Investments",Accounts & Notes Receivable,Total Current Assets,"Property, Plant & Equipment, Net",Other Long Term Assets,Total Noncurrent Assets,Total Assets,Payables & Accruals,Total Current Liabilities,Total Noncurrent Liabilities,Total Liabilities,Share Capital & Additional Paid-In Capital,Treasury Stock,Retained Earnings,Total Equity,Total Liabilities & Equity,Net Income/Starting Line,Depreciation & Amortization.1,Non-Cash Items,Change in Working Capital,Net Cash from Operating Activities,Change in Fixed Assets & Intangibles,Net Change in Long Term Investment,Net Cash from Investing Activities,Dividends Paid,Cash from (Repurchase of) Equity,Net Cash from Financing Activities,Net Change in Cash,Price Date,Open,High,Low,Close,Adj Close,Volume
2011-06-30,120290000.0,-10373000.0,109917000.0,-53465000.0,-26872000.0,-8996000.0,56452000.0,-162000.0,56290000,56290000,-22889000.0,33401000,33401000,32609000,106545000.0,45801000.0,177550000.0,81489000.0,48227000.0,141872000.0,319422000,32615000.0,60921000.0,31207000.0,92128000,50391000.0,-3075000.0,180903000.0,227294000.0,319422000,33401000.0,8996000.0,2628000.0,-30685000.0,14340000.0,-11200000.0,0.0,-11181000.0,-9228000.0,0.0,-12303000.0,-9144000,2011-06-30,24.35000038146973,25.0,24.21999931335449,24.60000038146973,21.938920974731445,531800.0
2011-09-30,143604000.0,-13956000.0,129648000.0,-54682000.0,-28361000.0,-8897000.0,74966000.0,-401000.0,74565000,74565000,-33238000.0,41327000,41327000,40597000,147220000.0,46013000.0,207319000.0,77586000.0,47773000.0,137324000.0,344643000,46344000.0,65146000.0,33796000.0,98942000,53367000.0,-17962000.0,211210000.0,245701000.0,344643000,41327000.0,8896000.0,1525000.0,19985000.0,71733000.0,-5151000.0,0.0,-5151000.0,-11020000.0,-14887000.0,-25907000.0,40675000,2011-09-30,25.209999084472656,25.209999084472656,23.6200008392334,24.46999931335449,21.92840385437012,1737900.0
2011-12-31,120208000.0,-12347000.0,107861000.0,-55182000.0,-31612000.0,-7505000.0,52679000.0,-342000.0,52337000,52337000,-20530000.0,31807000,31807000,31287000,134936000.0,37578000.0,189682000.0,76798000.0,47083000.0,138186000.0,327868000,46071000.0,52287000.0,39311000.0,91598000,56377000.0,-51329000.0,232121000.0,236270000.0,327868000,31807000.0,7506000.0,5091000.0,-5572000.0,38832000.0,-5658000.0,0.0,-6853000.0,-10896000.0,-32103000.0,-44263000.0,-12284000,2011-12-30,25.809999465942386,26.0,25.11000061035156,25.86000061035156,23.280048370361328,527900.0
2012-03-31,121392000.0,-11191000.0,110201000.0,-52786000.0,-27457000.0,-8320000.0,57415000.0,-453000.0,56962000,56962000,-23545000.0,33417000,33417000,32863000,148629000.0,48438000.0,214874000.0,76627000.0,47718000.0,138567000.0,353441000,52150000.0,82639000.0,39600000.0,122239000,59314000.0,-81971000.0,254793000.0,231200000.0,353439000,33417000.0,8320000.0,2285000.0,19561000.0,63583000.0,-7869000.0,-394000.0,-8503000.0,-10745000.0,-30641000.0,-41387000.0,13693000,2012-03-30,28.649999618530273,28.649999618530273,28.31999969482422,28.420000076293945,25.69516181945801,603000.0
2012-06-30,132549000.0,-12001000.0,120548000.0,-54479000.0,-28603000.0,-8320000.0,66069000.0,-411000.0,65658000,65658000,-27162000.0,38496000,38496000,37903000,127137000.0,48429000.0,201947000.0,79256000.0,48391000.0,141859000.0,343806000,38375000.0,63908000.0,39991000.0,103899000,62343000.0,-104200000.0,282686000.0,239907000.0,343806000,38496000.0,8320000.0,2978000.0,-26643000.0,23151000.0,-11623000.0,-428000.0,-11811000.0,-10603000.0,-19103000.0,-32832000.0,-21492000,2012-06-29,27.809999465942386,27.8700008392334,27.520000457763672,27.68000030517578,25.14383888244629,415300.0
2012-09-30,128319000.0,-11304000.0,117015000.0,-56154000.0,-29714000.0,-8634000.0,60861000.0,-327000.0,60534000,60534000,-14776000.0,45758000,45758000,45243000,160281000.0,45379000.0,238448000.0,77527000.0,47294000.0,139078000.0,377526000,38307000.0,56089000.0,45916000.0,102005000,65425000.0,-104200000.0,315203000.0,275521000.0,377526000,45758000.0,8634000.0,5520000.0,-5778000.0,54134000.0,-7337000.0,-412000.0,-7749000.0,-13241000.0,0.0,-13241000.0,33144000,2012-09-28,29.63999938964844,29.63999938964844,29.290000915527344,29.399999618530273,26.8455810546875,486000.0
2012-12-31,130078000.0,-11639000.0,118439000.0,-58687000.0,-28428000.0,-6211000.0,59752000.0,-355000.0,59397000,59397000,-19673000.0,39724000,39724000,39245000,135597000.0,45666000.0,202909000.0,74044000.0,47635000.0,135949000.0,338858000,45148000.0,52150000.0,47586000.0,99736000,68725000.0,-104201000.0,275491000.0,239122000.0,338858000,39724000.0,6211000.0,2854000.0,10878000.0,59667000.0,-3237000.0,1234000.0,-4914000.0,-13239000.0,0.0,-79437000.0,-24684000,2012-12-31,29.399999618530273,29.489999771118164,29.290000915527344,29.459999084472656,27.037708282470703,618600.0
2013-03-31,142705000.0,-13169000.0,129536000.0,-60106000.0,-32901000.0,-8282000.0,69430000.0,-721000.0,68709000,68709000,-26336000.0,42373000,42373000,41789000,210486000.0,51136000.0,275424000.0,72277000.0,47703000.0,134201000.0,409625000,55040000.0,85752000.0,49147000.0,134899000,75464000.0,-104204000.0,304567000.0,274726000.0,409625000,42373000.0,8282000.0,6979000.0,37663000.0,95297000.0,-6440000.0,-676000.0,-7108000.0,-13297000.0,0.0,-13300000.0,74889000,2013-03-28,36.560001373291016,36.9900016784668,36.41999816894531,36.93999862670898,34.04587936401367,303200.0
2013-06-30,150772000.0,-14518000.0,136254000.0,-60896000.0,-33831000.0,-8622000.0,75358000.0,-473000.0,74885000,74885000,-28724000.0,46161000,46161000,45477000,207766000.0,55733000.0,296676000.0,71281000.0,47731000.0,133186000.0,429862000,44112000.0,70271000.0,49685000.0,119956000,83880000.0,-110310000.0,337420000.0,309906000.0,429862000,46160000.0,8622000.0,5739000.0,-38958000.0,21563000.0,-6632000.0,-444000.0,-7076000.0,-13307000.0,0.0,-17207000.0,-2720000,2013-06-28,47.13000106811523,47.13000106811523,46.34000015258789,46.63999938964844,43.14482879638672,1304800.0
2013-09-30,136743000.0,-13844000.0,122899000.0,-54472000.0,-29845000.0,-8476000.0,68427000.0,-517000.0,67910000,67910000,-26554000.0,41356000,41356000,40955000,226378000.0,50131000.0,308929000.0,69251000.0,48936000.0,132221000.0,441150000,46985000.0,65397000.0,50354000.0,115751000,87948000.0,-124314000.0,362831000.0,325399000.0,441150000,41356000.0,8476000.0,1585000.0,4087000.0,55504000.0,-6695000.0,-398000.0,-7093000.0,-15945000.0,-13977000.0,-29799000.0,18612000,2013-09-30,44.91999816894531,45.43000030517578,44.900001525878906,45.22999954223633,41.840492248535156,455700.0
2013-12-31,141830000.0,-15045000.0,126785000.0,-54186000.0,-31312000.0,-9108000.0,72599000.0,-447000.0,72152000,72152000,-26043000.0,46109000,46109000,45642000,221341000.0,49888000.0,308861000.0,67294000.0,50853000.0,132728000.0,441589000,96789000.0,107458000.0,49614000.0,157072000,91904000.0,-155627000.0,349290000.0,284517000.0,441589000,46110000.0,9108000.0,1713000.0,-4915000.0,52016000.0,-8906000.0,-402000.0,-9308000.0,-15820000.0,-31313000.0,-47745000.0,-5037000,2013-12-31,51.95000076293945,52.209999084472656,51.599998474121094,51.959999084472656,48.69356155395508,567400.0
2014-03-31,157885000.0,-15902000.0,141983000.0,-59945000.0,-35361000.0,-8604000.0,82038000.0,-495000.0,81543000,81543000,-32519000.0,49024000,49024000,48528000,199065000.0,57856000.0,276022000.0,69180000.0,53071000.0,136822000.0,412844000,49467000.0,74457000.0,51707000.0,126164000,99582000.0,-194754000.0,382587000.0,286680000.0,412844000,49024000.0,8604000.0,7718000.0,22970000.0,88316000.0,-12172000.0,-500000.0,-12672000.0,-15727000.0,-37137000.0,-97920000.0,-22276000,2014-03-31,56.290000915527344,56.81999969482422,55.83000183105469,56.599998474121094,53.21973037719727,543900.0
2014-06-30,143942000.0,-14707000.0,129235000.0,-59519000.0,-32752000.0,-9895000.0,69716000.0,-321000.0,69395000,69395000,-26414000.0,42981000,42981000,42598000,145111000.0,55474000.0,243935000.0,70228000.0,56907000.0,141846000.0,385781000,47809000.0,69029000.0,52861000.0,121890000,106805000.0,-252190000.0,409988000.0,263891000.0,385781000,42981000.0,9895000.0,4625000.0,-24581000.0,32920000.0,-16154000.0,-473000.0,-16624000.0,-15580000.0,-51135000.0,-70250000.0,-53954000,2014-06-30,48.9900016784668,49.34000015258789,48.86999893188477,49.209999084472656,46.435508728027344,555300.0
2014-09-30,148910000.0,-16235000.0,132675000.0,-57591000.0,-30583000.0,-10361000.0,75084000.0,-271000.0,74813000,74813000,-26447000.0,48366000,48366000,48146000,126519000.0,55121000.0,222726000.0,70379000.0,59062000.0,144360000.0,367086000,49982000.0,68283000.0,53679000.0,121962000,108938000.0,-303547000.0,440441000.0,245124000.0,367086000,48367000.0,10361000.0,1765000.0,2337000.0,62830000.0,-11648000.0,-526000.0,-12174000.0,-17914000.0,-51329000.0,-69248000.0,-18592000,2014-09-30,53.47000122070313,53.90999984741211,53.22000122070313,53.52999877929688,50.70955276489258,457900.0
2014-12-31,166488000.0,-19266000.0,147222000.0,-60259000.0,-32084000.0,-11053000.0,86963000.0,-3017000.0,83946000,83946000,-34603000.0,49343000,49343000,49120000,147927000.0,58386000.0,244107000.0,66856000.0,72938000.0,139794000.0,383901000,60340000.0,73665000.0,60169000.0,133834000,111038000.0,-332287000.0,472005000.0,250067000.0,383901000,49342000.0,11053000.0,6145000.0,12051000.0,78591000.0,-10180000.0,-488000.0,-10668000.0,-17778000.0,-28727000.0,-46515000.0,21408000,2014-12-31,64.25,64.63999938964844,63.4000015258789,63.41999816894531,60.29167938232422,328100.0
2015-03-31,142839000.0,-14150000.0,128689000.0,-59136000.0,-27940000.0,-10402000.0,69553000.0,-276000.0,69277000,69277000,-27018000.0,42259000,42259000,42079000,137558000.0,51986000.0,209385000.0,62725000.0,60947000.0,166412000.0,375797000,47247000.0,70712000.0,61350000.0,132062000,114887000.0,-366821000.0,496539000.0,243735000.0,375797000,42259000.0,10402000.0,3518000.0,22276000.0,78455000.0,-7536000.0,-30469000.0,-37759000.0,-17725000.0,-31415000.0,-51065000.0,-10369000,2015-03-31,57.97000122070313,58.22999954223633,57.15999984741211,57.40999984741211,54.76158142089844,551800.0
2015-06-30,148725000.0,-16755000.0,131970000.0,-58600000.0,-26662000.0,-11275000.0,73370000.0,261000.0,73631000,73631000,-28786000.0,44845000,44845000,44646000,89634000.0,63387000.0,194619000.0,62168000.0,61915000.0,167490000.0,362109000,53122000.0,72464000.0,62628000.0,135092000,118085000.0,-414038000.0,523822000.0,227017000.0,362109000,44846000.0,11275000.0,3126000.0,-31877000.0,27370000.0,-10100000.0,-466000.0,-10566000.0,-17563000.0,-47217000.0,-64728000.0,-47924000,2015-06-30,57.45000076293945,57.63999938964844,56.81000137329102,57.22000122070313,54.77594375610352,723800.0
2015-09-30,187035000.0,-21840000.0,165195000.0,-64085000.0,-30990000.0,-12394000.0,101110000.0,341000.0,101451000,101451000,-33935000.0,67516000,67516000,67219000,121678000.0,65863000.0,222700000.0,58222000.0,72817000.0,174719000.0,397419000,63941000.0,78663000.0,58939000.0,137602000,121310000.0,-432868000.0,572213000.0,259817000.0,397419000,67516000.0,12394000.0,891000.0,7511000.0,88312000.0,-9295000.0,16000.0,-14312000.0,-19125000.0,-18771000.0,-41956000.0,32044000,2015-09-30,66.30000305175781,67.22000122070311,65.94999694824219,67.08000183105469,64.45165252685547,717900.0
2015-12-31,185201000.0,-49355000.0,135846000.0,-59979000.0,-29308000.0,-12229000.0,75867000.0,3774000.0,79641000,79641000,-29261000.0,50380000,50380000,50156000,102253000.0,62535000.0,204118000.0,60360000.0,120310000.0,180670000.0,384788000,61737000.0,73997000.0,51146000.0,125143000,124504000.0,-467632000.0,603597000.0,259645000.0,384788000,50379000.0,12229000.0,-3735000.0,-7710000.0,51163000.0,-12369000.0,-6181000.0,-16763000.0,-18987000.0,-34797000.0,-53751000.0,-19351000,2015-12-31,65.44999694824219,65.98999786376953,64.83999633789061,64.90000152587889,62.56135559082031,384600.0
2016-03-31,170500000.0,-27400000.0,143100000.0,-63600000.0,-29600000.0,-11900000.0,79500000.0,1000000.0,80500000,80500000,-31300000.0,49200000,49400000,49200000,107482000.0,57604000.0,184691000.0,58063000.0,152076000.0,210139000.0,394830000,58082000.0,83354000.0,50949000.0,134303000,129009000.0,-514163000.0,633876000.0,260527000.0,394830000,49200000.0,11900000.0,2900000.0,33400000.0,97400000.0,-8900000.0,-4700000.0,-27900000.0,-18900000.0,-42400000.0,-64300000.0,5200000,2016-03-31,64.95999908447266,65.58000183105469,64.65000152587889,65.33000183105469,63.20549392700195,334900.0
2016-06-30,173100000.0,-29000000.0,144100000.0,-66100000.0,-31000000.0,-12300000.0,78000000.0,5800000.0,83800000,83800000,-32900000.0,50900000,51200000,50700000,52193000.0,71129000.0,173872000.0,61130000.0,171642000.0,232772000.0,406644000,54736000.0,76632000.0,51649000.0,128281000,132780000.0,-532249000.0,666016000.0,278363000.0,406644000,50900000.0,12300000.0,3300000.0,-49000000.0,17500000.0,-16500000.0,-19500000.0,-36000000.0,-18800000.0,-22200000.0,-36800000.0,-55300000,2016-06-30,65.86000061035156,66.62000274658203,65.45999908447266,66.62000274658203,64.68727111816406,535500.0
2016-09-30,168700000.0,-32500000.0,136200000.0,-61800000.0,-30900000.0,-10200000.0,74400000.0,1600000.0,76000000,67400000,-26900000.0,40500000,40800000,40300000,72759000.0,61112000.0,206583000.0,59911000.0,174848000.0,234759000.0,441342000,66439000.0,81122000.0,58055000.0,139177000,136547000.0,-532249000.0,686042000.0,302165000.0,441342000,40500000.0,10200000.0,2900000.0,5600000.0,59200000.0,-11000000.0,-400000.0,-11400000.0,-20400000.0,4100000.0,-27200000.0,20600000,2016-09-30,65.5,65.61000061035156,64.62000274658203,64.84999847412111,63.19733428955078,1171800.0
2016-12-31,190800000.0,-47800000.0,143000000.0,-63100000.0,-32700000.0,-10000000.0,79900000.0,0.0,79900000,74900000,-29800000.0,45100000,45400000,44700000,97300000.0,76700000.0,235100000.0,55900000.0,185700000.0,241600000.0,476700000,82400000.0,89900000.0,56300000.0,146200000,140100000.0,-532200000.0,710800000.0,330500000.0,476700000,45100000.0,10000000.0,-6000000.0,6400000.0,55500000.0,-8000000.0,900000.0,-7100000.0,-20400000.0,0.0,-23900000.0,24500000,2016-12-30,73.76000213623047,74.0999984741211,73.4800033569336,73.88999938964844,72.26956939697266,522700.0
2017-03-31,356200000.0,-162800000.0,193400000.0,-102100000.0,-51100000.0,-25100000.0,91300000.0,-7800000.0,83500000,18300000,-3100000.0,15200000,15500000,15100000,194600000.0,233300000.0,455700000.0,74600000.0,4814800000.0,4889400000.0,5345100000,160000000.0,260900000.0,2326200000.0,2587100000,2585700000.0,-540100000.0,697700000.0,2758000000.0,5345100000,15200000.0,25100000.0,40100000.0,-98300000.0,-17900000.0,-7400000.0,24700000.0,-1386800000.0,-28300000.0,0.0,1457900000.0,56000000,2017-03-31,80.4000015258789,81.31999969482422,79.4000015258789,81.06999969482422,79.54691314697266,1009100.0
2017-06-30,640800000.0,-373900000.0,266900000.0,-144400000.0,-54200000.0,-55800000.0,122500000.0,-11700000.0,110800000,106100000,-38100000.0,68000000,68300000,67300000,259000000.0,231300000.0,519700000.0,75600000.0,4800300000.0,4875900000.0,5395600000,154900000.0,376300000.0,2190000000.0,2566300000,2598000000.0,-548200000.0,737300000.0,2829300000.0,5395600000,68000000.0,55800000.0,-3700000.0,69200000.0,189300000.0,-11800000.0,-68900000.0,-80600000.0,-28400000.0,1300000.0,-110700000.0,-4700000,2017-06-30,91.11000061035156,91.8000030517578,91.0,91.4000015258789,89.94233703613281,910000.0
2017-09-30,611400000.0,-341700000.0,269700000.0,-144900000.0,-54900000.0,-55400000.0,124800000.0,-13400000.0,111400000,105900000,-45600000.0,60300000,60500000,59700000,127200000.0,195800000.0,374300000.0,77200000.0,4776600000.0,4853800000.0,5228100000,144600000.0,238000000.0,2102800000.0,2340800000,2611200000.0,-550200000.0,766900000.0,2887300000.0,5228100000,60300000.0,55400000.0,24600000.0,-133900000.0,6400000.0,-6900000.0,106100000.0,97800000.0,-30700000.0,500000.0,-131800000.0,-23800000,2017-09-29,107.37000274658205,108.26000213623048,107.01000213623048,107.62999725341795,106.19925689697266,785000.0
2017-12-31,620700000.0,-355100000.0,265600000.0,-147900000.0,-58400000.0,-55900000.0,117700000.0,-4600000.0,113100000,104100000,153000000.0,257100000,257400000,254600000,190800000.0,217300000.0,434700000.0,73900000.0,4757100000.0,4831000000.0,5265700000,156400000.0,334000000.0,1811700000.0,2145700000,2624900000.0,-558300000.0,993300000.0,3120000000.0,5265700000,257100000.0,55900000.0,-226300000.0,108900000.0,195600000.0,-11400000.0,-46800000.0,-66900000.0,-30700000.0,200000.0,-114700000.0,18700000,2017-12-29,125.06999969482422,125.76000213623048,124.27999877929688,124.58999633789062,123.20889282226562,673000.0
2018-03-31,777700000.0,-449200000.0,328500000.0,-152000000.0,-62600000.0,-54200000.0,176500000.0,-8300000.0,168200000,159400000,-41300000.0,118100000,118400000,117300000,230300000.0,268400000.0,512300000.0,74200000.0,4741700000.0,4815900000.0,5328200000,196900000.0,384300000.0,1759300000.0,2143600000,2636500000.0,-617600000.0,1080800000.0,3184600000.0,5328200000,118100000.0,54200000.0,-18300000.0,8200000.0,162200000.0,-7300000.0,-17100000.0,-25200000.0,-30600000.0,-42800000.0,-112900000.0,22800000,2018-03-29,112.45999908447266,115.36000061035156,112.08999633789062,114.0999984741211,113.10781860351562,1472700.0
2018-06-30,667500000.0,-384000000.0,283500000.0,-145800000.0,-60900000.0,-50400000.0,137700000.0,-9300000.0,128400000,119800000,-36800000.0,83000000,83300000,82400000,271800000.0,252200000.0,584000000.0,65400000.0,4667500000.0,4732900000.0,5316900000,170900000.0,679900000.0,1478000000.0,2157900000,2647300000.0,-665900000.0,1134000000.0,3159000000.0,5316900000,83000000.0,50400000.0,25900000.0,25600000.0,184900000.0,-5300000.0,-66700000.0,-72200000.0,-30400000.0,-48500000.0,-134700000.0,-26300000,2018-06-29,103.91000366210938,105.56999969482422,102.3499984741211,104.06999969482422,103.44711303710938,968500.0
2018-09-30,575900000.0,-305400000.0,270500000.0,-138500000.0,-54400000.0,-50300000.0,132000000.0,-9800000.0,122200000,116300000,-30600000.0,85700000,86000000,85000000,137700000.0,221900000.0,435500000.0,65900000.0,4618100000.0,4684000000.0,5119500000,147800000.0,478900000.0,1479300000.0,1958200000,2655700000.0,-715000000.0,1185400000.0,3161300000.0,5119500000,85700000.0,50300000.0,11900000.0,-189900000.0,-42000000.0,-15200000.0,131300000.0,115300000.0,-34600000.0,-48000000.0,-81700000.0,-3200000,2018-09-28,96.97000122070312,97.9800033569336,95.56999969482422,95.95999908447266,95.67999267578124,918400.0
2018-12-31,747700000.0,-413300000.0,334400000.0,-151200000.0,-63900000.0,-49100000.0,183200000.0,-800000.0,182400000,175700000,-37300000.0,138400000,138800000,137400000,310800000.0,287300000.0,683700000.0,71700000.0,4565600000.0,4637300000.0,5321000000,202600000.0,595900000.0,1474700000.0,2070600000,2661400000.0,-720100000.0,1288200000.0,3250400000.0,5321000000,138400000.0,49100000.0,-27200000.0,69300000.0,229600000.0,-8500000.0,-36800000.0,-43500000.0,-34700000.0,-20400000.0,-42300000.0,138300000,2018-12-31,95.9800033569336,97.83000183105469,95.5500030517578,97.83000183105469,97.83000183105469,502100.0
2019-03-31,602600000.0,-322100000.0,280500000.0,-131700000.0,-50700000.0,-47200000.0,148800000.0,-18700000.0,130100000,127800000,-32600000.0,95200000,95400000,94600000,376400000.0,251000000.0,683200000.0,125000000.0,4522200000.0,4647200000.0,5330400000,139900000.0,511400000.0,1524200000.0,2035600000,2674900000.0,-764300000.0,1348600000.0,3294800000.0,5330400000,95200000.0,47200000.0,1400000.0,-25800000.0,118000000.0,-5800000.0,27800000.0,22000000.0,-34800000.0,-26900000.0,-71700000.0,71100000,2019-03-29,94.37999725341795,95.5,94.37999725341795,95.44000244140624,95.44000244140624,665100.0
2019-06-30,620600000.0,-337400000.0,283200000.0,-137200000.0,-55200000.0,-43700000.0,146000000.0,-5600000.0,140400000,119600000,-35100000.0,84500000,88300000,87600000,244200000.0,245900000.0,577400000.0,125700000.0,4456200000.0,4581900000.0,5159300000,147900000.0,285800000.0,1540700000.0,1826500000,2681600000.0,-764600000.0,1401900000.0,3332800000.0,5159300000,83400000.0,43700000.0,14100000.0,58400000.0,199600000.0,-13300000.0,-32100000.0,-45400000.0,-34800000.0,400000.0,-334800000.0,-184900000,2019-06-28,106.5199966430664,107.45999908447266,103.45999908447266,103.62999725341795,103.62999725341795,2443700.0
2019-09-30,675400000.0,-381400000.0,294000000.0,-129900000.0,-52400000.0,-42900000.0,164100000.0,-6499999.0,157600001,140900001,-35000000.0,105900001,106000001,105500001,171400000.0,235500000.0,489500000.0,123400000.0,4406400000.0,4529800000.0,5019300000,159200000.0,199000000.0,1491600000.0,1690600000,2687700000.0,-817300000.0,1467400000.0,3328700000.0,5019300000,105900000.0,42900000.0,3700000.0,-75000000.0,77500000.0,-7800000.0,40500000.0,54700000.0,-40400000.0,-51800000.0,-142500000.0,-11300000,2019-09-30,115.18000030517578,116.5500030517578,114.61000061035156,114.91000366210938,114.91000366210938,664800.0
2019-12-31,597500000.0,-318300000.0,279200000.0,-152400000.0,-52600000.0,-42800000.0,126800000.0,-5000001.0,121799999,113099999,-27900000.0,85199999,85199998,84999998,300300000.0,234700000.0,607600000.0,68100000.0,4377000000.0,4506300000.0,5113900000,175900000.0,281600000.0,1476700000.0,1758300000,2692500000.0,-887100000.0,1512600000.0,3355600000.0,5113900000,86300000.0,42800000.0,14100000.0,94500001.0,237700001.0,-8200000.0,-47000000.0,-47200000.0,-40000000.0,-80300000.0,-113900000.0,79300001,2019-12-31,118.58999633789062,120.0,118.41999816894531,120.0,120.0,384600.0
2020-03-31,921500000.0,-563200000.0,358300000.0,-131099999.0,-55400000.0,-40500000.0,227200001.0,-8900000.0,218300001,217500001,-60100000.0,157400001,157400001,157000001,208800000.0,396500000.0,632100000.0,205800000.0,4399600000.0,4605400000.0,5237500000,211000000.0,358100000.0,1569300000.0,1927400000,2700900000.0,-1020500000.0,1629600000.0,3310100000.0,5237500000,157400000.0,40500000.0,4800000.0,-39400000.0,163300000.0,-10600000.0,22800000.0,-51000000.0,-40000000.0,-133400000.0,-175700000.0,-64100000,2020-03-31,90.80999755859376,94.0,87.79000091552734,89.25,89.25,1017600.0
2020-06-30,868700000.0,-571800000.0,296900000.0,-125799999.0,-55800000.0,-38000000.0,171100001.0,-5100000.0,166000001,156600001,-43000000.0,113600001,113600001,113300001,386600000.0,376800000.0,781200000.0,206400000.0,4378700000.0,4585100000.0,5366300000,230900000.0,496500000.0,1583500000.0,2080000000,2705700000.0,-1120500000.0,1703700000.0,3286300000.0,5366300000,113600000.0,38000000.0,5500000.0,167900000.0,325000000.0,-6600000.0,-130400000.0,-140599999.0,-39500000.0,-99800000.0,-139200000.0,44900001,2020-06-30,91.95999908447266,93.37999725341795,90.86000061035156,93.27999877929688,93.27999877929688,1048400.0
