Report Date,Revenue,Cost of Revenue,Gross Profit,Operating Expenses,"Selling, General & Administrative",Depreciation & Amortization,Operating Income (Loss),Non-Operating Income (Loss),"Interest Expense, Net","Pretax Income (Loss), Adj.",Abnormal Gains (Losses),Pretax Income (Loss),"Income Tax (Expense) Benefit, Net",Income (Loss) from Continuing Operations,Net Income,Net Income (Common),"Cash, Cash Equivalents & Short Term Investments",Accounts & Notes Receivable,Inventories,Total Current Assets,"Property, Plant & Equipment, Net",Other Long Term Assets,Total Noncurrent Assets,Total Assets,Payables & Accruals,Short Term Debt,Total Current Liabilities,Long Term Debt,Total Noncurrent Liabilities,Total Liabilities,Share Capital & Additional Paid-In Capital,Retained Earnings,Total Equity,Total Liabilities & Equity,Net Income/Starting Line,Depreciation & Amortization.1,Non-Cash Items,Change in Working Capital,Net Cash from Operating Activities,Change in Fixed Assets & Intangibles,Net Cash from Acquisitions & Divestitures,Net Cash from Investing Activities,Dividends Paid,Cash from (Repayment of) Debt,Net Cash from Financing Activities,Net Change in Cash,Price Date,Open,High,Low,Close,Adj Close,Volume
2009-06-30,1640000000.0,-710000000.0,930000000.0,-677000000.0,-398000000.0,-188000000.0,253000000.0,-133000000.0,-129000000.0,120000000,9000000.0,129000000,-43000000.0,86000000,86000000,86000000,390000000.0,689000000.0,231000000.0,1928000000.0,10524000000.0,6265000000.0,16789000000.0,18717000000,472000000.0,419000000.0,2094000000.0,7357000000.0,14386000000.0,16480000000,3350000000.0,-988000000.0,2237000000.0,18717000000,86000000.0,188000000.0,44000000.0,305000000.0,623000000.0,-244000000.0,-1000000.0,-243000000.0,-67000000.0,-385000000.0,-294000000.0,86000000,2009-06-30,11.270000457763672,11.399999618530273,10.960000038146973,11.079999923706056,6.622455596923827,4148300.0
2009-09-30,1576000000.0,-582000000.0,994000000.0,-707000000.0,-415000000.0,-208000000.0,287000000.0,-152000000.0,-126000000.0,135000000,17000000.0,152000000,-38000000.0,114000000,114000000,114000000,347000000.0,609000000.0,373000000.0,1995000000.0,10548000000.0,6110000000.0,16658000000.0,18653000000,489000000.0,600000000.0,2312000000.0,6667000000.0,13753000000.0,16065000000,3654000000.0,-944000000.0,2588000000.0,18653000000,114000000.0,208000000.0,172000000.0,-113000000.0,381000000.0,-305000000.0,-112000000.0,-78000000.0,-69000000.0,-624000000.0,-393000000.0,-90000000,2009-09-30,12.59000015258789,12.640000343322756,12.350000381469727,12.43000030517578,7.543828010559082,6102900.0
2010-03-31,3023000000.0,-1935000000.0,1088000000.0,-731000000.0,-414000000.0,-200000000.0,357000000.0,-152000000.0,-122000000.0,205000000,11000000.0,216000000,-102000000.0,114000000,114000000,114000000,667000000.0,933000000.0,166000000.0,2384000000.0,10928000000.0,6039000000.0,16967000000.0,19351000000,748000000.0,1174000000.0,3202000000.0,5745000000.0,13440000000.0,16642000000,3705000000.0,-875000000.0,2709000000.0,19351000000,114000000.0,200000000.0,-31000000.0,152000000.0,435000000.0,-258000000.0,-20000000.0,-303000000.0,-77000000.0,-494000000.0,-543000000.0,-411000000,2010-03-31,14.369999885559082,14.5,14.3100004196167,14.359999656677244,8.972772598266602,3647700.0
2010-06-30,1756000000.0,-778000000.0,978000000.0,-715000000.0,-410000000.0,-217000000.0,263000000.0,-147000000.0,-121000000.0,116000000,10000000.0,126000000,-45000000.0,81000000,81000000,81000000,899000000.0,716000000.0,303000000.0,2352000000.0,11217000000.0,5952000000.0,17169000000.0,19521000000,548000000.0,1199000000.0,3032000000.0,5745000000.0,13428000000.0,16460000000,4051000000.0,-871000000.0,3061000000.0,19521000000,81000000.0,217000000.0,1000000.0,84000000.0,383000000.0,-469000000.0,-2000000.0,-416000000.0,-77000000.0,23000000.0,287000000.0,254000000,2010-06-30,13.260000228881836,13.4399995803833,13.109999656677244,13.15999984741211,8.337617874145508,5145800.0
2010-09-30,1908000000.0,-808000000.0,1100000000.0,-773000000.0,-444000000.0,-243000000.0,327000000.0,-142000000.0,-121000000.0,185000000,14000000.0,199000000,-76000000.0,123000000,123000000,123000000,434000000.0,691000000.0,404000000.0,2143000000.0,11420000000.0,5836000000.0,17256000000.0,19399000000,526000000.0,1051000000.0,2881000000.0,5745000000.0,13389000000.0,16270000000,4075000000.0,-830000000.0,3129000000.0,19399000000,123000000.0,243000000.0,151000000.0,-352000000.0,165000000.0,-326000000.0,1000000.0,-295000000.0,-82000000.0,-294000000.0,-354000000.0,-484000000,2010-09-30,15.850000381469727,15.979999542236328,15.699999809265135,15.720000267028807,10.093047142028807,5474700.0
2011-03-31,2587000000.0,-1476000000.0,1111000000.0,-747000000.0,-439000000.0,-201000000.0,364000000.0,-138000000.0,-116000000.0,226000000,9000000.0,235000000,-87000000.0,148000000,148000000,148000000,494000000.0,852000000.0,194000000.0,2014000000.0,11857000000.0,5723000000.0,17580000000.0,19594000000,589000000.0,421000000.0,2201000000.0,6361000000.0,14127000000.0,16328000000,4106000000.0,-725000000.0,3266000000.0,19594000000,148000000.0,201000000.0,76000000.0,202000000.0,627000000.0,-333000000.0,-3000000.0,-308000000.0,-84000000.0,-274000000.0,-423000000.0,-104000000,2011-03-31,17.65999984741211,17.75,17.559999465942386,17.559999465942386,11.549769401550293,2981900.0
2011-06-30,1837000000.0,-778000000.0,1059000000.0,-756000000.0,-446000000.0,-223000000.0,303000000.0,-131000000.0,-111000000.0,172000000,18000000.0,190000000,-71000000.0,119000000,119000000,119000000,607000000.0,750000000.0,309000000.0,2042000000.0,11981000000.0,5654000000.0,17635000000.0,19677000000,533000000.0,577000000.0,2361000000.0,6139000000.0,14003000000.0,16364000000,4115000000.0,-690000000.0,3313000000.0,19677000000,119000000.0,223000000.0,128000000.0,40000000.0,510000000.0,-300000000.0,-4000000.0,-264000000.0,-84000000.0,-69000000.0,-151000000.0,95000000,2011-06-30,19.399999618530273,19.51000022888184,19.239999771118164,19.350000381469727,12.860357284545898,4932700.0
2011-09-30,1881000000.0,-735000000.0,1146000000.0,-789000000.0,-448000000.0,-253000000.0,357000000.0,-127000000.0,-114000000.0,230000000,360000000.0,590000000,-204000000.0,386000000,973000000,973000000,440000000.0,722000000.0,418000000.0,1982000000.0,12158000000.0,6811000000.0,18969000000.0,20951000000,601000000.0,567000000.0,2319000000.0,6282000000.0,14425000000.0,16744000000,4118000000.0,199000000.0,4207000000.0,20951000000,973000000.0,253000000.0,-799000000.0,-115000000.0,312000000.0,-327000000.0,-2000000.0,-276000000.0,-84000000.0,-26000000.0,-123000000.0,-87000000,2011-09-30,19.780000686645508,20.100000381469727,19.6200008392334,19.6200008392334,13.176183700561525,5593700.0
2012-03-31,2084000000.0,-969000000.0,1115000000.0,-777000000.0,-455000000.0,-224000000.0,338000000.0,-132000000.0,-110000000.0,206000000,13000000.0,219000000,-72000000.0,147000000,147000000,147000000,1528000000.0,713000000.0,255000000.0,2968000000.0,12512000000.0,6871000000.0,19383000000.0,22351000000,530000000.0,1018000000.0,2735000000.0,5319000000.0,15330000000.0,18065000000,4126000000.0,291000000.0,4286000000.0,22351000000,147000000.0,224000000.0,69000000.0,-16000000.0,424000000.0,-264000000.0,-4000000.0,-292000000.0,-87000000.0,831000000.0,744000000.0,876000000,2012-03-30,19.450000762939453,19.739999771118164,19.38999938964844,19.71999931335449,13.522659301757812,4899800.0
2012-06-30,1525000000.0,-409000000.0,1116000000.0,-814000000.0,-451000000.0,-275000000.0,302000000.0,-124000000.0,-104000000.0,178000000,22000000.0,200000000,-74000000.0,126000000,126000000,126000000,1568000000.0,643000000.0,269000000.0,2955000000.0,12739000000.0,6781000000.0,19520000000.0,22475000000,463000000.0,1418000000.0,3206000000.0,4955000000.0,14937000000.0,18143000000,4129000000.0,331000000.0,4332000000.0,22475000000,126000000.0,275000000.0,6000000.0,96000000.0,503000000.0,-260000000.0,-89000000.0,-365000000.0,-86000000.0,-25000000.0,-111000000.0,27000000,2012-06-29,20.86000061035156,21.0,20.549999237060547,20.670000076293945,14.317709922790527,3668000.0
2012-09-30,1705000000.0,-520000000.0,1185000000.0,-845000000.0,-458000000.0,-301000000.0,340000000.0,-121000000.0,-104000000.0,219000000,-91000000.0,128000000,-118000000.0,10000000,10000000,10000000,1244000000.0,698000000.0,352000000.0,2752000000.0,13337000000.0,6388000000.0,19725000000.0,22477000000,542000000.0,1455000000.0,3364000000.0,4956000000.0,14856000000.0,18220000000,4127000000.0,255000000.0,4257000000.0,22477000000,10000000.0,301000000.0,169000000.0,-28000000.0,452000000.0,-294000000.0,-267000000.0,-552000000.0,-86000000.0,-133000000.0,-301000000.0,-401000000,2012-09-28,21.280000686645508,21.350000381469727,21.11000061035156,21.299999237060547,14.899654388427734,2536500.0
2013-06-30,1894000000.0,-880000000.0,1014000000.0,-791000000.0,-446000000.0,-253000000.0,223000000.0,-82000000.0,-85000000.0,141000000,3000000.0,144000000,-244000000.0,-100000000,-100000000,-100000000,1132000000.0,694000000.0,276000000.0,2480000000.0,9184000000.0,9994000000.0,19178000000.0,21658000000,499000000.0,685000000.0,2675000000.0,4709000000.0,14792000000.0,17467000000,4150000000.0,171000000.0,4191000000.0,21658000000,-100000000.0,253000000.0,143000000.0,-39000000.0,257000000.0,-315000000.0,0.0,-351000000.0,-89000000.0,443000000.0,346000000.0,252000000,2013-06-28,23.459999084472656,23.75,23.309999465942386,23.489999771118164,16.910655975341793,3130800.0
2013-09-30,1640000000.0,-637000000.0,1003000000.0,-759000000.0,-422000000.0,-248000000.0,244000000.0,-27000000.0,-86000000.0,217000000,12000000.0,229000000,-78000000.0,151000000,151000000,151000000,908000000.0,617000000.0,374000000.0,2319000000.0,9386000000.0,9870000000.0,19256000000.0,21575000000,494000000.0,623000000.0,2595000000.0,4652000000.0,14719000000.0,17314000000,4155000000.0,233000000.0,4261000000.0,21575000000,151000000.0,248000000.0,11000000.0,-68000000.0,342000000.0,-326000000.0,0.0,-301000000.0,-89000000.0,-227000000.0,-319000000.0,-278000000,2013-09-30,23.809999465942386,24.04999923706055,23.71999931335449,23.96999931335449,17.40615463256836,3036200.0
2014-06-30,1884000000.0,-880000000.0,1004000000.0,-818000000.0,-469000000.0,-256000000.0,186000000.0,-39000000.0,-89000000.0,147000000,22000000.0,169000000,-62000000.0,107000000,107000000,107000000,1015000000.0,834000000.0,295000000.0,2529000000.0,9979000000.0,9412000000.0,19391000000.0,21920000000,648000000.0,752000000.0,3026000000.0,4908000000.0,14469000000.0,17495000000,4166000000.0,346000000.0,4425000000.0,21920000000,107000000.0,256000000.0,-6000000.0,-25000000.0,332000000.0,-324000000.0,-1000000.0,-343000000.0,-102000000.0,-59000000.0,-162000000.0,-173000000,2014-06-30,25.3799991607666,25.75,25.309999465942386,25.540000915527344,19.084444046020508,6810900.0
2014-09-30,1807000000.0,-702000000.0,1105000000.0,-872000000.0,-493000000.0,-293000000.0,233000000.0,-29000000.0,-88000000.0,204000000,9000000.0,213000000,-70000000.0,143000000,143000000,143000000,1070000000.0,712000000.0,409000000.0,2576000000.0,10205000000.0,9267000000.0,19472000000.0,22048000000,580000000.0,802000000.0,3008000000.0,5061000000.0,14567000000.0,17575000000,4171000000.0,387000000.0,4473000000.0,22048000000,143000000.0,293000000.0,26000000.0,-50000000.0,412000000.0,-373000000.0,1000000.0,-367000000.0,-102000000.0,83000000.0,-21000000.0,24000000,2014-09-30,24.489999771118164,24.70000076293945,24.38999938964844,24.46999931335449,18.465084075927734,3960300.0
2015-03-31,2433000000.0,-1354000000.0,1079000000.0,-823000000.0,-498000000.0,-217000000.0,256000000.0,-54000000.0,-89000000.0,202000000,7000000.0,209000000,-78000000.0,131000000,131000000,131000000,1147000000.0,897000000.0,198000000.0,2691000000.0,10670000000.0,9309000000.0,19979000000.0,22670000000,618000000.0,805000000.0,3187000000.0,5239000000.0,14909000000.0,18096000000,4172000000.0,486000000.0,4574000000.0,22670000000,131000000.0,217000000.0,5000000.0,313000000.0,666000000.0,-341000000.0,0.0,-337000000.0,-106000000.0,-288000000.0,-393000000.0,-64000000,2015-03-31,20.600000381469727,20.739999771118164,20.25,20.40999984741211,15.718929290771484,5408300.0
2015-06-30,1532000000.0,-529000000.0,1003000000.0,-817000000.0,-488000000.0,-239000000.0,186000000.0,-60000000.0,-89000000.0,126000000,-12000000.0,114000000,-37000000.0,77000000,77000000,77000000,1205000000.0,640000000.0,274000000.0,2509000000.0,10911000000.0,9182000000.0,20093000000.0,22602000000,457000000.0,951000000.0,3125000000.0,5148000000.0,14927000000.0,18052000000,4176000000.0,456000000.0,4550000000.0,22602000000,77000000.0,239000000.0,51000000.0,89000000.0,456000000.0,-371000000.0,0.0,-334000000.0,-107000000.0,-4000000.0,-111000000.0,11000000,2015-06-30,19.34000015258789,19.36000061035156,18.920000076293945,19.030000686645508,14.83975601196289,6446600.0
2015-09-30,1630000000.0,-527000000.0,1103000000.0,-838000000.0,-479000000.0,-268000000.0,265000000.0,-895000000.0,-88000000.0,-630000000,-5000000.0,-635000000,244000000.0,-391000000,-391000000,-391000000,1053000000.0,568000000.0,342000000.0,2400000000.0,11185000000.0,8193000000.0,19378000000.0,21778000000,495000000.0,987000000.0,3191000000.0,5316000000.0,14529000000.0,17720000000,4180000000.0,-41000000.0,4058000000.0,21778000000,-391000000.0,268000000.0,510000000.0,9000000.0,396000000.0,-419000000.0,0.0,-353000000.0,-106000000.0,77000000.0,-61000000.0,-18000000,2015-09-30,17.639999389648438,18.049999237060547,17.569999694824222,18.040000915527344,14.250289916992188,3367400.0
2015-12-31,1791000000.0,-692000000.0,1099000000.0,-873000000.0,-542000000.0,-246000000.0,226000000.0,-1035000000.0,-86000000.0,-809000000,-9000000.0,-818000000,309000000.0,-509000000,-509000000,-509000000,1069000000.0,593000000.0,347000000.0,2689000000.0,11537000000.0,7064000000.0,18601000000.0,21290000000,641000000.0,904000000.0,2458000000.0,5590000000.0,15371000000.0,17829000000,4184000000.0,-657000000.0,3461000000.0,21290000000,-509000000.0,246000000.0,811000000.0,-196000000.0,352000000.0,-453000000.0,0.0,-363000000.0,-107000000.0,161000000.0,48000000.0,37000000,2015-12-31,18.290000915527344,18.479999542236328,18.059999465942386,18.36000061035156,14.711552619934082,4090500.0
2016-03-31,1984000000.0,-852000000.0,1132000000.0,-882000000.0,-521000000.0,-260000000.0,250000000.0,-44000000.0,-87000000.0,206000000,34000000.0,240000000,-86000000.0,154000000,154000000,154000000,1112000000.0,577000000.0,234000000.0,2335000000.0,11718000000.0,6951000000.0,18669000000.0,21004000000,479000000.0,1124000000.0,2534000000.0,5232000000.0,14964000000.0,17498000000,4184000000.0,-613000000.0,3506000000.0,21004000000,154000000.0,260000000.0,-19000000.0,242000000.0,637000000.0,-332000000.0,-363000000.0,-269000000.0,-110000000.0,-298000000.0,-414000000.0,-46000000,2016-03-31,20.899999618530273,21.059999465942386,20.770000457763672,20.920000076293945,16.999788284301758,6063300.0
2016-06-30,1574000000.0,-496000000.0,1078000000.0,-896000000.0,-513000000.0,-289000000.0,182000000.0,-64000000.0,-86000000.0,118000000,-110000000.0,8000000,-10000000.0,-2000000,-2000000,-2000000,1008000000.0,605000000.0,283000000.0,2272000000.0,11898000000.0,6842000000.0,18740000000.0,21012000000,499000000.0,780000000.0,2241000000.0,5721000000.0,15374000000.0,17615000000,4190000000.0,-726000000.0,3397000000.0,21012000000,-2000000.0,289000000.0,95000000.0,42000000.0,424000000.0,-350000000.0,-98000000.0,-198000000.0,-111000000.0,118000000.0,-173000000.0,53000000,2016-06-30,24.03000068664551,24.11000061035156,23.85000038146973,24.0,19.73394012451172,8554300.0
2016-09-30,1889000000.0,-683000000.0,1206000000.0,-922000000.0,-505000000.0,-324000000.0,284000000.0,-13000000.0,-83000000.0,271000000,5000000.0,276000000,-97000000.0,179000000,179000000,179000000,1084000000.0,682000000.0,351000000.0,2529000000.0,12083000000.0,6674000000.0,18757000000.0,21286000000,556000000.0,815000000.0,2398000000.0,5805000000.0,15416000000.0,17814000000,4194000000.0,-658000000.0,3472000000.0,21286000000,179000000.0,324000000.0,13000000.0,-122000000.0,394000000.0,-365000000.0,-4000000.0,-272000000.0,-111000000.0,-9000000.0,-123000000.0,-1000000,2016-09-30,23.65999984741211,23.770000457763672,23.1299991607666,23.229999542236328,19.32040023803711,5115800.0
2016-12-31,2081000000.0,-935000000.0,1146000000.0,-903000000.0,-554000000.0,-253000000.0,243000000.0,-65000000.0,-82000000.0,178000000,-16000000.0,162000000,-61000000.0,101000000,101000000,101000000,1294000000.0,740000000.0,312000000.0,2923000000.0,12307000000.0,6599000000.0,18906000000.0,21829000000,829000000.0,1060000000.0,3080000000.0,5665000000.0,15289000000.0,18369000000,4199000000.0,-668000000.0,3460000000.0,21829000000,101000000.0,253000000.0,69000000.0,53000000.0,476000000.0,-367000000.0,0.0,-307000000.0,-111000000.0,35000000.0,-98000000.0,71000000,2016-12-30,24.79999923706055,24.82999992370605,24.59000015258789,24.63999938964844,20.72640419006348,2036500.0
2017-03-31,2735000000.0,-1579000000.0,1156000000.0,-865000000.0,-543000000.0,-226000000.0,291000000.0,-26000000.0,-78000000.0,265000000,34000000.0,299000000,-107000000.0,192000000,192000000,192000000,1251000000.0,840000000.0,316000000.0,2896000000.0,12452000000.0,6583000000.0,19035000000.0,21931000000,742000000.0,787000000.0,2642000000.0,6190000000.0,15752000000.0,18394000000,4199000000.0,-591000000.0,3537000000.0,21931000000,192000000.0,226000000.0,-11000000.0,-90000000.0,317000000.0,-312000000.0,-132000000.0,-372000000.0,-115000000.0,85000000.0,-36000000.0,-91000000,2017-03-31,27.459999084472656,27.75,27.440000534057607,27.56999969482422,23.42643165588379,2643800.0
2017-06-30,2143000000.0,-1032000000.0,1111000000.0,-871000000.0,-518000000.0,-254000000.0,240000000.0,-39000000.0,-77000000.0,201000000,10000000.0,211000000,-76000000.0,135000000,135000000,135000000,1268000000.0,762000000.0,410000000.0,2865000000.0,12644000000.0,6536000000.0,19180000000.0,22045000000,784000000.0,1114000000.0,3038000000.0,5949000000.0,15444000000.0,18482000000,4204000000.0,-571000000.0,3563000000.0,22045000000,135000000.0,254000000.0,-57000000.0,28000000.0,360000000.0,-337000000.0,0.0,-268000000.0,-115000000.0,17000000.0,-102000000.0,-10000000,2017-06-30,27.46999931335449,27.6200008392334,27.3799991607666,27.3799991607666,23.49462509155273,3194100.0
2017-09-30,2098000000.0,-938000000.0,1160000000.0,-863000000.0,-501000000.0,-269000000.0,297000000.0,-31000000.0,-80000000.0,266000000,1000000.0,267000000,-98000000.0,169000000,169000000,169000000,1258000000.0,783000000.0,442000000.0,2935000000.0,12700000000.0,6500000000.0,19200000000.0,22135000000,856000000.0,1150000000.0,3221000000.0,6031000000.0,15296000000.0,18517000000,4208000000.0,-518000000.0,3618000000.0,22135000000,169000000.0,269000000.0,-3000000.0,-84000000.0,351000000.0,-345000000.0,0.0,-257000000.0,-116000000.0,-18000000.0,-141000000.0,-47000000,2017-09-29,29.170000076293945,29.270000457763672,29.06999969482422,29.209999084472656,25.30020523071289,2771600.0
2017-12-31,2638000000.0,-1345000000.0,1293000000.0,-1049000000.0,-659000000.0,-287000000.0,244000000.0,31000000.0,-78000000.0,275000000,11000000.0,286000000,1010000000.0,1296000000,1296000000,1296000000,1220000000.0,1000000000.0,397000000.0,3395000000.0,13057000000.0,6284000000.0,19341000000.0,22736000000,1264000000.0,645000000.0,3069000000.0,6761000000.0,14979000000.0,18048000000,4213000000.0,543000000.0,4688000000.0,22736000000,1296000000.0,287000000.0,-1020000000.0,-170000000.0,393000000.0,-432000000.0,0.0,-360000000.0,-115000000.0,154000000.0,34000000.0,67000000,2017-12-29,28.420000076293945,28.5,28.29999923706055,28.36000061035156,24.7857723236084,1381000.0
2018-03-31,3155000000.0,-1910000000.0,1245000000.0,-994000000.0,-569000000.0,-314000000.0,251000000.0,-22000000.0,-78000000.0,229000000,-17000000.0,212000000,-47000000.0,165000000,165000000,165000000,1163000000.0,1081000000.0,257000000.0,3049000000.0,13205000000.0,6156000000.0,19361000000.0,22410000000,888000000.0,613000000.0,2616000000.0,6916000000.0,14937000000.0,17553000000,4212000000.0,708000000.0,4857000000.0,22410000000,165000000.0,314000000.0,-62000000.0,67000000.0,484000000.0,-362000000.0,0.0,-331000000.0,-120000000.0,-44000000.0,-192000000.0,-39000000,2018-03-29,26.979999542236328,27.489999771118164,26.979999542236328,27.399999618530273,24.19805335998535,6023700.0
2018-06-30,2186000000.0,-978000000.0,1208000000.0,-1021000000.0,-578000000.0,-342000000.0,187000000.0,-43000000.0,-91000000.0,144000000,-232000000.0,-88000000,13000000.0,-75000000,-75000000,-75000000,912000000.0,958000000.0,344000000.0,2701000000.0,13397000000.0,6010000000.0,19407000000.0,22108000000,809000000.0,522000000.0,2460000000.0,6567000000.0,14978000000.0,17438000000,4219000000.0,513000000.0,4670000000.0,22108000000,-75000000.0,342000000.0,253000000.0,89000000.0,609000000.0,-335000000.0,0.0,64000000.0,-120000000.0,-416000000.0,-564000000.0,109000000,2018-06-29,27.559999465942386,27.86000061035156,27.420000076293945,27.709999084472656,24.735694885253906,3354400.0
2018-09-30,2212000000.0,-998000000.0,1214000000.0,-988000000.0,-567000000.0,-326000000.0,226000000.0,-16000000.0,-90000000.0,210000000,-1000000.0,209000000,-51000000.0,158000000,158000000,153000000,920000000.0,918000000.0,405000000.0,2726000000.0,13653000000.0,5849000000.0,19502000000.0,22228000000,860000000.0,531000000.0,2581000000.0,6207000000.0,14139000000.0,16720000000,4225000000.0,551000000.0,5508000000.0,22228000000,158000000.0,326000000.0,56000000.0,46000000.0,586000000.0,-424000000.0,0.0,-407000000.0,-120000000.0,-501000000.0,-214000000.0,-35000000,2018-09-28,27.5,27.76000022888184,27.479999542236328,27.649999618530273,24.92850112915039,16733300.0
2018-12-31,-1276000000.0,2382000000.0,1106000000.0,-902000000.0,-557000000.0,-248000000.0,204000000.0,18000000.0,-133000000.0,222000000,-4000000.0,218000000,-70000000.0,148000000,120000000,90000000,4771000000.0,1190000000.0,394000000.0,7025000000.0,14044000000.0,5940000000.0,19984000000.0,27009000000,1631000000.0,482000000.0,3302000000.0,7705000000.0,15649000000.0,18951000000,6077000000.0,349000000.0,8058000000.0,27009000000,120000000.0,261000000.0,-4000000.0,80000000.0,457000000.0,-530000000.0,0.0,-533000000.0,-150000000.0,1390000000.0,4023000000.0,3947000000,2018-12-31,28.0,28.25,27.770000457763672,28.229999542236328,25.70462989807129,3579000.0
2019-03-31,3531000000.0,-1986000000.0,1545000000.0,-1300000000.0,-861000000.0,-313000000.0,245000000.0,-51000000.0,-121000000.0,194000000,-3000000.0,191000000,-22000000.0,169000000,169000000,140000000,878000000.0,1415000000.0,371000000.0,3419000000.0,19512000000.0,10971000000.0,30483000000.0,33902000000,1395000000.0,402000000.0,3139000000.0,12845000000.0,22547000000.0,25686000000,6065000000.0,518000000.0,8216000000.0,33902000000,169000000.0,313000000.0,11000000.0,-222000000.0,271000000.0,-537000000.0,-5987000000.0,-6539000000.0,-187000000.0,2554000000.0,2345000000.0,-3923000000,2019-03-29,30.36000061035156,30.78000068664551,30.239999771118164,30.70000076293945,28.21402931213379,4084500.0
2019-06-30,2798000000.0,-1174000000.0,1624000000.0,-1337000000.0,-884000000.0,-340000000.0,287000000.0,-59000000.0,-134000000.0,228000000,-4000000.0,224000000,-29000000.0,195000000,195000000,165000000,958000000.0,1173000000.0,479000000.0,3326000000.0,19932000000.0,10931000000.0,30863000000.0,34189000000,1094000000.0,488000000.0,2996000000.0,13276000000.0,22936000000.0,25932000000,6070000000.0,552000000.0,8257000000.0,34189000000,195000000.0,340000000.0,-4000000.0,-228000000.0,303000000.0,-632000000.0,0.0,-610000000.0,-161000000.0,446000000.0,284000000.0,-23000000,2019-06-28,28.46999931335449,28.79999923706055,28.45000076293945,28.6299991607666,26.568592071533203,5489500.0
2019-09-30,1658000000.0,-251000000.0,1407000000.0,-1050000000.0,-621000000.0,-316000000.0,357000000.0,-57000000.0,-139000000.0,300000000,-3000000.0,297000000,-46000000.0,251000000,270000000,241000000,1005000000.0,1091000000.0,572000000.0,3416000000.0,20328000000.0,10898000000.0,31226000000.0,34642000000,1081000000.0,868000000.0,3434000000.0,13197000000.0,22862000000.0,26296000000,6077000000.0,636000000.0,8346000000.0,34642000000,270000000.0,285000000.0,25000000.0,-68000000.0,512000000.0,-653000000.0,-4000000.0,-626000000.0,-186000000.0,275000000.0,79000000.0,-35000000,2019-09-30,30.059999465942386,30.270000457763672,29.989999771118164,30.18000030517578,28.29805564880371,5482300.0
2019-12-31,-423000000.0,1392000000.0,969000000.0,-787000000.0,-409000000.0,-256000000.0,182000000.0,-120000000.0,-151000000.0,62000000,0.0,62000000,5000000.0,67000000,157000000,128000000,1063000000.0,702000000.0,472000000.0,3937000000.0,20624000000.0,10968000000.0,31592000000.0,35529000000,1281000000.0,868000000.0,3978000000.0,13498000000.0,23192000000.0,27170000000,6085000000.0,632000000.0,8359000000.0,35529000000,157000000.0,349000000.0,74000000.0,-28000000.0,552000000.0,-679000000.0,0.0,-646000000.0,-161000000.0,230000000.0,68000000.0,-26000000,2019-12-31,26.90999984741211,27.28000068664551,26.8799991607666,27.270000457763672,25.86346435546875,3443200.0
2020-06-30,1575000000.0,-271000000.0,1304000000.0,-1069000000.0,-643000000.0,-297000000.0,235000000.0,-70000000.0,-135000000.0,165000000,-1000000.0,164000000,-29000000.0,135000000,105000000,59000000,921000000.0,735000000.0,462000000.0,2501000000.0,21348000000.0,8299000000.0,29647000000.0,32148000000,911000000.0,1949000000.0,4309000000.0,10298000000.0,19447000000.0,23756000000,6806000000.0,-771000000.0,8392000000.0,32148000000,105000000.0,297000000.0,-139000000.0,256000000.0,519000000.0,-614000000.0,1136000000.0,511000000.0,-106000000.0,-2371000000.0,-1083000000.0,-53000000,2020-06-30,18.6299991607666,18.809999465942386,18.38999938964844,18.670000076293945,18.05767250061035,6321100.0
