Report Date,Revenue,Cost of Revenue,Gross Profit,Operating Expenses,"Selling, General & Administrative",Research & Development,Operating Income (Loss),Non-Operating Income (Loss),"Interest Expense, Net","Pretax Income (Loss), Adj.",Pretax Income (Loss),"Income Tax (Expense) Benefit, Net",Income (Loss) from Continuing Operations,Net Income,Net Income (Common),"Cash, Cash Equivalents & Short Term Investments",Accounts & Notes Receivable,Inventories,Total Current Assets,"Property, Plant & Equipment, Net",Other Long Term Assets,Total Noncurrent Assets,Total Assets,Payables & Accruals,Short Term Debt,Total Current Liabilities,Long Term Debt,Total Noncurrent Liabilities,Total Liabilities,Share Capital & Additional Paid-In Capital,Retained Earnings,Total Equity,Total Liabilities & Equity,Net Income/Starting Line,Depreciation & Amortization.1,Non-Cash Items,Change in Working Capital,Change in Accounts Receivable,Change in Inventories,Change in Accounts Payable,Change in Other,Net Cash from Operating Activities,Change in Fixed Assets & Intangibles,Net Change in Long Term Investment,Net Cash from Acquisitions & Divestitures,Net Cash from Investing Activities,Dividends Paid,Cash from (Repayment of) Debt,Cash from (Repurchase of) Equity,Net Cash from Financing Activities,Net Change in Cash,Price Date,Open,High,Low,Close,Adj Close,Volume
2011-04-30,10866000000.0,-4207000000.0,6659000000.0,-4476000000.0,-2912000000.0,-1430000000.0,2183000000.0,20000000.0,8000000.0,2203000000,2203000000,-396000000.0,1807000000,1807000000,1807000000,43367000000.0,4413000000.0,1442000000.0,55204000000.0,4023000000.0,26123000000.0,30146000000.0,85350000000,3841000000.0,581000000.0,16110000000.0,16168000000.0,22034000000.0,38144000000,38639000000.0,7217000000.0,47206000000.0,85350000000,1807000000.0,573000000.0,247000000.0,352000000.0,260000000.0,165000000.0,2000000.0,-75000000.0,2979000000.0,-278000000.0,-1525000000.0,-172000000.0,-1812000000.0,-329000000.0,1478000000.0,-656000000.0,544000000.0,1711000000,2011-04-29,17.319999694824222,17.559999465942386,17.260000228881836,17.520000457763672,12.963933944702148,137455300.0
2011-07-31,11195000000.0,-4334000000.0,6861000000.0,-5405000000.0,-3052000000.0,-1484000000.0,1456000000.0,11000000.0,16000000.0,1467000000,1467000000,-235000000.0,1232000000,1232000000,1232000000,44585000000.0,4698000000.0,1486000000.0,57231000000.0,3916000000.0,25948000000.0,29864000000.0,87095000000,4159000000.0,588000000.0,17506000000.0,16234000000.0,22330000000.0,39836000000,38648000000.0,7284000000.0,47259000000.0,87095000000,1232000000.0,673000000.0,319000000.0,600000000.0,-305000000.0,-42000000.0,75000000.0,872000000.0,2824000000.0,-244000000.0,-273000000.0,0.0,-473000000.0,-329000000.0,7000000.0,-834000000.0,-1324000000.0,1027000000,2011-07-29,15.899999618530273,16.129999160766598,15.800000190734865,15.970000267028807,11.861882209777832,66844900.0
2011-10-31,11256000000.0,-4366000000.0,6890000000.0,-4680000000.0,-3004000000.0,-1375000000.0,2210000000.0,35000000.0,16000000.0,2245000000,2245000000,-468000000.0,1777000000,1777000000,1777000000,44388000000.0,4300000000.0,1622000000.0,57267000000.0,3753000000.0,25944000000.0,29697000000.0,86964000000,3920000000.0,589000000.0,17461000000.0,16264000000.0,22289000000.0,39750000000,38297000000.0,7910000000.0,47214000000.0,86964000000,1777000000.0,621000000.0,403000000.0,-468000000.0,399000000.0,-168000000.0,36000000.0,-735000000.0,2333000000.0,-265000000.0,-3023000000.0,-38000000.0,-3191000000.0,-322000000.0,0.0,-1541000000.0,-2057000000.0,-2915000000,2011-10-31,18.34000015258789,18.549999237060547,18.209999084472656,18.530000686645508,13.817926406860352,50718200.0
2012-01-31,11527000000.0,-4462000000.0,7065000000.0,-4331000000.0,-2892000000.0,-1339000000.0,2734000000.0,15000000.0,8000000.0,2749000000,2749000000,-567000000.0,2182000000,2182000000,2182000000,46742000000.0,3876000000.0,1590000000.0,59298000000.0,3711000000.0,26250000000.0,29961000000.0,89259000000,3847000000.0,605000000.0,17598000000.0,16299000000.0,22396000000.0,39994000000,38906000000.0,9490000000.0,49265000000.0,89259000000,2182000000.0,564000000.0,321000000.0,34000000.0,362000000.0,-26000000.0,-114000000.0,-188000000.0,3101000000.0,-284000000.0,1312000000.0,-71000000.0,1106000000.0,-322000000.0,17000000.0,-16000000.0,-393000000.0,3814000000,2012-01-31,19.690000534057614,19.729999542236328,19.440000534057614,19.649999618530273,14.701912879943848,40629600.0
2012-04-30,11588000000.0,-4419000000.0,7169000000.0,-4419000000.0,-2945000000.0,-1358000000.0,2750000000.0,29000000.0,10000000.0,2779000000,2779000000,-614000000.0,2165000000,2165000000,2165000000,48412000000.0,3980000000.0,1497000000.0,61212000000.0,3634000000.0,26308000000.0,29942000000.0,91154000000,3982000000.0,83000000.0,17124000000.0,16286000000.0,22652000000.0,39776000000,39510000000.0,10869000000.0,51378000000.0,91154000000,2165000000.0,631000000.0,333000000.0,-160000000.0,-101000000.0,81000000.0,112000000.0,-252000000.0,2969000000.0,-281000000.0,-3757000000.0,-224000000.0,-4159000000.0,-432000000.0,-522000000.0,-36000000.0,-910000000.0,-2100000000,2012-04-30,19.850000381469727,20.170000076293945,19.81999969482422,20.15999984741211,15.14064884185791,36405500.0
2012-07-31,11690000000.0,-4605000000.0,7085000000.0,-4714000000.0,-3128000000.0,-1416000000.0,2371000000.0,15000000.0,20000000.0,2386000000,2386000000,-469000000.0,1917000000,1917000000,1917000000,48716000000.0,4369000000.0,1663000000.0,61933000000.0,3402000000.0,26424000000.0,29826000000.0,91759000000,4063000000.0,31000000.0,17731000000.0,16297000000.0,22727000000.0,40458000000,39271000000.0,11354000000.0,51301000000.0,91759000000,1917000000.0,392000000.0,383000000.0,396000000.0,-388000000.0,-174000000.0,-41000000.0,999000000.0,3088000000.0,-246000000.0,2746000000.0,-42000000.0,2429000000.0,-425000000.0,-52000000.0,-1595000000.0,-2179000000.0,3338000000,2012-07-31,15.869999885559082,16.110000610351562,15.850000381469727,15.949999809265135,12.034910202026367,33961900.0
2012-10-31,11876000000.0,-4637000000.0,7239000000.0,-4588000000.0,-2976000000.0,-1431000000.0,2651000000.0,-20000000.0,13000000.0,2631000000,2631000000,-539000000.0,2092000000,2092000000,2092000000,45000000000.0,3942000000.0,1709000000.0,57907000000.0,3409000000.0,31327000000.0,34736000000.0,92643000000,3799000000.0,55000000.0,17114000000.0,16272000000.0,22828000000.0,39942000000,39290000000.0,12563000000.0,52701000000.0,92643000000,2092000000.0,615000000.0,445000000.0,-687000000.0,615000000.0,42000000.0,-19000000.0,-1325000000.0,2465000000.0,-241000000.0,-1387000000.0,-4912000000.0,-6530000000.0,-744000000.0,23000000.0,-66000000.0,-961000000.0,-5026000000,2012-10-31,17.379999160766598,17.430000305175778,17.010000228881836,17.149999618530273,13.036213874816895,36797100.0
2013-01-31,12098000000.0,-4755000000.0,7343000000.0,-4554000000.0,-2971000000.0,-1452000000.0,2789000000.0,-9000000.0,13000000.0,2780000000,2780000000,363000000.0,3143000000,3143000000,3143000000,46376000000.0,4462000000.0,1574000000.0,60725000000.0,3403000000.0,32250000000.0,35653000000.0,96378000000,3898000000.0,37000000.0,17950000000.0,16254000000.0,22903000000.0,40853000000,39970000000.0,14647000000.0,55525000000.0,96378000000,3143000000.0,617000000.0,274000000.0,-685000000.0,-515000000.0,152000000.0,2000000.0,-324000000.0,3349000000.0,-277000000.0,680000000.0,-1123000000.0,-666000000.0,-743000000.0,-19000000.0,73000000.0,-609000000.0,2074000000,2013-01-31,20.6200008392334,20.899999618530273,20.559999465942386,20.56999969482422,15.751551628112793,29992500.0
2013-04-30,12216000000.0,-4705000000.0,7511000000.0,-4569000000.0,-2905000000.0,-1542000000.0,2942000000.0,3000000.0,17000000.0,2945000000,2945000000,-467000000.0,2478000000,2478000000,2478000000,47388000000.0,4942000000.0,1469000000.0,61417000000.0,3330000000.0,32337000000.0,35667000000.0,97084000000,3967000000.0,3292000000.0,21063000000.0,12956000000.0,19223000000.0,40286000000,40431000000.0,15668000000.0,56798000000.0,97084000000,2478000000.0,619000000.0,139000000.0,-142000000.0,-539000000.0,44000000.0,108000000.0,245000000.0,3094000000.0,-268000000.0,-2889000000.0,-336000000.0,-3457000000.0,-905000000.0,-24000000.0,-368000000.0,-1362000000.0,-1725000000,2013-04-30,20.989999771118164,21.25,20.799999237060547,20.920000076293945,16.149065017700195,37777300.0
2013-07-31,12417000000.0,-5070000000.0,7347000000.0,-4533000000.0,-2950000000.0,-1517000000.0,2814000000.0,57000000.0,28000000.0,2871000000,2871000000,-601000000.0,2270000000,2270000000,2270000000,50610000000.0,5470000000.0,1476000000.0,65521000000.0,3322000000.0,32348000000.0,35670000000.0,101191000000,4403000000.0,3283000000.0,21996000000.0,12928000000.0,20067000000.0,42063000000,42297000000.0,16215000000.0,59128000000.0,101191000000,2270000000.0,609000000.0,86000000.0,1021000000.0,-562000000.0,-20000000.0,73000000.0,1530000000.0,3986000000.0,-233000000.0,-529000000.0,-395000000.0,-1115000000.0,-918000000.0,8000000.0,926000000.0,-68000000.0,2803000000,2013-07-31,25.79999923706055,25.88999938964844,25.54999923706055,25.59000015258789,19.892980575561523,30709400.0
2013-10-31,12085000000.0,-4678000000.0,7407000000.0,-4952000000.0,-2926000000.0,-1724000000.0,2455000000.0,85000000.0,29000000.0,2540000000,2540000000,-544000000.0,1996000000,1996000000,1996000000,48201000000.0,5188000000.0,1466000000.0,62796000000.0,3273000000.0,34672000000.0,37945000000.0,100741000000,3796000000.0,3279000000.0,21728000000.0,12947000000.0,20104000000.0,41832000000,42166000000.0,15959000000.0,58909000000.0,100741000000,1996000000.0,591000000.0,299000000.0,-237000000.0,361000000.0,22000000.0,-29000000.0,-591000000.0,2649000000.0,-159000000.0,-178000000.0,-2447000000.0,-2755000000.0,-914000000.0,2000000.0,-1454000000.0,-2565000000.0,-2671000000,2013-10-31,22.63999938964844,22.709999084472656,22.440000534057614,22.559999465942386,17.66571617126465,34497400.0
2014-01-31,11155000000.0,-5204000000.0,5951000000.0,-4284000000.0,-2728000000.0,-1412000000.0,1667000000.0,88000000.0,33000000.0,1755000000,1755000000,-326000000.0,1429000000,1429000000,1429000000,47065000000.0,4378000000.0,1548000000.0,60689000000.0,3234000000.0,34504000000.0,37738000000.0,98427000000,3297000000.0,4762000000.0,22944000000.0,12385000000.0,19399000000.0,42343000000,41438000000.0,13928000000.0,56084000000.0,98427000000,1429000000.0,612000000.0,151000000.0,681000000.0,773000000.0,-99000000.0,-132000000.0,139000000.0,2873000000.0,-254000000.0,1110000000.0,-337000000.0,565000000.0,-896000000.0,978000000.0,-3389000000.0,-3353000000.0,85000000,2014-01-31,21.61000061035156,21.989999771118164,21.61000061035156,21.90999984741211,17.287755966186527,43325300.0
2014-04-30,11545000000.0,-4539000000.0,7006000000.0,-4464000000.0,-2802000000.0,-1565000000.0,2542000000.0,100000000.0,24000000.0,2642000000,2642000000,-461000000.0,2181000000,2181000000,2181000000,50469000000.0,4443000000.0,1528000000.0,64288000000.0,3310000000.0,34258000000.0,37568000000.0,101856000000,3864000000.0,508000000.0,18515000000.0,20384000000.0,27545000000.0,46060000000,41241000000.0,13849000000.0,55796000000.0,101856000000,2181000000.0,608000000.0,114000000.0,295000000.0,-70000000.0,27000000.0,159000000.0,179000000.0,3198000000.0,-369000000.0,-2593000000.0,0.0,-2948000000.0,-974000000.0,3745000000.0,-2069000000.0,652000000.0,902000000,2014-04-30,23.07999992370605,23.13999938964844,22.920000076293945,23.11000061035156,18.39045524597168,23979300.0
2014-07-31,12357000000.0,-4952000000.0,7405000000.0,-4724000000.0,-2981000000.0,-1593000000.0,2681000000.0,97000000.0,41000000.0,2778000000,2778000000,-531000000.0,2247000000,2247000000,2247000000,52074000000.0,5157000000.0,1591000000.0,67114000000.0,3252000000.0,34704000000.0,37956000000.0,105070000000,4372000000.0,508000000.0,19809000000.0,20337000000.0,28600000000.0,48409000000,41884000000.0,14093000000.0,56661000000.0,105070000000,2247000000.0,628000000.0,-232000000.0,969000000.0,-724000000.0,-59000000.0,-21000000.0,1773000000.0,3612000000.0,-261000000.0,-1187000000.0,-205000000.0,-1505000000.0,-974000000.0,-22000000.0,-594000000.0,-1622000000.0,485000000,2014-07-31,25.479999542236328,25.5,25.170000076293945,25.229999542236328,20.230762481689453,28219900.0
2014-10-31,12245000000.0,-4912000000.0,7333000000.0,-4991000000.0,-3019000000.0,-1583000000.0,2342000000.0,18000000.0,40000000.0,2360000000,2360000000,-532000000.0,1828000000,1828000000,1828000000,52107000000.0,4375000000.0,1676000000.0,66396000000.0,3233000000.0,34349000000.0,37582000000.0,103978000000,3754000000.0,1357000000.0,20056000000.0,19615000000.0,27207000000.0,47263000000,41984000000.0,14273000000.0,56715000000.0,103978000000,1828000000.0,599000000.0,606000000.0,-542000000.0,723000000.0,-107000000.0,-5000000.0,-1153000000.0,2491000000.0,-282000000.0,-2455000000.0,-184000000.0,-2877000000.0,-973000000.0,-7000000.0,-735000000.0,-1953000000.0,-2339000000,2014-10-31,24.59000015258789,24.63999938964844,24.18000030517578,24.46999931335449,19.770898818969727,30379100.0
2015-01-31,11936000000.0,-4846000000.0,7090000000.0,-4468000000.0,-2798000000.0,-1529000000.0,2622000000.0,251000000.0,50000000.0,2873000000,2873000000,-476000000.0,2397000000,2397000000,2397000000,53022000000.0,4541000000.0,1890000000.0,67882000000.0,3212000000.0,33828000000.0,37040000000.0,104922000000,3682000000.0,855000000.0,20034000000.0,19667000000.0,27155000000.0,47189000000,42685000000.0,14847000000.0,57733000000.0,104922000000,2397000000.0,630000000.0,253000000.0,-397000000.0,-222000000.0,-233000000.0,-27000000.0,85000000.0,2883000000.0,-263000000.0,-537000000.0,-33000000.0,-759000000.0,-974000000.0,-503000000.0,-299000000.0,-1714000000.0,410000000,2015-01-30,26.8799991607666,27.11000061035156,26.31999969482422,26.3700008392334,21.452545166015625,38419100.0
2015-04-30,12137000000.0,-4612000000.0,7525000000.0,-4600000000.0,-2959000000.0,-1547000000.0,2925000000.0,110000000.0,51000000.0,3035000000,3035000000,-598000000.0,2437000000,2437000000,2437000000,54419000000.0,4889000000.0,1760000000.0,69331000000.0,3276000000.0,33605000000.0,36881000000.0,106212000000,3924000000.0,4418000000.0,23245000000.0,16586000000.0,24134000000.0,47379000000,43133000000.0,15503000000.0,58833000000.0,106212000000,2437000000.0,570000000.0,372000000.0,-339000000.0,-404000000.0,105000000.0,133000000.0,-173000000.0,3040000000.0,-354000000.0,-2258000000.0,-21000000.0,-2592000000.0,-1070000000.0,499000000.0,-707000000.0,-1375000000.0,-927000000,2015-04-30,28.85000038146973,29.020000457763672,28.68000030517578,28.82999992370605,23.633302688598643,26514500.0
2015-07-31,12843000000.0,-5110000000.0,7733000000.0,-4852000000.0,-3085000000.0,-1548000000.0,2881000000.0,52000000.0,62000000.0,2933000000,2933000000,-614000000.0,2319000000,2319000000,2319000000,60416000000.0,5344000000.0,1627000000.0,73368000000.0,3332000000.0,36673000000.0,40005000000.0,113373000000,4215000000.0,3897000000.0,23412000000.0,21457000000.0,30254000000.0,53666000000,43592000000.0,16045000000.0,59707000000.0,113373000000,2319000000.0,643000000.0,-66000000.0,1242000000.0,-510000000.0,119000000.0,-14000000.0,1647000000.0,4138000000.0,-306000000.0,-3417000000.0,-88000000.0,-3860000000.0,-1069000000.0,4480000000.0,-567000000.0,2729000000.0,3007000000,2015-07-31,28.38999938964844,28.559999465942386,28.15999984741211,28.420000076293945,23.476741790771484,20376000.0
2015-10-31,12682000000.0,-4850000000.0,7832000000.0,-4753000000.0,-2982000000.0,-1560000000.0,3079000000.0,58000000.0,66000000.0,3137000000,3137000000,-707000000.0,2430000000,2430000000,2430000000,59107000000.0,4712000000.0,1482000000.0,73946000000.0,3346000000.0,34481000000.0,37827000000.0,111773000000,3852000000.0,3027000000.0,22100000000.0,21594000000.0,29688000000.0,51788000000,43643000000.0,16586000000.0,59985000000.0,111773000000,2430000000.0,507000000.0,499000000.0,-670000000.0,631000000.0,130000000.0,4000000.0,-1435000000.0,2766000000.0,-256000000.0,-93000000.0,-614000000.0,-950000000.0,-1068000000.0,-856000000.0,-825000000.0,-2935000000.0,-1119000000,2015-10-30,29.0,29.25,28.85000038146973,28.85000038146973,24.02414131164551,22334100.0
2016-01-31,11927000000.0,-4495000000.0,7432000000.0,-4138000000.0,-2462000000.0,-1509000000.0,3294000000.0,12000000.0,75000000.0,3306000000,3306000000,-159000000.0,3147000000,3147000000,3147000000,60375000000.0,4302000000.0,1362000000.0,75005000000.0,3386000000.0,34251000000.0,37637000000.0,112642000000,3999000000.0,3008000000.0,22799000000.0,21591000000.0,28965000000.0,51764000000,43857000000.0,17821000000.0,60878000000.0,112642000000,3147000000.0,498000000.0,170000000.0,107000000.0,357000000.0,23000000.0,-151000000.0,-122000000.0,3922000000.0,-309000000.0,-960000000.0,-103000000.0,-1437000000.0,-1065000000.0,-10000000.0,-818000000.0,-1929000000.0,556000000,2016-01-29,23.399999618530273,23.79999923706055,23.20000076293945,23.790000915527344,19.964920043945312,39692600.0
2016-04-30,12000000000.0,-4279000000.0,7721000000.0,-4737000000.0,-3013000000.0,-1626000000.0,2984000000.0,99000000.0,95000000.0,3083000000,3083000000,-734000000.0,2349000000,2349000000,2349000000,63512000000.0,4047000000.0,1343000000.0,78571000000.0,3529000000.0,36554000000.0,40083000000.0,118654000000,3904000000.0,4164000000.0,24003000000.0,24431000000.0,32293000000.0,56296000000,44137000000.0,18448000000.0,62358000000.0,118654000000,2349000000.0,541000000.0,252000000.0,-78000000.0,424000000.0,36000000.0,33000000.0,-571000000.0,3064000000.0,-304000000.0,81000000.0,-2072000000.0,-2364000000.0,-1308000000.0,3977000000.0,-740000000.0,1881000000.0,2581000000,2016-04-29,27.71999931335449,27.82999992370605,27.13999938964844,27.489999771118164,23.28099250793457,33890100.0
2016-07-31,12638000000.0,-4663000000.0,7975000000.0,-4672000000.0,-2976000000.0,-1601000000.0,3303000000.0,91000000.0,93000000.0,3394000000,3394000000,-581000000.0,2813000000,2813000000,2813000000,65756000000.0,5847000000.0,1217000000.0,78719000000.0,3506000000.0,39427000000.0,42933000000.0,121652000000,4524000000.0,4160000000.0,24911000000.0,24483000000.0,33156000000.0,58067000000,44516000000.0,19396000000.0,63585000000.0,121652000000,2813000000.0,604000000.0,-112000000.0,513000000.0,-1816000000.0,126000000.0,49000000.0,2154000000.0,3818000000.0,-236000000.0,-3151000000.0,0.0,-3366000000.0,-1309000000.0,0.0,-399000000.0,-1716000000.0,-1264000000,2016-07-29,30.60000038146973,30.690000534057607,30.46999931335449,30.53000068664551,26.09108543395996,23807200.0
2016-10-31,12352000000.0,-4468000000.0,7884000000.0,-5007000000.0,-2973000000.0,-1545000000.0,2877000000.0,76000000.0,97000000.0,2953000000,2953000000,-631000000.0,2322000000,2322000000,2322000000,70968000000.0,4805000000.0,1176000000.0,83141000000.0,3499000000.0,39647000000.0,43146000000.0,126287000000,3647000000.0,4155000000.0,23217000000.0,30634000000.0,39657000000.0,62874000000,44236000000.0,19694000000.0,63413000000.0,126287000000,2322000000.0,599000000.0,486000000.0,-677000000.0,1049000000.0,44000000.0,-63000000.0,-1707000000.0,2730000000.0,-273000000.0,-4919000000.0,-251000000.0,-5396000000.0,-1308000000.0,6231000000.0,-935000000.0,3618000000.0,952000000,2016-10-31,30.34000015258789,30.770000457763672,30.31999969482422,30.68000030517578,26.43596076965332,23225400.0
2017-01-31,11580000000.0,-4304000000.0,7276000000.0,-4383000000.0,-2678000000.0,-1508000000.0,2893000000.0,70000000.0,107000000.0,2963000000,2963000000,-615000000.0,2348000000,2348000000,2348000000,71845000000.0,4458000000.0,1264000000.0,83392000000.0,3422000000.0,39434000000.0,42856000000.0,126248000000,3536000000.0,4451000000.0,22708000000.0,30471000000.0,39722000000.0,62430000000,44585000000.0,20027000000.0,63818000000.0,126248000000,2348000000.0,549000000.0,194000000.0,681000000.0,347000000.0,-95000000.0,-35000000.0,464000000.0,3772000000.0,-248000000.0,595000000.0,0.0,418000000.0,-1304000000.0,300000000.0,-670000000.0,-1875000000.0,2315000000,2017-01-31,30.68000030517578,30.88999938964844,30.57999992370605,30.71999931335449,26.69772148132324,16603100.0
2017-04-30,11940000000.0,-4422000000.0,7518000000.0,-4349000000.0,-2713000000.0,-1507000000.0,3169000000.0,22000000.0,135000000.0,3191000000,3191000000,-676000000.0,2515000000,2515000000,2515000000,67974000000.0,4635000000.0,1366000000.0,79962000000.0,3395000000.0,42593000000.0,45988000000.0,125950000000,4064000000.0,4248000000.0,22718000000.0,28222000000.0,37850000000.0,60568000000,45003000000.0,20721000000.0,65382000000.0,125950000000,2515000000.0,560000000.0,370000000.0,-72000000.0,-143000000.0,-98000000.0,247000000.0,-78000000.0,3373000000.0,-229000000.0,1394000000.0,-2960000000.0,-1710000000.0,-1451000000.0,-2450000000.0,-493000000.0,-4445000000.0,-2782000000,2017-04-28,33.880001068115234,34.080001831054695,33.669998168945305,34.06999969482422,29.867027282714844,20461700.0
2017-07-31,12133000000.0,-4587000000.0,7546000000.0,-4512000000.0,-2813000000.0,-1499000000.0,3034000000.0,146000000.0,138000000.0,3180000000,3180000000,-756000000.0,2424000000,2424000000,2424000000,70492000000.0,5146000000.0,1616000000.0,83703000000.0,3322000000.0,42793000000.0,46115000000.0,129818000000,4378000000.0,7992000000.0,27583000000.0,25725000000.0,36098000000.0,63681000000,45253000000.0,20838000000.0,66137000000.0,129818000000,2424000000.0,578000000.0,345000000.0,654000000.0,-497000000.0,-245000000.0,162000000.0,1234000000.0,4001000000.0,-207000000.0,976000000.0,-113000000.0,695000000.0,-1448000000.0,1245000000.0,-879000000.0,-1104000000.0,3592000000,2017-07-31,31.540000915527344,31.59000015258789,31.3700008392334,31.45000076293945,27.827821731567386,19256400.0
2017-10-31,12136000000.0,-4709000000.0,7427000000.0,-4671000000.0,-2891000000.0,-1567000000.0,2756000000.0,206000000.0,144000000.0,2962000000,2962000000,-568000000.0,2394000000,2394000000,2394000000,71588000000.0,4206000000.0,1693000000.0,84080000000.0,3202000000.0,43240000000.0,46442000000.0,130522000000,3925000000.0,10239000000.0,29284000000.0,25684000000.0,35688000000.0,64972000000,44872000000.0,20647000000.0,65550000000.0,130522000000,2394000000.0,566000000.0,497000000.0,-377000000.0,957000000.0,-80000000.0,-235000000.0,-1019000000.0,3080000000.0,-167000000.0,-1684000000.0,-725000000.0,-2505000000.0,-1436000000.0,2236000000.0,-1677000000.0,-1250000000.0,-675000000,2017-10-31,33.97999954223633,34.240001678466804,33.959999084472656,34.150001525878906,30.477970123291016,13935100.0
2018-01-31,11887000000.0,-4389000000.0,7498000000.0,-4425000000.0,-2718000000.0,-1549000000.0,3073000000.0,159000000.0,149000000.0,3232000000,3232000000,-12010000000.0,-8778000000,-8778000000,-8778000000,73683000000.0,3963000000.0,1896000000.0,86050000000.0,3113000000.0,42347000000.0,45460000000.0,131510000000,6000000000.0,13741000000.0,35364000000.0,25625000000.0,44164000000.0,79528000000,44535000000.0,7364000000.0,51982000000.0,131510000000,-8778000000.0,546000000.0,1092000000.0,11210000000.0,279000000.0,-196000000.0,-103000000.0,11230000000.0,4070000000.0,-161000000.0,4117000000.0,-2000000.0,3990000000.0,-1425000000.0,3506000000.0,-3478000000.0,-1479000000.0,6581000000,2018-01-31,41.97999954223633,42.0099983215332,41.349998474121094,41.540000915527344,37.34986114501953,36512100.0
2018-04-30,12463000000.0,-4704000000.0,7759000000.0,-4625000000.0,-2886000000.0,-1590000000.0,3134000000.0,119000000.0,143000000.0,3253000000,3253000000,-562000000.0,2691000000,2691000000,2691000000,54431000000.0,4274000000.0,1900000000.0,67141000000.0,3082000000.0,43785000000.0,46867000000.0,114008000000,5480000000.0,7736000000.0,28642000000.0,20336000000.0,38705000000.0,67347000000,43556000000.0,3709000000.0,46661000000.0,114008000000,2691000000.0,564000000.0,345000000.0,-1184000000.0,-172000000.0,-13000000.0,486000000.0,-1485000000.0,2416000000.0,-238000000.0,7990000000.0,-2035000000.0,5757000000.0,-1572000000.0,-11242000000.0,-6089000000.0,-19081000000.0,-10908000000,2018-04-30,44.91999816894531,45.18000030517578,44.27999877929688,44.290000915527344,40.1426010131836,19958500.0
2018-07-31,12844000000.0,-4922000000.0,7922000000.0,-4576000000.0,-2891000000.0,-1626000000.0,3346000000.0,246000000.0,129000000.0,3592000000,3592000000,211000000.0,3803000000,3803000000,3803000000,46548000000.0,5554000000.0,1846000000.0,61837000000.0,3006000000.0,43941000000.0,46947000000.0,108784000000,5894000000.0,5238000000.0,27035000000.0,20331000000.0,38545000000.0,65580000000,42820000000.0,1233000000.0,43204000000.0,108784000000,3803000000.0,516000000.0,86000000.0,-305000000.0,-1333000000.0,45000000.0,356000000.0,627000000.0,4100000000.0,-209000000.0,8500000000.0,-217000000.0,8082000000.0,-1535000000.0,-2500000000.0,-5680000000.0,-9954000000.0,2228000000,2018-07-31,42.2400016784668,42.61999893188477,41.91999816894531,42.290000915527344,38.62864303588867,20900300.0
2018-10-31,13072000000.0,-4926000000.0,8146000000.0,-4341000000.0,-2621000000.0,-1608000000.0,3805000000.0,104000000.0,123000000.0,3909000000,3909000000,-360000000.0,3549000000,3549000000,3549000000,42593000000.0,4536000000.0,1572000000.0,55686000000.0,2956000000.0,46787000000.0,49743000000.0,105429000000,5511000000.0,7241000000.0,26414000000.0,18323000000.0,35167000000.0,61581000000,41897000000.0,3169000000.0,43848000000.0,105429000000,3549000000.0,465000000.0,346000000.0,-597000000.0,892000000.0,-34000000.0,-153000000.0,-1302000000.0,3763000000.0,-210000000.0,4833000000.0,-1964000000.0,2675000000.0,-1500000000.0,0.0,-5068000000.0,-6945000000.0,-507000000,2018-10-31,45.04999923706055,46.29999923706055,44.88999938964844,45.75,42.07161331176758,26023700.0
2019-01-31,12446000000.0,-4673000000.0,7773000000.0,-4562000000.0,-2780000000.0,-1557000000.0,3211000000.0,132000000.0,105000000.0,3343000000,3343000000,-521000000.0,2822000000,2822000000,2822000000,40383000000.0,3745000000.0,1701000000.0,53117000000.0,2931000000.0,46414000000.0,49345000000.0,102462000000,5364000000.0,9737000000.0,29479000000.0,15893000000.0,32194000000.0,61673000000,41361000000.0,538000000.0,40789000000.0,102462000000,2822000000.0,487000000.0,142000000.0,346000000.0,721000000.0,-169000000.0,-143000000.0,-63000000.0,3797000000.0,-253000000.0,3740000000.0,365000000.0,3867000000.0,-1470000000.0,0.0,-4682000000.0,-6271000000.0,1393000000,2019-01-31,46.72000122070313,47.38000106811523,46.52000045776367,47.290000915527344,43.82451248168945,23693600.0
2019-04-30,12958000000.0,-4785000000.0,8173000000.0,-4660000000.0,-2944000000.0,-1659000000.0,3513000000.0,102000000.0,120000000.0,3615000000,3615000000,-571000000.0,3044000000,3044000000,3044000000,34643000000.0,3795000000.0,1513000000.0,47311000000.0,2834000000.0,47142000000.0,49976000000.0,97287000000,5847000000.0,7777000000.0,27913000000.0,15921000000.0,32570000000.0,60483000000,40577000000.0,-2877000000.0,36804000000.0,97287000000,3044000000.0,481000000.0,350000000.0,454000000.0,-53000000.0,202000000.0,348000000.0,-43000000.0,4329000000.0,-223000000.0,6321000000.0,-576000000.0,5606000000.0,-1519000000.0,-1997000000.0,-5971000000.0,-9541000000.0,394000000,2019-04-30,56.0,56.11999893188477,55.52999877929688,55.95000076293945,52.17817306518555,20846000.0
2019-07-31,13428000000.0,-4854000000.0,8574000000.0,-4884000000.0,-3053000000.0,-1753000000.0,3690000000.0,14000000.0,101000000.0,3704000000,3704000000,-1498000000.0,2206000000,2206000000,2206000000,33413000000.0,5491000000.0,1383000000.0,47755000000.0,2789000000.0,47249000000.0,50038000000.0,97793000000,6429000000.0,10191000000.0,31712000000.0,14475000000.0,32510000000.0,64222000000,40266000000.0,-5903000000.0,33571000000.0,97793000000,2206000000.0,464000000.0,398000000.0,874000000.0,-1644000000.0,132000000.0,35000000.0,2351000000.0,3942000000.0,-201000000.0,2858000000.0,0.0,2689000000.0,-1490000000.0,913000000.0,-4356000000.0,-5132000000.0,1499000000,2019-07-31,56.33000183105469,56.83000183105469,54.9000015258789,55.4000015258789,51.99130630493164,17441200.0
2019-10-31,13159000000.0,-4695000000.0,8464000000.0,-4885000000.0,-2999000000.0,-1666000000.0,3579000000.0,107000000.0,95000000.0,3686000000,3686000000,-760000000.0,2926000000,2926000000,2926000000,28035000000.0,4878000000.0,1344000000.0,41716000000.0,2669000000.0,48107000000.0,50776000000.0,92492000000,5545000000.0,4000000000.0,24597000000.0,14497000000.0,33472000000.0,58069000000,40321000000.0,-5083000000.0,34423000000.0,92492000000,2926000000.0,461000000.0,518000000.0,-318000000.0,515000000.0,34000000.0,-45000000.0,-822000000.0,3587000000.0,-198000000.0,2226000000.0,-163000000.0,1922000000.0,-1486000000.0,-6190000000.0,-782000000.0,-8668000000.0,-3159000000,2019-10-31,47.599998474121094,47.6500015258789,47.099998474121094,47.5099983215332,44.92447280883789,12488300.0
2020-01-31,12005000000.0,-4241000000.0,7764000000.0,-4342000000.0,-2734000000.0,-1570000000.0,3422000000.0,154000000.0,84000000.0,3576000000,3534000000,-656000000.0,2878000000,2878000000,2878000000,27062000000.0,4330000000.0,1353000000.0,40053000000.0,2621000000.0,47752000000.0,50373000000.0,90426000000,5444000000.0,1499000000.0,22088000000.0,14494000000.0,32805000000.0,54893000000,40617000000.0,-4384000000.0,35533000000.0,90426000000,2878000000.0,457000000.0,273000000.0,192000000.0,569000000.0,-9000000.0,-81000000.0,-287000000.0,3800000000.0,-62000000.0,881000000.0,0.0,843000000.0,-1486000000.0,-2500000000.0,-532000000.0,-4757000000.0,-114000000,2020-01-31,46.9900016784668,47.0,45.84000015258789,45.97000122070313,43.7878303527832,20069900.0
2020-04-30,11983000000.0,-4212000000.0,7771000000.0,-4229000000.0,-2649000000.0,-1546000000.0,3542000000.0,30000000.0,88000000.0,3572000000,3444000000,-670000000.0,2774000000,2774000000,2774000000,28574000000.0,4569000000.0,1212000000.0,41307000000.0,2535000000.0,47552000000.0,50087000000.0,91394000000,6380000000.0,4506000000.0,25937000000.0,11578000000.0,29749000000.0,55686000000,40691000000.0,-3874000000.0,35708000000.0,91394000000,2774000000.0,446000000.0,357000000.0,660000000.0,-310000000.0,118000000.0,450000000.0,402000000.0,4237000000.0,-127000000.0,315000000.0,-74000000.0,236000000.0,-1519000000.0,0.0,-1010000000.0,-2602000000.0,1871000000,2020-04-30,43.16999816894531,43.16999816894531,42.16999816894531,42.38000106811523,40.75098037719727,26679900.0
2020-07-31,12154000000.0,-4470000000.0,7684000000.0,-4607000000.0,-2712000000.0,-1565000000.0,3077000000.0,59000000.0,68000000.0,3136000000,3306000000,-670000000.0,2636000000,2636000000,2636000000,29419000000.0,5472000000.0,1282000000.0,43573000000.0,2453000000.0,48827000000.0,51280000000.0,94853000000,6179000000.0,3005000000.0,25331000000.0,11578000000.0,31602000000.0,56933000000,41202000000.0,-2763000000.0,37920000000.0,94853000000,2636000000.0,444000000.0,338000000.0,384000000.0,-881000000.0,-59000000.0,-183000000.0,1507000000.0,3802000000.0,-204000000.0,782000000.0,-90000000.0,499000000.0,-1525000000.0,-1500000000.0,320000000.0,-2859000000.0,1442000000,2020-07-31,46.38999938964844,47.11000061035156,45.86000061035156,47.099998474121094,45.64631652832031,17701100.0
