Report Date,Revenue,Cost of Revenue,Gross Profit,Operating Expenses,Operating Income (Loss),Non-Operating Income (Loss),"Interest Expense, Net","Pretax Income (Loss), Adj.",Pretax Income (Loss),"Income Tax (Expense) Benefit, Net",Income (Loss) from Continuing Operations,Net Extraordinary Gains (Losses),Net Income,Net Income (Common),"Cash, Cash Equivalents & Short Term Investments",Accounts & Notes Receivable,Inventories,Total Current Assets,"Property, Plant & Equipment, Net",Other Long Term Assets,Total Noncurrent Assets,Total Assets,Payables & Accruals,Short Term Debt,Total Current Liabilities,Long Term Debt,Total Noncurrent Liabilities,Total Liabilities,Share Capital & Additional Paid-In Capital,Treasury Stock,Retained Earnings,Total Equity,Total Liabilities & Equity,Non-Cash Items,Net Cash from Operating Activities,Change in Fixed Assets & Intangibles,Net Change in Long Term Investment,Net Cash from Acquisitions & Divestitures,Net Cash from Investing Activities,Dividends Paid,Cash from (Repayment of) Debt,Cash from (Repurchase of) Equity,Net Cash from Financing Activities,Net Change in Cash,Price Date,Open,High,Low,Close,Adj Close,Volume
2009-09-30,24642000000.0,-19630000000.0,5012000000.0,-3446000000.0,1566000000.0,-123000000.0,-123000000.0,1443000000,1443000000,-420000000.0,1023000000,-2000000.0,1021000000,1021000000,1135300000.0,5692900000.0,9975900000.0,17397900000.0,8277400000.0,36204000000.0,44481400000.0,61879300000,9496500000.0,3203900000.0,12700400000.0,8756200000.0,13504000000.0,26204400000,27075000000.0,-6669100000.0,15412700000.0,35674900000.0,61879300000,907000000.0,907000000.0,-661000000.0,-5000000.0,-16000000.0,-437000000.0,-110000000.0,921000000.0,-1394000000.0,-565000000.0,-95000000,2009-09-30,35.959999084472656,36.04999923706055,35.4900016784668,35.7400016784668,28.083759307861328,12945000.0
2009-12-31,25308000000.0,-19762000000.0,5546000000.0,-3664000000.0,1882000000.0,-132000000.0,-132000000.0,1750000000,1750000000,-705000000.0,1045000000,6000000.0,1051000000,1051000000,1091000000.0,5457000000.0,10343000000.0,17537000000.0,7923000000.0,36181000000.0,44104000000.0,61641000000,9881000000.0,2419000000.0,12300000000.0,8756000000.0,13573000000.0,25873000000,27158000000.0,-7610000000.0,16355000000.0,35768000000.0,61641000000,1805000000.0,1805000000.0,-773000000.0,0.0,-65000000.0,-24000000.0,-108000000.0,-786000000.0,-924000000.0,-1825000000.0,-44000000,2009-12-31,32.610000610351555,32.759998321533196,32.189998626708984,32.209999084472656,25.360727310180664,4962600.0
2010-03-31,23760000000.0,-19014000000.0,4746000000.0,-3336000000.0,1410000000.0,-128000000.0,-128000000.0,1282000000,1282000000,-510000000.0,772000000,-2000000.0,771000000,771000000,1051000000.0,5149000000.0,10275000000.0,17155000000.0,8044000000.0,36085000000.0,44129000000.0,61284000000,9418000000.0,2919000000.0,12337000000.0,8454000000.0,13253000000.0,25590000000,27274000000.0,-8454000000.0,17004000000.0,35694000000.0,61284000000,1060000000.0,1060000000.0,-401000000.0,1000000.0,3000000.0,-397000000.0,-122000000.0,199000000.0,-790000000.0,-702000000.0,-39000000,2010-03-31,36.90999984741211,36.97000122070313,36.47999954223633,36.560001373291016,28.86053276062012,7802100.0
2010-06-30,24007000000.0,-18987000000.0,5020000000.0,-3519000000.0,1501000000.0,-135000000.0,-135000000.0,1366000000,1366000000,-544000000.0,822000000,-1000000.0,821000000,821000000,1111000000.0,5101000000.0,10389000000.0,17270000000.0,8248000000.0,36006000000.0,44254000000.0,61524000000,8952000000.0,2507000000.0,11459000000.0,9454000000.0,14193000000.0,25652000000,27373000000.0,-9073000000.0,17705000000.0,35872000000.0,61524000000,652000000.0,652000000.0,-465000000.0,0.0,-18000000.0,-483000000.0,-119000000.0,578000000.0,-565000000.0,-109000000.0,60000000,2010-06-30,29.940000534057607,30.25,29.21999931335449,29.31999969482422,23.20014762878418,14228800.0
2010-09-30,23711000000.0,-18696000000.0,5015000000.0,-3537000000.0,1478000000.0,-137000000.0,-137000000.0,1341000000,1341000000,-526000000.0,815000000,-7000000.0,809000000,809000000,983000000.0,5111000000.0,10585000000.0,17339000000.0,8356000000.0,36018000000.0,44374000000.0,61713000000,9186000000.0,2488000000.0,11674000000.0,8653000000.0,13402000000.0,25076000000,27403000000.0,-9029000000.0,18396000000.0,36637000000.0,61713000000,1292000000.0,1292000000.0,-513000000.0,0.0,-119000000.0,-508000000.0,-119000000.0,-819000000.0,26000000.0,-912000000.0,-128000000,2010-09-30,31.32999992370605,31.75,31.239999771118164,31.46999931335449,24.97425079345703,8564400.0
2010-12-31,24300000000.0,-18862000000.0,5438000000.0,-3690000000.0,1748000000.0,-136000000.0,-136000000.0,1612000000,1612000000,-599000000.0,1013000000,12000000.0,1026000000,1026000000,1431000000.0,4925000000.0,10695000000.0,17706000000.0,8322000000.0,36141000000.0,44463000000.0,62169000000,9665000000.0,1405000000.0,11070000000.0,8652000000.0,13399000000.0,24469000000,27570000000.0,-9030000000.0,19303000000.0,37700000000.0,62169000000,1775000000.0,1775000000.0,-592000000.0,0.0,-43000000.0,-252000000.0,-119000000.0,-1085000000.0,114000000.0,-1075000000.0,448000000,2010-12-31,34.860000610351555,35.189998626708984,34.689998626708984,34.77000045776367,27.672807693481445,5031800.0
2011-03-31,25695000000.0,-20953000000.0,4742000000.0,-3437000000.0,1305000000.0,-134000000.0,-134000000.0,1171000000,1171000000,-462000000.0,709000000,3000000.0,713000000,713000000,2168000000.0,5348000000.0,10181000000.0,18380000000.0,8350000000.0,36098000000.0,44448000000.0,62828000000,10359000000.0,1106000000.0,11465000000.0,8669000000.0,13444000000.0,24909000000,27666000000.0,-9449000000.0,19845000000.0,37919000000.0,62828000000,1866000000.0,1866000000.0,-297000000.0,-2000000.0,-11000000.0,-299000000.0,-171000000.0,-301000000.0,-360000000.0,-832000000.0,735000000,2011-03-31,33.549999237060554,34.31999969482422,33.529998779296875,34.31999969482422,27.412166595458984,11492600.0
2011-06-30,26414000000.0,-21328000000.0,5086000000.0,-3602000000.0,1484000000.0,-148000000.0,-148000000.0,1336000000,1336000000,-523000000.0,813000000,2000000.0,816000000,816000000,2233000000.0,5892000000.0,10111000000.0,19065000000.0,8483000000.0,37939000000.0,46422000000.0,65487000000,10836000000.0,916000000.0,11752000000.0,10168000000.0,15491000000.0,27243000000,27862000000.0,-9956000000.0,20491000000.0,38244000000.0,65487000000,1207000000.0,1207000000.0,-413000000.0,1000000.0,-1355000000.0,-1767000000.0,-170000000.0,1162000000.0,-347000000.0,626000000.0,66000000,2011-06-30,37.0099983215332,37.63999938964844,36.88000106811523,37.58000183105469,30.121862411499023,6429800.0
2011-12-31,28297000000.0,-22741000000.0,5556000000.0,-3598000000.0,1958000000.0,-147000000.0,-147000000.0,1811000000,1811000000,-711000000.0,1100000000,-36000000.0,1065000000,1065000000,1418000000.0,6047000000.0,10046000000.0,18594000000.0,8467000000.0,37482000000.0,45949000000.0,64543000000,11150000000.0,806000000.0,11956000000.0,9208000000.0,14536000000.0,26492000000,28086000000.0,-11953000000.0,22090000000.0,38051000000.0,64543000000,821000000.0,821000000.0,-701000000.0,58000000.0,215000000.0,153000000.0,-166000000.0,-753000000.0,-358000000.0,-1268000000.0,-294000000,2011-12-30,41.13999938964844,41.2400016784668,40.77999877929688,40.77999877929688,32.91427230834961,6213200.0
2012-09-30,30227000000.0,-24580000000.0,5647000000.0,-3833000000.0,1814000000.0,-134000000.0,-134000000.0,1680000000,1680000000,-669000000.0,1011000000,-5000000.0,1006000000,1006000000,1238000000.0,6407000000.0,10487000000.0,18879000000.0,8369000000.0,37548000000.0,45917000000.0,64796000000,12433000000.0,830000000.0,13263000000.0,9210000000.0,14617000000.0,27880000000,28900000000.0,-15937000000.0,24123000000.0,36916000000.0,64796000000,923000000.0,923000000.0,-496000000.0,0.0,-29000000.0,-98000000.0,-207000000.0,623000000.0,-1844000000.0,-1415000000.0,-590000000,2012-09-28,48.11999893188477,48.45000076293945,47.9000015258789,48.41999816894531,39.50872421264648,6539600.0
2012-12-31,31381000000.0,-25102000000.0,6279000000.0,-3995000000.0,2284000000.0,-159000000.0,-159000000.0,2125000000,1777000000,-661000000.0,1116000000,0.0,1116000000,1116000000,1380000000.0,6479000000.0,11032000000.0,20161000000.0,8632000000.0,37428000000.0,46060000000.0,66221000000,13455000000.0,695000000.0,14150000000.0,9133000000.0,14418000000.0,28568000000,29106000000.0,-16270000000.0,24998000000.0,37653000000.0,66221000000,1731000000.0,1731000000.0,-693000000.0,0.0,-75000000.0,-666000000.0,-202000000.0,-558000000.0,-170000000.0,-923000000.0,142000000,2012-12-31,47.7599983215332,48.45000076293945,47.6500015258789,48.349998474121094,39.58992385864258,5069500.0
2013-06-30,31248000000.0,-25407000000.0,5841000000.0,-3869000000.0,1972000000.0,-126000000.0,-126000000.0,1846000000,1846000000,-721000000.0,1125000000,-1000000.0,1124000000,1124000000,1179000000.0,7093000000.0,10578000000.0,19869000000.0,8708000000.0,37707000000.0,46415000000.0,66284000000,12672000000.0,18000000.0,12690000000.0,9358000000.0,14688000000.0,27378000000,29518000000.0,-16987000000.0,26573000000.0,38906000000.0,66284000000,902000000.0,902000000.0,-480000000.0,0.0,-46000000.0,-526000000.0,-276000000.0,-300000000.0,-196000000.0,-751000000.0,-377000000,2013-06-28,57.2599983215332,57.68000030517578,56.61999893188477,57.18000030517578,47.20991897583008,8936200.0
2013-09-30,31932000000.0,-25905000000.0,6027000000.0,-3873000000.0,2154000000.0,-122000000.0,-122000000.0,2032000000,2032000000,-777000000.0,1255000000,-6000000.0,1249000000,1249000000,1613000000.0,8035000000.0,10825000000.0,21432000000.0,8749000000.0,37624000000.0,46373000000.0,67805000000,13712000000.0,1386000000.0,15098000000.0,8819000000.0,14173000000.0,29271000000,29639000000.0,-18462000000.0,27551000000.0,38534000000.0,67805000000,1703000000.0,1703000000.0,-524000000.0,-107000000.0,-54000000.0,-529000000.0,-276000000.0,814000000.0,-1402000000.0,-850000000.0,331000000,2013-09-30,57.47000122070313,57.6500015258789,56.66999816894531,56.75,47.02850723266602,7556700.0
2013-12-31,32830000000.0,-26492000000.0,6338000000.0,-4121000000.0,2217000000.0,-135000000.0,-135000000.0,2082000000,2082000000,-816000000.0,1266000000,-1000000.0,1265000000,1265000000,4177000000.0,8729000000.0,11045000000.0,25325000000.0,8615000000.0,37586000000.0,46201000000.0,71526000000,14864000000.0,561000000.0,15425000000.0,12841000000.0,18163000000.0,33588000000,29763000000.0,-20169000000.0,28493000000.0,37938000000.0,71526000000,1538000000.0,1538000000.0,-613000000.0,17000000.0,-61000000.0,-213000000.0,-268000000.0,3150000000.0,-1635000000.0,1261000000.0,2584000000,2013-12-31,71.80000305175781,71.97000122070312,71.30000305175781,71.56999969482422,59.536216735839844,2301600.0
2014-09-30,35021000000.0,-28553000000.0,6468000000.0,-4222000000.0,2246000000.0,-153000000.0,-153000000.0,2093000000,1572000000,-624000000.0,948000000,0.0,948000000,948000000,1210000000.0,10828000000.0,11613000000.0,25337000000.0,8694000000.0,39545000000.0,48239000000.0,73576000000,16866000000.0,1347000000.0,18213000000.0,11709000000.0,17254000000.0,35467000000,30296000000.0,-22877000000.0,30845000000.0,38109000000.0,73576000000,1645000000.0,1645000000.0,-544000000.0,16000000.0,-144000000.0,-349000000.0,-324000000.0,-787000000.0,-688000000.0,-1775000000.0,-480000000,2014-09-30,80.0,80.30999755859375,79.44999694824219,79.58999633789062,66.96400451660156,4049100.0
2014-12-31,37055000000.0,-30422000000.0,6633000000.0,-4312000000.0,2321000000.0,-131000000.0,-131000000.0,2190000000,2190000000,-868000000.0,1322000000,-1000000.0,1321000000,1321000000,2515000000.0,9687000000.0,11930000000.0,25983000000.0,8843000000.0,39361000000.0,48204000000.0,74187000000,17767000000.0,1260000000.0,19027000000.0,11630000000.0,17197000000.0,36224000000,30404000000.0,-24078000000.0,31849000000.0,37963000000.0,74187000000,3423000000.0,3423000000.0,-697000000.0,46000000.0,-47000000.0,-511000000.0,-317000000.0,-104000000.0,-1157000000.0,-1561000000.0,1349000000,2014-12-31,97.77999877929688,97.87000274658205,96.1999969482422,96.30999755859376,81.30506134033203,3406100.0
2015-09-30,38644000000.0,-31983000000.0,6661000000.0,-4330000000.0,2331000000.0,-261000000.0,-261000000.0,2070000000,2070000000,-833000000.0,1237000000,10000000.0,1246000000,1246000000,3011000000.0,12804000000.0,13282000000.0,30753000000.0,9494000000.0,52115000000.0,61609000000.0,92362000000,20983000000.0,451000000.0,21434000000.0,26771000000.0,33748000000.0,55182000000,30991000000.0,-27899000000.0,34398000000.0,37180000000.0,92362000000,1820000000.0,1820000000.0,-534000000.0,15000000.0,-9391000000.0,-9910000000.0,-391000000.0,10972000000.0,-871000000.0,9743000000.0,1646000000,2015-09-30,96.33000183105469,96.88999938964844,95.58000183105469,96.4800033569336,82.28089141845703,5904400.0
2015-12-31,41145000000.0,-33844000000.0,7301000000.0,-4551000000.0,2750000000.0,-298000000.0,-277000000.0,2452000000,2452000000,-952000000.0,1500000000,-1000000.0,1498000000,1498000000,2547000000.0,11888000000.0,14001000000.0,29158000000.0,9855000000.0,53424000000.0,63279000000.0,92437000000,21972000000.0,1197000000.0,23169000000.0,26267000000.0,32026000000.0,55195000000,30934000000.0,-28886000000.0,35506000000.0,37242000000.0,92437000000,3698000000.0,3698000000.0,-870000000.0,45000000.0,-1972000000.0,-2420000000.0,-391000000.0,-7000000.0,-1045000000.0,-1697000000.0,-431000000,2015-12-31,98.62000274658205,98.72000122070312,97.75,97.7699966430664,83.66393280029297,3442400.0
2016-09-30,44615000000.0,-37123000000.0,7492000000.0,-4668000000.0,2824000000.0,-260000000.0,-253000000.0,2564000000,2463000000,-921000000.0,1542000000,-1000000.0,1540000000,1540000000,2263000000.0,13625000000.0,14348000000.0,30939000000.0,9901000000.0,53316000000.0,63217000000.0,94156000000,25618000000.0,1123000000.0,26741000000.0,25610000000.0,31461000000.0,58202000000,31527000000.0,-32991000000.0,37732000000.0,35954000000.0,94156000000,3934000000.0,3934000000.0,-494000000.0,8000000.0,-165000000.0,-421000000.0,-455000000.0,-2011000000.0,44000000.0,-2451000000.0,1062000000,2016-09-30,89.4800033569336,89.91000366210938,88.45999908447266,88.98999786376953,77.14666748046875,9151700.0
2016-12-31,45991000000.0,-38408000000.0,7583000000.0,-4563000000.0,3020000000.0,-267000000.0,-262000000.0,2753000000,2753000000,-1046000000.0,1707000000,0.0,1707000000,1707000000,3458000000.0,12164000000.0,14760000000.0,31042000000.0,10175000000.0,53245000000.0,63420000000.0,94462000000,24334000000.0,1916000000.0,26250000000.0,25615000000.0,31378000000.0,57628000000,31604000000.0,-33452000000.0,38983000000.0,36834000000.0,94462000000,2121000000.0,2121000000.0,-639000000.0,-25000000.0,-191000000.0,-818000000.0,-456000000.0,776000000.0,-442000000.0,-121000000.0,1182000000,2016-12-30,78.95999908447266,79.30999755859375,78.45999908447266,78.91000366210938,68.74634552001953,4326100.0
2017-03-31,44514000000.0,-37943000000.0,6571000000.0,-4778000000.0,1793000000.0,-259000000.0,-252000000.0,1534000000,1534000000,-572000000.0,962000000,-9000000.0,952000000,952000000,2302000000.0,12114000000.0,14306000000.0,29457000000.0,10057000000.0,53156000000.0,63213000000.0,92670000000,25477000000.0,1811000000.0,27288000000.0,25622000000.0,31540000000.0,58828000000,31020000000.0,-36306000000.0,39419000000.0,33842000000.0,92670000000,3533000000.0,3533000000.0,-452000000.0,8000000.0,-93000000.0,-537000000.0,-516000000.0,-106000000.0,-3500000000.0,-4133000000.0,-1137000000,2017-03-31,77.5999984741211,78.61000061035156,77.56999969482422,78.5,68.80262756347656,7996100.0
2017-06-30,45685000000.0,-38759000000.0,6926000000.0,-4809000000.0,2117000000.0,-254000000.0,-247000000.0,1863000000,1863000000,-766000000.0,1097000000,1000000.0,1098000000,1098000000,2169000000.0,12274000000.0,14271000000.0,29404000000.0,10073000000.0,53048000000.0,63121000000.0,92525000000,25715000000.0,1142000000.0,26857000000.0,25622000000.0,31521000000.0,58378000000,31857000000.0,-37414000000.0,40005000000.0,34147000000.0,92525000000,1999000000.0,1999000000.0,-423000000.0,8000000.0,-182000000.0,-597000000.0,-512000000.0,-668000000.0,-272000000.0,-1502000000.0,-100000000,2017-06-30,80.5199966430664,80.70999908447266,79.77999877929688,80.45999908447266,70.9739990234375,4425700.0
2017-12-31,48406000000.0,-40492000000.0,7914000000.0,-4785000000.0,3129000000.0,-320000000.0,-318000000.0,2809000000,2809000000,478000000.0,3287000000,0.0,3287000000,3287000000,1807000000.0,13181000000.0,15296000000.0,31229000000.0,10292000000.0,53498000000.0,63902000000.0,95131000000,25799000000.0,4821000000.0,30648000000.0,22181000000.0,26788000000.0,57436000000,32096000000.0,-37796000000.0,43556000000.0,37695000000.0,95131000000,-136000000.0,-136000000.0,-526000000.0,-97000000.0,-720000000.0,-1310000000.0,-510000000.0,1166000000.0,15000000.0,670000000.0,-775000000,2017-12-29,72.95999908447266,73.0999984741211,72.44000244140625,72.5,64.79187774658203,4757500.0
2018-06-30,46708000000.0,-39507000000.0,7201000000.0,-8788000000.0,-1587000000.0,-478000000.0,-475000000.0,-2065000000,-2065000000,-497000000.0,-2562000000,-1000000.0,-2563000000,-2563000000,43911000000.0,14158000000.0,14922000000.0,73790000000.0,10249000000.0,49251000000.0,59500000000.0,133290000000,27953000000.0,3540000000.0,31493000000.0,61569000000.0,66186000000.0,97679000000,32250000000.0,-37749000000.0,40965000000.0,35611000000.0,133290000000,2934000000.0,2934000000.0,-423000000.0,24000000.0,-220000000.0,-621000000.0,-510000000.0,0.0,23000000.0,-520000000.0,1793000000,2018-06-29,65.87999725341797,65.98999786376953,64.33999633789061,64.34999847412111,58.30846405029297,10754700.0
2018-12-31,54859000000.0,-44759000000.0,10100000000.0,-2692000000.0,7408000000.0,-1157000000.0,-1168000000.0,6251000000,102000000,-524000000.0,-422000000,1000000.0,-419000000,-419000000,6581000000.0,17631000000.0,16450000000.0,45243000000.0,11349000000.0,124132000000.0,151213000000.0,196456000000,19636000000.0,4924000000.0,44009000000.0,71444000000.0,93904000000.0,137913000000,45440000000.0,-28228000000.0,40911000000.0,58543000000.0,196456000000,2479000000.0,2479000000.0,236000000.0,139000000.0,-42295000000.0,-41899000000.0,-510000000.0,2431000000.0,28000000.0,1892000000.0,-37532000000,2018-12-31,65.44000244140625,66.08000183105469,64.75,65.51999664306639,60.2329330444336,7627200.0
2019-06-30,63431000000.0,-52057000000.0,11374000000.0,-8042000000.0,3332000000.0,-741000000.0,-772000000.0,2591000000,2591000000,-660000000.0,1931000000,0.0,1936000000,1936000000,8525000000.0,18174000000.0,15511000000.0,46901000000.0,11483000000.0,143547000000.0,172003000000.0,218904000000,19722000000.0,7247000000.0,49376000000.0,66941000000.0,107929000000.0,157305000000,45719000000.0,-28257000000.0,43136000000.0,61599000000.0,218904000000,5338000000.0,5338000000.0,-573000000.0,-215000000.0,-126000000.0,-910000000.0,-657000000.0,-3577000000.0,10000000.0,-4258000000.0,170000000,2019-06-28,54.83000183105469,55.2400016784668,54.349998474121094,54.4900016784668,50.95885848999024,9336900.0
2019-12-31,66889000000.0,-55198000000.0,11691000000.0,-8654000000.0,3037000000.0,-703000000.0,-734000000.0,2334000000,2334000000,-590000000.0,1744000000,0.0,1747000000,1747000000,8056000000.0,19617000000.0,17516000000.0,50302000000.0,12044000000.0,142789000000.0,172147000000.0,222449000000,22625000000.0,3781000000.0,53303000000.0,64699000000.0,104976000000.0,158279000000,45972000000.0,-28235000000.0,45108000000.0,64170000000.0,222449000000,2634000000.0,2634000000.0,-567000000.0,-90000000.0,-83000000.0,-709000000.0,-651000000.0,-778000000.0,27000000.0,-1440000000.0,485000000,2019-12-31,73.55999755859375,74.37000274658203,73.41999816894531,74.29000091552734,70.62918853759766,4531900.0
