Report Date,Revenue,Cost of Revenue,Gross Profit,Operating Expenses,"Selling, General & Administrative",Research & Development,Operating Income (Loss),Non-Operating Income (Loss),"Interest Expense, Net","Pretax Income (Loss), Adj.",Pretax Income (Loss),"Income Tax (Expense) Benefit, Net",Income (Loss) from Continuing Operations,Net Income,Net Income (Common),"Cash, Cash Equivalents & Short Term Investments",Accounts & Notes Receivable,Inventories,Total Current Assets,"Property, Plant & Equipment, Net",Other Long Term Assets,Total Noncurrent Assets,Total Assets,Payables & Accruals,Short Term Debt,Total Current Liabilities,Long Term Debt,Total Noncurrent Liabilities,Total Liabilities,Share Capital & Additional Paid-In Capital,Treasury Stock,Retained Earnings,Total Equity,Total Liabilities & Equity,Net Income/Starting Line,Depreciation & Amortization.1,Non-Cash Items,Change in Working Capital,Change in Accounts Receivable,Change in Inventories,Change in Other,Net Cash from Operating Activities,Change in Fixed Assets & Intangibles,Net Change in Long Term Investment,Net Cash from Acquisitions & Divestitures,Net Cash from Investing Activities,Dividends Paid,Cash from (Repayment of) Debt,Cash from (Repurchase of) Equity,Net Cash from Financing Activities,Net Change in Cash,Price Date,Open,High,Low,Close,Adj Close,Volume
2008-10-31,7401100000.0,-5282500000.0,2118600000.0,-1268900000.0,-768800000.0,-270600000.0,849700000.0,-288100000.0,-288100000.0,561600000,561600000,-223100000.0,346000000,345100000,345100000,3188800000.0,3234600000.0,3041800000.0,27836600000.0,5766300000.0,5131700000.0,10898000000.0,38734600000,6393600000.0,8520500000.0,18303400000.0,13898500000.0,13898500000.0,32201900000,2934000000.0,-5594600000.0,10580600000.0,6532700000.0,38734600000,346000000.0,204100000.0,276000000.0,186800000.0,228300000.0,17500000.0,-59000000.0,1012900000.0,-370300000.0,-49600000.0,-10000000.0,-1049200000.0,-120200000.0,-106600000.0,-317700000.0,-555500000.0,-611400000,2008-10-31,37.31999969482422,39.70000076293945,37.040000915527344,38.560001373291016,29.168413162231445,4668700.0
2009-01-31,5145900000.0,-3542500000.0,1603400000.0,-1055100000.0,-638900000.0,-219400000.0,548300000.0,-274500000.0,-274500000.0,273800000,273800000,-73500000.0,204000000,203900000,203900000,5234600000.0,3475400000.0,3836600000.0,29928900000.0,5693100000.0,5717600000.0,11410700000.0,41339600000,5524500000.0,9333200000.0,18205200000.0,16574700000.0,16574700000.0,34779900000,2968200000.0,-5582700000.0,10666100000.0,6559700000.0,41339600000,204000000.0,216900000.0,117400000.0,-2148100000.0,-283000000.0,-874000000.0,-991100000.0,-1609800000.0,-144200000.0,756500000.0,-40900000.0,1266100000.0,-118200000.0,3346200000.0,-100000.0,3132400000.0,2792700000,2009-01-30,35.599998474121094,35.9900016784668,33.84999847412109,34.740001678466804,26.47147560119629,6322500.0
2009-04-30,6747800000.0,-4756400000.0,1991400000.0,-1110100000.0,-688000000.0,-255700000.0,881300000.0,-269400000.0,-269400000.0,611900000,611900000,-137100000.0,472200000,472300000,472300000,4983000000.0,4373100000.0,3551000000.0,30269500000.0,5808000000.0,5723300000.0,11531300000.0,41800800000,5589700000.0,8929700000.0,18077700000.0,16850200000.0,16850200000.0,34927900000,2976600000.0,-5580100000.0,11020000000.0,6872900000.0,41800800000,472200000.0,213800000.0,-32100000.0,-217100000.0,-841600000.0,247500000.0,377000000.0,436800000.0,-78400000.0,41600000.0,-3400000.0,-129700000.0,-236300000.0,-275000000.0,1000000.0,-527700000.0,-206900000,2009-04-30,40.86000061035156,42.97999954223633,40.63000106811523,41.2599983215332,31.68664360046387,6132500.0
2009-07-31,5884600000.0,-4057600000.0,1827000000.0,-1069000000.0,-659500000.0,-243300000.0,758000000.0,-249300000.0,-249300000.0,508700000,508700000,-87900000.0,419500000,420000000,420000000,4495800000.0,3230000000.0,3020000000.0,29404400000.0,6074500000.0,5907800000.0,11982300000.0,41386700000,5589900000.0,8048400000.0,17238100000.0,16720900000.0,16720900000.0,33959000000,2988100000.0,-5573800000.0,11321700000.0,7427700000.0,41386700000,419600000.0,222500000.0,50500000.0,973700000.0,862700000.0,538400000.0,-427400000.0,1666300000.0,-84600000.0,5300000.0,-3100000.0,-663100000.0,-400000.0,-1501900000.0,5400000.0,-1504500000.0,-482400000,2009-07-31,42.88000106811523,44.27000045776367,42.61000061035156,43.7400016784668,33.81605911254883,5381700.0
2009-10-31,5334100000.0,-3898700000.0,1435400000.0,-1241400000.0,-794200000.0,-258600000.0,194000000.0,-249200000.0,-249200000.0,-55200000,-55200000,-161500000.0,-222800000,-222700000,-222700000,4843700000.0,2616900000.0,2397300000.0,29123900000.0,6265500000.0,5743200000.0,12008700000.0,41132600000,5371400000.0,7158900000.0,18918100000.0,17391700000.0,17391700000.0,36309800000,2996200000.0,-5564700000.0,10980500000.0,4822800000.0,41132600000,-222900000.0,220100000.0,634300000.0,860000000.0,743700000.0,540600000.0,-424300000.0,1491500000.0,-122200000.0,-7800000.0,-2400000.0,-530300000.0,-118500000.0,-501600000.0,7000000.0,-629900000.0,336900000,2009-10-30,47.4000015258789,47.599998474121094,45.25,45.54999923706055,35.44124984741211,6210600.0
2010-01-31,4834800000.0,-3205500000.0,1629300000.0,-1046500000.0,-642100000.0,-235700000.0,582800000.0,-218500000.0,-218500000.0,364300000,364300000,-109900000.0,245600000,243200000,243200000,5249700000.0,3120500000.0,2752500000.0,29226200000.0,6037900000.0,5516600000.0,11554500000.0,40780700000,4777300000.0,7679400000.0,18704100000.0,17090600000.0,17090600000.0,35794700000,3040100000.0,-5540800000.0,11105000000.0,4986000000.0,40780700000,245600000.0,241400000.0,114000000.0,-919300000.0,-205600000.0,-348200000.0,-365500000.0,-318300000.0,-3800000.0,-15000000.0,-13000000.0,372500000.0,-118500000.0,445100000.0,20700000.0,345800000.0,391600000,2010-01-29,51.4000015258789,52.33000183105469,49.68999862670898,49.95000076293945,39.0603141784668,5507600.0
2010-04-30,7130900000.0,-4765200000.0,2365700000.0,-1169500000.0,-733300000.0,-266000000.0,1196200000.0,-207300000.0,-207300000.0,988900000,988900000,-448400000.0,549800000,547500000,547500000,3849100000.0,4014200000.0,3002900000.0,29638800000.0,6147700000.0,5227600000.0,11375300000.0,41014100000,5625900000.0,6260600000.0,17978900000.0,17375800000.0,17375800000.0,35354700000,3058100000.0,-5521500000.0,11533400000.0,5659400000.0,41014100000,549800000.0,222000000.0,110600000.0,-147500000.0,-1014800000.0,-406700000.0,1274000000.0,734900000.0,45100000.0,-21500000.0,-22800000.0,-822600000.0,-119100000.0,-1191800000.0,19000000.0,-1296600000.0,-1428400000,2010-04-30,61.02999877929688,61.6500015258789,59.77000045776367,59.81999969482422,46.99583053588867,3984700.0
2010-07-31,6836900000.0,-4519600000.0,2317300000.0,-1202500000.0,-751200000.0,-256300000.0,1114800000.0,-193100000.0,-193100000.0,921700000,921700000,-308100000.0,619500000,617000000,617000000,3986000000.0,3527200000.0,3175400000.0,30281500000.0,6176500000.0,5352300000.0,11528800000.0,41810300000,5855500000.0,7485700000.0,19310300000.0,16374200000.0,16374200000.0,35684500000,3075000000.0,-5598000000.0,12023100000.0,6125800000.0,41810300000,619500000.0,229500000.0,27300000.0,-204800000.0,51200000.0,-313000000.0,57000000.0,671500000.0,57000000.0,5000000.0,17700000.0,-565900000.0,-118600000.0,223900000.0,-74500000.0,28200000.0,138800000,2010-07-30,64.0,67.08999633789061,63.9000015258789,66.68000030517578,52.64958572387695,6414600.0
2010-10-31,7202000000.0,-4908500000.0,2293500000.0,-1350700000.0,-842100000.0,-294400000.0,942800000.0,-192500000.0,-192500000.0,750300000,750300000,-295200000.0,459400000,457300000,457300000,4018500000.0,3464200000.0,3063000000.0,31430600000.0,5726900000.0,6109300000.0,11836200000.0,43266800000,6481700000.0,7534500000.0,20148900000.0,16814500000.0,16814500000.0,36963400000,3106300000.0,-5789500000.0,12353100000.0,6303400000.0,43266800000,459400000.0,221900000.0,125700000.0,387100000.0,74200000.0,15200000.0,297700000.0,1194100000.0,-145800000.0,6500000.0,7500000.0,-1093100000.0,-127300000.0,224200000.0,-194900000.0,-87100000.0,36900000,2010-10-29,75.0199966430664,77.08999633789062,75.0199966430664,76.80000305175781,60.8935775756836,2567100.0
2011-01-31,6119200000.0,-4094100000.0,2025100000.0,-1076600000.0,-665000000.0,-268900000.0,948500000.0,-202500000.0,-202500000.0,746000000,746000000,-232200000.0,514300000,513700000,513700000,3672200000.0,3237100000.0,4178400000.0,31948900000.0,5626900000.0,5320000000.0,10946900000.0,42895800000,5910500000.0,7458100000.0,19603200000.0,16705900000.0,16705900000.0,36309100000,3154600000.0,-6003200000.0,12719200000.0,6586700000.0,42895800000,514300000.0,219000000.0,-153600000.0,-1480000000.0,-110000000.0,-1096100000.0,-273900000.0,-900300000.0,-18400000.0,-11300000.0,845000000.0,982800000.0,-127200000.0,-105600000.0,-213300000.0,-425000000.0,-352600000,2011-01-31,88.37999725341797,91.3499984741211,88.37999725341797,90.9000015258789,72.37647247314453,4373400.0
2011-04-30,8909700000.0,-6106900000.0,2802800000.0,-1269800000.0,-828200000.0,-298500000.0,1533000000.0,-192300000.0,-192300000.0,1340700000,1340700000,-438900000.0,906700000,904300000,904300000,4189300000.0,4157400000.0,4687000000.0,35234000000.0,5913700000.0,5437800000.0,11351500000.0,46585500000,6777200000.0,9893400000.0,22959700000.0,16192200000.0,16192200000.0,39151900000,3211700000.0,-6237500000.0,13476300000.0,7433600000.0,46585500000,906800000.0,229700000.0,-105800000.0,-795700000.0,-1118400000.0,-527500000.0,850200000.0,235000000.0,-39200000.0,-3900000.0,1900000.0,-972300000.0,-147800000.0,1567300000.0,-227200000.0,1211000000.0,511800000,2011-04-29,96.8000030517578,97.5500030517578,95.87000274658205,97.5,77.92385864257812,3856900.0
2011-07-31,8371900000.0,-5792200000.0,2579700000.0,-1316300000.0,-815800000.0,-312000000.0,1263400000.0,-184300000.0,-184300000.0,1079100000,1079100000,-369500000.0,714800000,712300000,712300000,4077700000.0,3844500000.0,4687700000.0,35520700000.0,6083900000.0,5530500000.0,11614400000.0,47135100000,7121300000.0,10308800000.0,23702600000.0,15892500000.0,15892500000.0,39595100000,3231100000.0,-6723900000.0,14017700000.0,7540000000.0,47135100000,714700000.0,229200000.0,4300000.0,353200000.0,249600000.0,-151000000.0,254600000.0,1301400000.0,-101100000.0,-216400000.0,-13300000.0,-1077400000.0,-147200000.0,102500000.0,-486800000.0,-540800000.0,-331500000,2011-07-29,78.13999938964844,79.58999633789062,77.79000091552734,78.51000213623047,63.06714248657226,5197900.0
2011-10-31,8611700000.0,-5926200000.0,2685500000.0,-1448200000.0,-859700000.0,-346800000.0,1237300000.0,-180300000.0,-180300000.0,1057000000,1057000000,-383000000.0,672000000,669600000,669600000,4434500000.0,3294500000.0,4370600000.0,36306700000.0,6502300000.0,5398400000.0,11900700000.0,48207400000,7804800000.0,9629700000.0,24432600000.0,16959900000.0,16959900000.0,41392500000,3251700000.0,-7292800000.0,14519400000.0,6814900000.0,48207400000,672000000.0,237000000.0,180700000.0,600500000.0,-130200000.0,44100000.0,686600000.0,1690200000.0,-214500000.0,-322900000.0,16700000.0,-1553800000.0,-170900000.0,643900000.0,-569700000.0,-105600000.0,28900000,2011-10-31,77.08000183105469,77.69000244140625,75.87000274658203,75.9000015258789,61.33245086669922,3905500.0
2012-01-31,6766500000.0,-4576000000.0,2190500000.0,-1198100000.0,-709000000.0,-312500000.0,992400000.0,-192100000.0,-192100000.0,800300000,800300000,-266200000.0,534400000,532900000,532900000,4514700000.0,3333400000.0,5677700000.0,36599200000.0,6356200000.0,5621500000.0,11977700000.0,48576900000,6816700000.0,11120200000.0,24873700000.0,16924000000.0,16924000000.0,41797700000,3276800000.0,-7656600000.0,14887100000.0,6779200000.0,48576900000,534400000.0,243300000.0,-8800000.0,-1995700000.0,215800000.0,-1449100000.0,-762400000.0,-1226800000.0,-46800000.0,-334600000.0,6900000.0,-36400000.0,-167800000.0,1577000000.0,-369000000.0,1040100000.0,-258900000,2012-01-31,87.9000015258789,88.19000244140625,85.37000274658203,86.1500015258789,69.98091125488281,4364400.0
2012-04-30,10008600000.0,-6834500000.0,3174100000.0,-1381400000.0,-881400000.0,-352000000.0,1792700000.0,-195700000.0,-195700000.0,1597000000,1597000000,-541300000.0,1058100000,1056200000,1056200000,4358700000.0,5039200000.0,6112400000.0,39235100000.0,6555600000.0,5614600000.0,12170200000.0,51405300000,7631400000.0,10943300000.0,25289900000.0,18719400000.0,18719400000.0,44009300000,3298900000.0,-8005100000.0,15759400000.0,7396000000.0,51405300000,1058100000.0,255400000.0,-70800000.0,-1543200000.0,-1688500000.0,-570800000.0,716100000.0,-300500000.0,-47500000.0,-219900000.0,13300000.0,-1292200000.0,-165200000.0,1741800000.0,-348400000.0,1214400000.0,-368500000,2012-04-30,82.94000244140625,82.97000122070312,81.9000015258789,82.36000061035156,67.27783203125,2458800.0
2012-07-31,9590400000.0,-6756000000.0,2834400000.0,-1424800000.0,-878400000.0,-367800000.0,1409600000.0,-194900000.0,-194900000.0,1214700000,1214700000,-426800000.0,790200000,788000000,788000000,4943200000.0,4572200000.0,5867500000.0,40611800000.0,6713100000.0,5873700000.0,12586800000.0,53198600000,8069400000.0,10069000000.0,24626800000.0,21157200000.0,21157200000.0,45784000000,3320100000.0,-8476200000.0,16366500000.0,7414600000.0,53198600000,790200000.0,244000000.0,-70800000.0,-571500000.0,-743300000.0,-12300000.0,184100000.0,391900000.0,-131000000.0,-202400000.0,10200000.0,-1086700000.0,-183300000.0,1776000000.0,-470800000.0,1099600000.0,377700000,2012-07-31,77.31999969482422,78.26000213623047,76.61000061035156,76.81999969482422,63.13446044921875,3494700.0
2012-10-31,9791600000.0,-6841300000.0,2950300000.0,-1627800000.0,-948200000.0,-401300000.0,1322500000.0,-200100000.0,-200100000.0,1122400000,1122400000,-425100000.0,688900000,687600000,687600000,6122600000.0,3799100000.0,5170000000.0,42719000000.0,7539700000.0,6007100000.0,13546800000.0,56265800000,8988900000.0,9967300000.0,26950700000.0,22453100000.0,22453100000.0,49403800000,3352200000.0,-8813800000.0,16875200000.0,6862000000.0,56265800000,688900000.0,261500000.0,173400000.0,1179300000.0,-24100000.0,522000000.0,681400000.0,2303100000.0,-294400000.0,75000000.0,-200000.0,-1588800000.0,-181600000.0,1046100000.0,-338500000.0,526100000.0,1254700000,2012-10-31,86.04000091552734,86.38999938964844,84.81999969482422,85.44000244140625,70.61666870117188,2415800.0
2013-07-31,10009900000.0,-6837900000.0,3172000000.0,-1440100000.0,-919800000.0,-338700000.0,1731900000.0,-182600000.0,-182600000.0,1549300000,1549300000,-553500000.0,996600000,996500000,996500000,4796300000.0,4865800000.0,5594300000.0,44387500000.0,7933600000.0,6015800000.0,13949400000.0,58336900000,8306300000.0,11993100000.0,28046600000.0,21698700000.0,21698700000.0,49745300000,3498700000.0,-9441600000.0,19031500000.0,8591600000.0,58336900000,996600000.0,286800000.0,-21100000.0,481900000.0,-184400000.0,280900000.0,385400000.0,1744200000.0,-105600000.0,-330600000.0,22000000.0,-1924200000.0,-198700000.0,249000000.0,-451200000.0,-405100000.0,-561100000,2013-07-31,83.62000274658203,84.83999633789062,83.01000213623047,83.06999969482422,69.86456298828125,3795600.0
2013-10-31,9450600000.0,-6332400000.0,3118200000.0,-1686400000.0,-947900000.0,-405300000.0,1431800000.0,-187600000.0,-187600000.0,1244200000,1244200000,-437000000.0,807100000,806900000,806900000,5128800000.0,3758200000.0,4934700000.0,45102700000.0,8619100000.0,5799500000.0,14418600000.0,59521300000,8973600000.0,12898000000.0,27675900000.0,21577700000.0,21577700000.0,49253600000,3524200000.0,-10210900000.0,19645600000.0,10267700000.0,59521300000,807000000.0,299100000.0,102000000.0,1458400000.0,505600000.0,225800000.0,727000000.0,2666500000.0,-118900000.0,80600000.0,-83500000.0,-1917700000.0,-196600000.0,638900000.0,-767400000.0,-339600000.0,413700000,2013-10-31,82.30999755859375,82.98999786376953,81.83999633789062,81.83999633789062,69.24734497070311,2893700.0
2014-01-31,7654000000.0,-5195500000.0,2458500000.0,-1321900000.0,-765900000.0,-323700000.0,1136600000.0,-171700000.0,-171700000.0,964900000,964900000,-280500000.0,681300000,681100000,681100000,4627000000.0,3716800000.0,5554600000.0,43824400000.0,8377000000.0,5457800000.0,13834800000.0,57659200000,7330000000.0,12148100000.0,25136200000.0,22265200000.0,22265200000.0,47401400000,3571300000.0,-10643100000.0,20136900000.0,10257800000.0,57659200000,681300000.0,343100000.0,46300000.0,-1816900000.0,228600000.0,-836800000.0,-1208700000.0,-746200000.0,25700000.0,181200000.0,303700000.0,673300000.0,-192500000.0,404400000.0,-423000000.0,-209500000.0,-315400000,2014-01-31,85.72000122070312,86.79000091552734,85.61000061035156,85.95999908447266,73.14277648925781,3384900.0
2014-04-30,9947900000.0,-6871800000.0,3076100000.0,-1446500000.0,-846500000.0,-354100000.0,1629600000.0,-165800000.0,-165800000.0,1463800000,1463800000,-479000000.0,981200000,980700000,980700000,4650200000.0,5119700000.0,5849600000.0,46693500000.0,8576900000.0,5592000000.0,14168900000.0,60862400000,8150300000.0,13092500000.0,27027900000.0,23166900000.0,23166900000.0,50194800000,3621600000.0,-11224100000.0,20931300000.0,10667600000.0,60862400000,981200000.0,287200000.0,-59600000.0,-1294500000.0,-1746000000.0,-431400000.0,882900000.0,-85700000.0,119000000.0,-132700000.0,3500000.0,-940700000.0,-189800000.0,1670600000.0,-561700000.0,908800000.0,-110100000,2014-04-30,93.66000366210938,94.16999816894531,93.18000030517578,93.33999633789062,79.88359832763672,2906800.0
2014-07-31,9500200000.0,-6611300000.0,2888900000.0,-1442800000.0,-820700000.0,-362100000.0,1446100000.0,-153900000.0,-153900000.0,1292200000,1292200000,-450200000.0,850900000,850700000,850700000,4524100000.0,4551800000.0,5439000000.0,47085400000.0,8965500000.0,5697600000.0,14663100000.0,61748500000,8432900000.0,12723600000.0,26880500000.0,24035500000.0,24035500000.0,50916000000,3652800000.0,-11742700000.0,21564600000.0,10832500000.0,61748500000,851000000.0,327100000.0,-85600000.0,421500000.0,-126400000.0,165300000.0,382600000.0,1514000000.0,17700000.0,84700000.0,32600000.0,-1299900000.0,-186300000.0,440700000.0,-507600000.0,-266400000.0,-43800000,2014-07-31,85.0,85.66000366210938,84.52999877929688,85.11000061035156,73.32493591308594,3906000.0
2014-10-31,8964800000.0,-6097200000.0,2867600000.0,-1618500000.0,-851300000.0,-412100000.0,1249100000.0,-172600000.0,-172600000.0,1076500000,1076500000,-416800000.0,649900000,649200000,649200000,5002100000.0,3277600000.0,4209700000.0,46044400000.0,9593300000.0,5698700000.0,15292000000.0,61336400000,8554100000.0,12577700000.0,27890200000.0,24380700000.0,24380700000.0,52270900000,3675400000.0,-12834200000.0,22004400000.0,9065500000.0,61336400000,649800000.0,349100000.0,40600000.0,1804300000.0,744900000.0,805000000.0,254400000.0,2843800000.0,-119200000.0,274700000.0,6000000.0,-1313700000.0,-217400000.0,596400000.0,-1089300000.0,-721200000.0,752300000,2014-10-31,86.12000274658203,86.13999938964844,84.9800033569336,85.54000091552734,74.23116302490234,2554800.0
2015-04-30,8170700000.0,-5694200000.0,2476500000.0,-1294000000.0,-740000000.0,-341100000.0,1182500000.0,-165500000.0,-165500000.0,1017000000,1017000000,-324000000.0,690800000,690500000,690500000,4748300000.0,4717100000.0,4624200000.0,44496300000.0,9440300000.0,5657400000.0,15097700000.0,59594000000,7260200000.0,13691700000.0,27795200000.0,23622800000.0,23622800000.0,51418000000,3745200000.0,-13951200000.0,22673400000.0,8176000000.0,59594000000,690800000.0,340000000.0,-34900000.0,-640500000.0,-1133000000.0,-329000000.0,821500000.0,355400000.0,169900000.0,103900000.0,148800000.0,-233100000.0,-205900000.0,1002600000.0,-527800000.0,257400000.0,380600000,2015-04-30,89.66000366210938,91.0,89.41999816894531,90.5199966430664,79.62138366699219,2728500.0
2015-07-31,7593700000.0,-5358000000.0,2235700000.0,-1325700000.0,-755300000.0,-346800000.0,910000000.0,-171500000.0,-171500000.0,738500000,738500000,-241000000.0,511700000,511600000,511600000,4551900000.0,4220400000.0,4319000000.0,43668800000.0,9552400000.0,5711000000.0,15263400000.0,58932200000,7235800000.0,13943300000.0,28006300000.0,23200900000.0,23200900000.0,51207200000,3806500000.0,-14562500000.0,22986500000.0,7725000000.0,58932200000,511700000.0,346300000.0,-19500000.0,508000000.0,262800000.0,-8600000.0,253800000.0,1346500000.0,84300000.0,-25800000.0,400000.0,-982400000.0,-202100000.0,259000000.0,-575700000.0,-529800000.0,-224600000,2015-07-31,93.8499984741211,94.63999938964844,93.6500015258789,94.56999969482422,83.71813201904297,1914000.0
2015-10-31,6715300000.0,-4670400000.0,2044900000.0,-1425000000.0,-719000000.0,-404000000.0,619900000.0,-162900000.0,-162900000.0,457000000,457000000,-104600000.0,351500000,351100000,351100000,4599600000.0,3051100000.0,3817000000.0,42135800000.0,10151900000.0,5659900000.0,15811800000.0,57947600000,7311500000.0,13016600000.0,27357200000.0,23832800000.0,23832800000.0,51190000000,3825600000.0,-15497600000.0,23144800000.0,6757600000.0,57947600000,351500000.0,353200000.0,-14000000.0,1876300000.0,1409600000.0,250100000.0,216600000.0,2567000000.0,43100000.0,-26400000.0,0.0,-1228300000.0,-198400000.0,-115500000.0,-935100000.0,-1282700000.0,31400000,2015-10-30,78.19999694824219,78.5999984741211,77.72000122070312,78.0,69.60037994384766,2668800.0
2016-04-30,7875400000.0,-5531000000.0,2344400000.0,-1420100000.0,-714800000.0,-345000000.0,924300000.0,-191000000.0,-191000000.0,733300000,733300000,-237800000.0,494700000,495400000,495400000,4608700000.0,4898900000.0,4061000000.0,42676100000.0,10535200000.0,5904900000.0,16440100000.0,59116200000,6980800000.0,13211000000.0,27337800000.0,24587700000.0,24587700000.0,51925500000,3862000000.0,-15693600000.0,23514700000.0,7190700000.0,59116200000,494700000.0,387600000.0,-63900000.0,-353200000.0,-1356400000.0,159500000.0,843700000.0,465200000.0,246700000.0,12200000.0,-198900000.0,-641600000.0,-190100000.0,1052500000.0,-89200000.0,763800000.0,673300000,2016-04-29,83.52999877929688,84.63999938964844,83.4000015258789,84.11000061035156,76.20476531982422,2111900.0
2016-07-31,6724400000.0,-4494200000.0,2230200000.0,-1324400000.0,-709000000.0,-338800000.0,905800000.0,-200700000.0,-200700000.0,705100000,705100000,-226500000.0,488600000,488800000,488800000,4789900000.0,3924600000.0,3851300000.0,41938600000.0,10650000000.0,5950500000.0,16600500000.0,58539100000,6799500000.0,13083200000.0,27016100000.0,24068900000.0,24068900000.0,51085000000,3883900000.0,-15688300000.0,23815000000.0,7454100000.0,58539100000,488500000.0,396600000.0,38100000.0,712900000.0,723400000.0,25700000.0,-36200000.0,1636100000.0,132100000.0,30100000.0,81100000.0,-572400000.0,-189400000.0,-624100000.0,6400000.0,-830800000.0,187800000,2016-07-29,77.2699966430664,78.18000030517578,77.12999725341797,77.70999908447266,70.9344711303711,3753900.0
2016-10-31,6519700000.0,-4383600000.0,2136100000.0,-1502900000.0,-747000000.0,-386000000.0,633200000.0,-198800000.0,-198800000.0,434400000,434400000,-140300000.0,284400000,285300000,285300000,4789300000.0,3011300000.0,3340500000.0,41004900000.0,11072100000.0,5841500000.0,16913600000.0,57918500000,7240100000.0,11908500000.0,27670700000.0,23703000000.0,23703000000.0,51373700000,3911800000.0,-15677100000.0,23911300000.0,6544800000.0,57918500000,284500000.0,401400000.0,202800000.0,1557300000.0,923300000.0,274000000.0,360000000.0,2446000000.0,82200000.0,8900000.0,400000.0,-814800000.0,-188700000.0,-1414700000.0,18500000.0,-1596000000.0,14800000,2016-10-31,87.91999816894531,88.8499984741211,87.80000305175781,88.30000305175781,81.18766784667969,2536400.0
2017-01-31,5625200000.0,-3796800000.0,1828400000.0,-1292300000.0,-659400000.0,-310900000.0,536100000.0,-208100000.0,-208100000.0,328000000,328000000,-134400000.0,193200000,193800000,193800000,4335500000.0,3236300000.0,3959600000.0,39718400000.0,10855700000.0,5722500000.0,16578200000.0,56296600000,6334500000.0,11661800000.0,26530300000.0,22916600000.0,22916600000.0,49446900000,4084800000.0,-15569100000.0,23914300000.0,6849700000.0,56296600000,193200000.0,415700000.0,29700000.0,-1381000000.0,61900000.0,-743100000.0,-699800000.0,-742400000.0,213000000.0,2000000.0,113900000.0,1104400000.0,-188900000.0,-818000000.0,257100000.0,-768500000.0,-445800000,2017-01-31,106.30999755859376,107.1500015258789,105.63999938964844,107.0500030517578,98.99909973144531,1645800.0
2017-04-30,8287000000.0,-5444700000.0,2842300000.0,-1446100000.0,-775300000.0,-324400000.0,1396200000.0,-226900000.0,-226900000.0,1169300000,1169300000,-371900000.0,802200000,802400000,802400000,5072100000.0,4482300000.0,4114800000.0,42218300000.0,10883800000.0,5866700000.0,16750500000.0,58968800000,7215900000.0,12188200000.0,28007900000.0,23253100000.0,23253100000.0,51261000000,4176800000.0,-15521000000.0,24524400000.0,7707800000.0,58968800000,802200000.0,427400000.0,-349700000.0,-312500000.0,-1051400000.0,-347300000.0,1086200000.0,567400000.0,320400000.0,-4400000.0,0.0,-803900000.0,-190600000.0,920500000.0,120300000.0,840500000.0,635800000,2017-04-28,111.0,111.86000061035156,109.83999633789062,111.61000061035156,103.79102325439452,2297700.0
2017-07-31,7807800000.0,-5265100000.0,2542700000.0,-1436500000.0,-791200000.0,-335400000.0,1106200000.0,-216300000.0,-216300000.0,889900000,889900000,-253200000.0,642300000,641800000,641800000,6963500000.0,4389800000.0,4252900000.0,45109100000.0,11204100000.0,6036700000.0,17240800000.0,62349900000,7599000000.0,13800300000.0,30086700000.0,23674300000.0,23674300000.0,53761000000,4245100000.0,-15477300000.0,24984200000.0,8588900000.0,62349900000,653100000.0,435900000.0,-14400000.0,-170300000.0,-101600000.0,-257600000.0,188900000.0,904300000.0,179500000.0,314200000.0,0.0,-601700000.0,-191800000.0,1705300000.0,105000000.0,1584000000.0,2011600000,2017-07-31,128.91999816894528,129.53999328613278,128.14999389648438,128.27999877929688,119.88273620605469,1273300.0
2017-10-31,8017700000.0,-5426900000.0,2590800000.0,-1576000000.0,-840700000.0,-397000000.0,1014800000.0,-248200000.0,-248200000.0,766600000,766600000,-211600000.0,521500000,521100000,521100000,9786500000.0,3924900000.0,3904100000.0,48114300000.0,11661400000.0,6010600000.0,17672000000.0,65786300000,8417000000.0,14154000000.0,30320500000.0,25891300000.0,25891300000.0,56211800000,4280500000.0,-15460800000.0,25301300000.0,9574500000.0,65786300000,510700000.0,436500000.0,251200000.0,272100000.0,252200000.0,42700000.0,-22800000.0,1470500000.0,133000000.0,-25600000.0,-284200000.0,-1343100000.0,-192700000.0,2808000000.0,40100000.0,2630500000.0,2797500000,2017-10-31,133.28999328613278,133.49000549316406,132.19000244140622,132.8800048828125,124.78878021240234,1319800.0
2018-01-31,6913500000.0,-4704500000.0,2209000000.0,-1404800000.0,-705000000.0,-356800000.0,804200000.0,-286300000.0,-286300000.0,517900000,517900000,-1057500000.0,-534700000,-535100000,-535100000,4377400000.0,4684600000.0,6614200000.0,45075100000.0,12401000000.0,9101400000.0,21502400000.0,66577500000,8489700000.0,14171800000.0,30876800000.0,26421800000.0,26421800000.0,57298600000,4374000000.0,-15404300000.0,24571900000.0,9278900000.0,66577500000,-534700000.0,463200000.0,492300000.0,-1717600000.0,-34900000.0,-1238800000.0,-443900000.0,-1296800000.0,163300000.0,-11200000.0,-5080000000.0,-4090300000.0,-193000000.0,-144600000.0,133300000.0,-231000000.0,-5419800000,2018-01-31,169.4199981689453,170.5800018310547,166.16000366210938,166.4199981689453,156.8800811767578,1969800.0
2018-04-30,10720000000.0,-7333300000.0,3386700000.0,-1699300000.0,-939200000.0,-415200000.0,1687400000.0,-303700000.0,-303700000.0,1383700000,1383700000,-177100000.0,1209700000,1208300000,1208300000,4680700000.0,6511100000.0,6888900000.0,48225000000.0,12466000000.0,9182000000.0,21648000000.0,69873000000,9789600000.0,15295700000.0,33159800000.0,26278600000.0,26278600000.0,59438400000,4423400000.0,-15425900000.0,25586000000.0,10434600000.0,69873000000,1209600000.0,487600000.0,160900000.0,-1783000000.0,-2059200000.0,-558000000.0,834200000.0,75100000.0,233100000.0,-27800000.0,-36100000.0,-1062700000.0,-193900000.0,1532700000.0,4700000.0,1326300000.0,286300000,2018-04-30,137.74000549316406,138.44000244140622,135.22000122070312,135.33000183105472,128.07734680175778,2533400.0
2018-07-31,10308300000.0,-7152700000.0,3155600000.0,-1674400000.0,-912700000.0,-415700000.0,1481200000.0,-291100000.0,-291100000.0,1190100000,1190100000,-288700000.0,911300000,910300000,910300000,4411500000.0,6207900000.0,6239300000.0,48061300000.0,12443400000.0,8885400000.0,21328800000.0,69390100000,9482700000.0,15532200000.0,32172200000.0,26838000000.0,26838000000.0,59010200000,4450800000.0,-15813500000.0,26272300000.0,10379900000.0,69390100000,911300000.0,494000000.0,81600000.0,-939900000.0,-270900000.0,258000000.0,-927000000.0,547000000.0,148600000.0,-6600000.0,78200000.0,-1312000000.0,-195700000.0,1162600000.0,-383300000.0,560700000.0,-278100000,2018-07-31,140.13999938964844,145.75,140.0,144.7899932861328,137.71208190917972,4856500.0
2018-10-31,9415900000.0,-6380700000.0,3035200000.0,-1733700000.0,-898600000.0,-469900000.0,1301500000.0,-322500000.0,-322500000.0,979000000,979000000,-203600000.0,784300000,784900000,784900000,4394100000.0,5004300000.0,6148900000.0,48380000000.0,13032900000.0,8695100000.0,21728000000.0,70108000000,10111000000.0,15018700000.0,31565400000.0,27237400000.0,27237400000.0,58802800000,4474200000.0,-16311800000.0,27553000000.0,11305200000.0,70108000000,784400000.0,482300000.0,868300000.0,360000000.0,833900000.0,-233500000.0,-240400000.0,2495000000.0,41300000.0,-10600000.0,-51500000.0,-1689400000.0,-223200000.0,-35000000.0,-495700000.0,-779600000.0,-19300000,2018-10-31,134.6199951171875,137.03999328613278,134.6199951171875,135.44000244140622,129.40536499023438,2018200.0
2019-10-31,9896000000.0,-6735700000.0,3160300000.0,-1947700000.0,-944400000.0,-488100000.0,1212600000.0,-388200000.0,-388200000.0,824400000,824400000,-103400000.0,722100000,720600000,720600000,4438000000.0,5230000000.0,5975000000.0,50754000000.0,13540000000.0,8717000000.0,22257000000.0,73011000000,9656000000.0,15105000000.0,31351000000.0,30229000000.0,30229000000.0,61580000000,4642000000.0,-17474000000.0,29852000000.0,11431000000.0,73011000000,722000000.0,497000000.0,-48000000.0,1837000000.0,1337000000.0,388000000.0,112000000.0,3008000000.0,113000000.0,-13000000.0,93000000.0,-1795000000.0,-240000000.0,-105000000.0,-328000000.0,-707000000.0,474000000,2019-10-31,173.44000244140625,174.3800048828125,170.35000610351562,174.13999938964844,169.60130310058594,2181800.0
