Report Date,Revenue,Cost of Revenue,Gross Profit,Operating Expenses,"Selling, General & Administrative",Operating Income (Loss),Non-Operating Income (Loss),"Interest Expense, Net","Pretax Income (Loss), Adj.",Pretax Income (Loss),"Income Tax (Expense) Benefit, Net",Income (Loss) from Continuing Operations,Net Income,Net Income (Common),"Cash, Cash Equivalents & Short Term Investments",Inventories,Total Current Assets,"Property, Plant & Equipment, Net",Other Long Term Assets,Total Noncurrent Assets,Total Assets,Payables & Accruals,Short Term Debt,Total Current Liabilities,Long Term Debt,Total Noncurrent Liabilities,Total Liabilities,Share Capital & Additional Paid-In Capital,Retained Earnings,Total Equity,Total Liabilities & Equity,Net Income/Starting Line,Depreciation & Amortization.1,Non-Cash Items,Change in Working Capital,Change in Inventories,Change in Accounts Payable,Change in Other,Net Cash from Operating Activities,Change in Fixed Assets & Intangibles,Net Cash from Investing Activities,Cash from (Repayment of) Debt,Cash from (Repurchase of) Equity,Net Cash from Financing Activities,Net Change in Cash,Price Date,Open,High,Low,Close,Adj Close,Volume
2011-01-31,3486104000.0,-2355951000.0,1130153000.0,-721902000.0,-721902000.0,408251000.0,-65655000.0,-65409000.0,342596000,342596000,-120050000.0,222546000,222546000,222546000,497446000.0,1765433000.0,2367825000.0,1524575000.0,5653822000.0,7178397000.0,9546222000,1327362000.0,1157000.0,1365373000.0,3287070000.0,4126370000.0,5491743000,3243843000.0,830932000.0,4054479000.0,9546222000,222546000.0,65188000.0,21838000.0,111316000.0,115094000.0,-23509000.0,19731000.0,420888000.0,-160572000.0,-160572000.0,-526000.0,5350000.0,-776000.0,259540000,2011-01-31,28.35000038146973,28.420000076293945,27.729999542236328,27.809999465942386,25.935283660888672,1477000.0
2012-01-31,4185073000.0,-2838704000.0,1346369000.0,-838129000.0,-838129000.0,508240000.0,-40120000.0,-40069000.0,468120000,468120000,-175610000.0,292510000,292510000,292510000,126126000.0,2009206000.0,2275074000.0,1794960000.0,5618486000.0,7413446000.0,9688520000,1505590000.0,590000.0,1509902000.0,2617891000.0,3504036000.0,5013938000,3262855000.0,1416918000.0,4674582000.0,9688520000,292510000.0,70637000.0,-3931000.0,86765000.0,59440000.0,-59894000.0,87219000.0,445981000.0,-151465000.0,-151465000.0,-103343000.0,-186597000.0,-286970000.0,7546000,2012-01-31,42.43000030517578,42.650001525878906,42.349998474121094,42.61000061035156,39.73758316040039,1342500.0
2012-04-30,3901205000.0,-2672949000.0,1228256000.0,-843932000.0,-843932000.0,384324000.0,-38745000.0,-37074000.0,345579000,345579000,-132164000.0,213415000,213415000,213415000,132530000.0,2000864000.0,2273735000.0,1878172000.0,5618301000.0,7496473000.0,9770208000,1396628000.0,459000.0,1411253000.0,2880920000.0,3767523000.0,5178776000,3257796000.0,1336298000.0,4591432000.0,9770208000,213415000.0,72271000.0,-10492000.0,-82555000.0,6499000.0,-82227000.0,-6827000.0,192639000.0,-145738000.0,-145738000.0,262898000.0,-300000000.0,-40497000.0,6404000,2012-04-30,48.68999862670898,48.7400016784668,47.4000015258789,47.459999084472656,44.260643005371094,2027200.0
2012-07-31,3948655000.0,-2685432000.0,1263223000.0,-876009000.0,-876009000.0,387214000.0,-62223000.0,-35666000.0,324991000,324991000,-110851000.0,214140000,214140000,214140000,134157000.0,2147837000.0,2514444000.0,1972205000.0,5616825000.0,7589030000.0,10103474000,1510793000.0,344000.0,1526683000.0,2887251000.0,3766381000.0,5293064000,3265143000.0,1550438000.0,4810410000.0,10103474000,214140000.0,73989000.0,-5411000.0,-101865000.0,-146497000.0,150742000.0,-106110000.0,180853000.0,-157824000.0,-157824000.0,-20544000.0,0.0,-21402000.0,1627000,2012-07-31,51.0,51.2599983215332,50.31999969482422,51.0099983215332,47.57131576538086,2716100.0
2012-10-31,3964647000.0,-2738524000.0,1226123000.0,-864734000.0,-864734000.0,361389000.0,-29454000.0,-27726000.0,331935000,331935000,-124250000.0,207685000,207685000,207685000,142580000.0,2330436000.0,2618192000.0,2047434000.0,5608051000.0,7655485000.0,10273677000,1593163000.0,891000.0,1633839000.0,3023367000.0,3904976000.0,5538815000,3270936000.0,1468534000.0,4734862000.0,10273677000,207685000.0,76138000.0,10314000.0,23257000.0,-186078000.0,62218000.0,147117000.0,317394000.0,-148920000.0,-148920000.0,133220000.0,-296442000.0,-160051000.0,8423000,2012-10-31,48.4000015258789,49.0,47.91999816894531,48.61999893188477,45.34244155883789,4080400.0
2013-01-31,4207621000.0,-2839822000.0,1367799000.0,-845450000.0,-845450000.0,522349000.0,-27460000.0,-27460000.0,494889000,494889000,-177467000.0,317422000,317422000,317422000,140809000.0,2397175000.0,2677113000.0,2088665000.0,5601904000.0,7690569000.0,10367682000,1714432000.0,892000.0,1738547000.0,2771336000.0,3643805000.0,5382352000,3277536000.0,1710732000.0,4985330000.0,10367682000,317422000.0,80513000.0,-25710000.0,68241000.0,-65333000.0,63302000.0,70272000.0,440466000.0,-117354000.0,-117354000.0,-252029000.0,-75017000.0,-324883000.0,-1771000,2013-01-31,46.63000106811523,46.83000183105469,46.18999862670898,46.22000122070313,43.1042366027832,3008800.0
2013-04-30,4233733000.0,-2938585000.0,1295148000.0,-900148000.0,-900148000.0,395000000.0,-43387000.0,-24516000.0,351613000,351613000,-131530000.0,220083000,220083000,220083000,155526000.0,2414411000.0,2724476000.0,2177264000.0,5591957000.0,7769221000.0,10493697000,1567973000.0,909000.0,1600402000.0,2835303000.0,3714396000.0,5314798000,3279445000.0,1911160000.0,5178899000.0,10493697000,220083000.0,80493000.0,10695000.0,-164045000.0,-16411000.0,-138227000.0,-9407000.0,147226000.0,-149577000.0,-149577000.0,63961000.0,-20000000.0,17068000.0,14717000,2013-04-30,52.2400016784668,52.31000137329102,51.70000076293945,52.09000015258789,48.57852172851562,1553400.0
2013-07-31,4394651000.0,-3017361000.0,1377290000.0,-964468000.0,-964468000.0,412822000.0,-20631000.0,-20631000.0,392191000,392191000,-146716000.0,245475000,245475000,245475000,169220000.0,2533766000.0,2864743000.0,2244651000.0,5590236000.0,7834887000.0,10699630000,1685690000.0,25927000.0,1740190000.0,2845138000.0,3727964000.0,5468154000,3281905000.0,1960068000.0,5231476000.0,10699630000,245475000.0,82744000.0,289000.0,8381000.0,-117003000.0,127372000.0,-1988000.0,336889000.0,-158691000.0,-158691000.0,34780000.0,-199981000.0,-164504000.0,13694000,2013-07-31,54.20000076293945,54.84000015258789,54.16999816894531,54.66999816894531,50.9846076965332,2868800.0
2013-10-31,4381838000.0,-3053345000.0,1328493000.0,-938252000.0,-938252000.0,390241000.0,-21524000.0,-21524000.0,368717000,368717000,-131332000.0,237385000,237385000,237385000,165717000.0,2591552000.0,2904302000.0,2287410000.0,5584262000.0,7871672000.0,10775974000,1666914000.0,50945000.0,1753049000.0,2873967000.0,3747971000.0,5501020000,3284797000.0,2000488000.0,5274954000.0,10775974000,237385000.0,84435000.0,-973000.0,-44387000.0,-54076000.0,7749000.0,1940000.0,276460000.0,-134760000.0,-134760000.0,53776000.0,-199993000.0,-145203000.0,-3503000,2013-10-31,58.5,58.790000915527344,57.70000076293945,57.77999877929688,53.88494491577149,2837700.0
2014-01-31,4493945000.0,-3059134000.0,1434811000.0,-896689000.0,-896689000.0,538122000.0,-22313000.0,-22313000.0,515809000,515809000,-193636000.0,322173000,322173000,322173000,505566000.0,2552993000.0,3205607000.0,2080305000.0,5581612000.0,7661917000.0,10867524000,1714210000.0,75966000.0,1811971000.0,2742788000.0,3653360000.0,5465331000,3286650000.0,2125453000.0,5402193000.0,10867524000,322173000.0,85165000.0,-50767000.0,95919000.0,42547000.0,40048000.0,13324000.0,452490000.0,193050000.0,193050000.0,-106231000.0,-200078000.0,-305691000.0,339849000,2014-01-31,55.91999816894531,56.72000122070313,55.08000183105469,56.31999969482422,52.52337265014648,5360100.0
2014-04-30,4522081000.0,-3164335000.0,1357746000.0,-978038000.0,-978038000.0,379708000.0,-22267000.0,-22267000.0,357441000,357441000,-135043000.0,222398000,222398000,222398000,166330000.0,2605356000.0,2943346000.0,2079832000.0,5578706000.0,7658538000.0,10601884000,1738784000.0,100989000.0,1863318000.0,3006404000.0,3906339000.0,5769657000,3281641000.0,1560098000.0,4832227000.0,10601884000,222398000.0,84158000.0,-18964000.0,-36132000.0,-51536000.0,-62361000.0,77765000.0,251460000.0,-83985000.0,-83985000.0,288566000.0,-800095000.0,-506711000.0,-339236000,2014-04-30,56.04999923706055,56.59000015258789,55.709999084472656,56.43999862670898,52.6352767944336,3484700.0
2014-07-31,4724039000.0,-3268465000.0,1455574000.0,-1027048000.0,-1027048000.0,428526000.0,-22598000.0,-22598000.0,405928000,405928000,-154668000.0,251260000,251260000,251260000,172474000.0,2788872000.0,3140631000.0,2106963000.0,5578200000.0,7685163000.0,10825794000,1846971000.0,101013000.0,1969418000.0,2881217000.0,3760383000.0,5729801000,3293443000.0,1811358000.0,5095993000.0,10825794000,251260000.0,85340000.0,-9051000.0,-92085000.0,-184354000.0,166743000.0,-74474000.0,235464000.0,-106737000.0,-106737000.0,-125238000.0,0.0,-122583000.0,6144000,2014-07-31,56.2400016784668,56.54999923706055,55.22000122070313,55.22999954223633,51.5068473815918,4688100.0
2014-10-31,4724409000.0,-3300661000.0,1423748000.0,-1029605000.0,-1029605000.0,394143000.0,-21835000.0,-21835000.0,372308000,372308000,-135992000.0,236316000,236316000,236316000,216155000.0,2788996000.0,3179132000.0,2120572000.0,5577668000.0,7698240000.0,10877372000,1870947000.0,101041000.0,2010846000.0,2666022000.0,3522889000.0,5533735000,3304116000.0,2047674000.0,5343637000.0,10877372000,236316000.0,86261000.0,15684000.0,15362000.0,-3412000.0,-3872000.0,22646000.0,353623000.0,-96227000.0,-96227000.0,-215242000.0,0.0,-213715000.0,43681000,2014-10-31,63.11000061035156,63.41999816894531,62.41999816894531,62.66999816894531,58.44530487060547,1964000.0
2015-01-31,4939059000.0,-3373620000.0,1565439000.0,-998723000.0,-998723000.0,566716000.0,-21532000.0,-21532000.0,545184000,545184000,-189813000.0,355371000,355371000,355371000,579823000.0,2782521000.0,3532609000.0,2116075000.0,5559958000.0,7676033000.0,11208642000,1861314000.0,101158000.0,1962472000.0,2623965000.0,3536132000.0,5498604000,3314320000.0,2403045000.0,5710038000.0,11208642000,355371000.0,86594000.0,40486000.0,3893000.0,5743000.0,-3344000.0,1494000.0,486344000.0,-84750000.0,-84750000.0,-26553000.0,0.0,-37926000.0,363668000,2015-01-30,67.40000152587889,68.05999755859375,66.93000030517578,67.05999755859375,62.53937911987305,6425000.0
2015-04-30,4918672000.0,-3419967000.0,1498705000.0,-1070511000.0,-1070511000.0,428194000.0,-21576000.0,-21576000.0,406618000,406618000,-153383000.0,253235000,253235000,253235000,225116000.0,2839198000.0,3244900000.0,2135436000.0,5576214000.0,7711650000.0,10956550000,1937822000.0,101309000.0,2072939000.0,2614005000.0,3497753000.0,5570692000,3330629000.0,2061798000.0,5385858000.0,10956550000,253235000.0,87152000.0,1437000.0,28386000.0,-57103000.0,40123000.0,45366000.0,370210000.0,-99766000.0,-99766000.0,-25346000.0,-534654000.0,-625151000.0,-354707000,2015-04-30,73.69999694824219,73.76000213623047,72.44999694824219,72.70999908447266,68.00650787353516,2990200.0
2015-07-31,5095904000.0,-3507749000.0,1588155000.0,-1112343000.0,-1112343000.0,475812000.0,-20699000.0,-20699000.0,455113000,455113000,-172764000.0,282349000,282349000,282349000,180525000.0,3029731000.0,3424847000.0,2195857000.0,5574491000.0,7770348000.0,11195195000,2021122000.0,101335000.0,2154763000.0,2761794000.0,3621498000.0,5776261000,3343605000.0,2081543000.0,5418934000.0,11195195000,282349000.0,87582000.0,-6741000.0,-148419000.0,-189690000.0,93492000.0,-52221000.0,214771000.0,-147028000.0,-147028000.0,147741000.0,-199680000.0,-112334000.0,-44591000,2015-07-31,80.4800033569336,80.80000305175781,79.83999633789062,80.37000274658203,75.3841323852539,1297900.0
2015-10-31,5067048000.0,-3530086000.0,1536962000.0,-1113103000.0,-1113103000.0,423859000.0,-21720000.0,-21394000.0,402139000,402139000,-148818000.0,253321000,253321000,253321000,182514000.0,3101908000.0,3488775000.0,2237068000.0,5562450000.0,7799518000.0,11288293000,1974097000.0,1358000.0,1991583000.0,3105332000.0,3953117000.0,5944700000,3350487000.0,1999119000.0,5343593000.0,11288293000,253321000.0,88553000.0,-17376000.0,-100367000.0,-70480000.0,-57735000.0,27848000.0,224131000.0,-139279000.0,-139279000.0,262705000.0,-275077000.0,-82863000.0,1989000,2015-10-30,67.11000061035156,68.33999633789061,67.06999969482422,67.76999664306639,63.7651596069336,4979800.0
2016-01-31,5286938000.0,-3604669000.0,1682269000.0,-1069840000.0,-1069840000.0,612429000.0,-23275000.0,-23275000.0,589154000,589154000,-212979000.0,376175000,376175000,376175000,157947000.0,3074153000.0,3432410000.0,2264062000.0,5561413000.0,7825475000.0,11257885000,1994217000.0,1379000.0,1995596000.0,2969175000.0,3884413000.0,5880009000,3358138000.0,2025545000.0,5377876000.0,11257885000,376175000.0,89144000.0,81476000.0,35779000.0,27272000.0,29757000.0,-21250000.0,582574000.0,-117310000.0,-117310000.0,-137281000.0,-290202000.0,-489831000.0,-24567000,2016-01-29,73.69000244140625,75.13999938964844,73.51000213623047,75.05999755859375,70.84222412109375,3109900.0
2016-04-30,5265432000.0,-3652818000.0,1612614000.0,-1131871000.0,-1131871000.0,480743000.0,-24081000.0,-24081000.0,456662000,456662000,-161538000.0,295124000,295124000,295124000,187687000.0,3072063000.0,3477346000.0,2278081000.0,5560957000.0,7839038000.0,11316384000,2010068000.0,1526000.0,2011594000.0,2989663000.0,3916407000.0,5928001000,3373206000.0,2020784000.0,5388383000.0,11316384000,295124000.0,92324000.0,17354000.0,-849000.0,3476000.0,-55267000.0,50942000.0,403953000.0,-98645000.0,-98645000.0,19503000.0,-230961000.0,-275568000.0,29740000,2016-04-29,80.8499984741211,82.02999877929688,79.88999938964844,81.91000366210938,77.53667449951172,3533200.0
2016-07-31,5391891000.0,-3710124000.0,1681767000.0,-1172670000.0,-1172670000.0,509097000.0,-24352000.0,-24352000.0,484745000,484745000,-178227000.0,306518000,306518000,306518000,185033000.0,3270685000.0,3708051000.0,2349119000.0,5560200000.0,7909319000.0,11617370000,2217858000.0,501548000.0,2719406000.0,2556464000.0,3484603000.0,6204009000,3383666000.0,2035101000.0,5413361000.0,11617370000,306518000.0,94618000.0,11374000.0,-23129000.0,-195158000.0,269034000.0,-97005000.0,389381000.0,-166741000.0,-166741000.0,65681000.0,-223547000.0,-225294000.0,-2654000,2016-07-29,95.11000061035156,95.33999633789062,94.45999908447266,94.73999786376952,89.92750549316406,1684500.0
2016-10-31,5320029000.0,-3732519000.0,1587510000.0,-1194519000.0,-1194519000.0,392991000.0,-23877000.0,-23877000.0,369114000,369114000,-133799000.0,235315000,235315000,235315000,200236000.0,3488247000.0,3968512000.0,2388463000.0,5560101000.0,7948564000.0,11917076000,2458259000.0,501480000.0,2959739000.0,2673210000.0,3595485000.0,6555224000,3389089000.0,1977969000.0,5361852000.0,11917076000,235315000.0,95444000.0,-2324000.0,2645000.0,-213774000.0,225492000.0,-9073000.0,331080000.0,-136180000.0,-136180000.0,115514000.0,-224908000.0,-179697000.0,15203000,2016-10-31,68.41000366210939,69.22000122070311,68.33999633789061,69.08999633789061,65.81356811523439,2876200.0
2017-01-31,6009246000.0,-4108499000.0,1900747000.0,-1220129000.0,-1220129000.0,680618000.0,-25511000.0,-25511000.0,655107000,655107000,-240931000.0,414176000,414176000,414176000,187915000.0,3258785000.0,3677771000.0,2434456000.0,5560071000.0,7994527000.0,11672298000,2121855000.0,500950000.0,2622805000.0,2710576000.0,3643199000.0,6266004000,3395417000.0,2015867000.0,5406294000.0,11672298000,414176000.0,97545000.0,19297000.0,-50391000.0,233548000.0,-382782000.0,98843000.0,480627000.0,-149370000.0,-149370000.0,35664000.0,-311058000.0,-343578000.0,-12321000,2017-01-31,71.27999877929688,73.93000030517578,71.16999816894531,73.81999969482422,70.54801940917969,4072300.0
2017-04-30,5609625000.0,-3910642000.0,1698983000.0,-1225188000.0,-1225188000.0,473795000.0,-28506000.0,-25004000.0,445289000,445289000,-165800000.0,279489000,279489000,279489000,205977000.0,3300082000.0,3748949000.0,2487292000.0,5560114000.0,8047406000.0,11796355000,2290853000.0,401188000.0,2692041000.0,2632090000.0,3575433000.0,6267474000,3397269000.0,2136401000.0,5528881000.0,11796355000,279489000.0,98586000.0,24072000.0,108315000.0,-42456000.0,56630000.0,94141000.0,510462000.0,-143388000.0,-143388000.0,-173519000.0,-88755000.0,-349012000.0,18062000,2017-04-28,73.37999725341797,73.37999725341797,72.37000274658203,72.70999908447266,69.74796295166016,2331100.0
2017-07-31,5828305000.0,-4037783000.0,1790522000.0,-1297376000.0,-1297376000.0,493146000.0,-23748000.0,-23748000.0,469398000,469398000,-174615000.0,294783000,294783000,294783000,214173000.0,3463004000.0,3979991000.0,2574816000.0,5566017000.0,8140833000.0,12120824000,2405353000.0,401402000.0,2806755000.0,2683105000.0,3626974000.0,6433729000,3405619000.0,2286060000.0,5687095000.0,12120824000,294783000.0,99030000.0,14378000.0,-132423000.0,-162929000.0,235444000.0,-204938000.0,275768000.0,-170319000.0,-170319000.0,47491000.0,-74981000.0,-97253000.0,8196000,2017-07-31,75.12999725341797,75.52999877929688,74.33999633789062,75.16000366210938,72.36683654785156,1583000.0
2017-10-31,5903606000.0,-4137150000.0,1766456000.0,-1349025000.0,-1349025000.0,417431000.0,-23995000.0,-23995000.0,393436000,393436000,-140903000.0,252533000,252533000,252533000,226192000.0,3597195000.0,4153334000.0,2654936000.0,5566486000.0,8221422000.0,12374756000,2536274000.0,401532000.0,2937806000.0,2719568000.0,3692795000.0,6630601000,3414004000.0,2334534000.0,5744155000.0,12374756000,252533000.0,100955000.0,40360000.0,-37198000.0,-134705000.0,92027000.0,5480000.0,356650000.0,-173904000.0,-173904000.0,33057000.0,-134999000.0,-170727000.0,12019000,2017-10-31,81.22000122070312,82.11000061035156,80.48999786376953,80.83999633789062,78.08491516113281,2260600.0
2018-01-31,6129431000.0,-4164033000.0,1965398000.0,-1341952000.0,-1341952000.0,623446000.0,-24289000.0,-24289000.0,599157000,599157000,112998000.0,712155000,712155000,712155000,267441000.0,3609025000.0,4247852000.0,2701282000.0,5567777000.0,8269059000.0,12516911000,2563533000.0,401345000.0,2964878000.0,2604613000.0,3426259000.0,6391137000,3431603000.0,2698352000.0,6125774000.0,12516911000,712155000.0,105660000.0,-167545000.0,8958000.0,-8273000.0,43810000.0,-26579000.0,659228000.0,-157417000.0,-157417000.0,-120449000.0,-280977000.0,-460562000.0,41249000,2018-01-31,104.44000244140624,104.9499969482422,102.3499984741211,103.12000274658205,99.87689971923828,2407100.0
2018-04-30,6114463000.0,-4252214000.0,1862249000.0,-1372065000.0,-1372065000.0,490184000.0,-24773000.0,-24773000.0,465411000,465411000,-100559000.0,364852000,364852000,364852000,283970000.0,3594529000.0,4166036000.0,2758369000.0,5568825000.0,8327194000.0,12493230000,2523443000.0,1889000.0,2525332000.0,2862497000.0,3731580000.0,6256912000,3444636000.0,2795620000.0,6236318000.0,12493230000,364852000.0,109335000.0,23792000.0,50669000.0,12356000.0,5043000.0,33270000.0,548648000.0,-163999000.0,-163999000.0,-138035000.0,-150001000.0,-368120000.0,16529000,2018-04-30,98.69000244140624,98.87000274658205,96.26000213623048,96.52999877929688,93.78050994873048,2513800.0
2018-07-31,6443309000.0,-4468436000.0,1974873000.0,-1429397000.0,-1429397000.0,545476000.0,-26470000.0,-25451000.0,519006000,519006000,-111769000.0,407237000,407237000,407237000,265288000.0,3896432000.0,4517826000.0,2857274000.0,5568849000.0,8426123000.0,12943949000,2913635000.0,1909000.0,2915544000.0,2776811000.0,3649463000.0,6565007000,3454573000.0,2928064000.0,6378942000.0,12943949000,407237000.0,112176000.0,23626000.0,5602000.0,-305290000.0,265819000.0,45073000.0,548641000.0,-205620000.0,-205620000.0,-87534000.0,-199537000.0,-361703000.0,-18682000,2018-07-31,98.55999755859376,98.55999755859376,97.79000091552734,98.1500015258789,95.6355438232422,1133500.0
2018-10-31,6417462000.0,-4522403000.0,1895059000.0,-1452916000.0,-1452916000.0,442143000.0,-24586000.0,-24586000.0,417557000,417557000,-83415000.0,334142000,334142000,334142000,260688000.0,3979105000.0,4630344000.0,2921943000.0,5568734000.0,8490677000.0,13121021000,2980253000.0,1929000.0,2982182000.0,2902439000.0,3782951000.0,6765133000,3469192000.0,2890147000.0,6355888000.0,13121021000,334142000.0,114852000.0,37205000.0,-69371000.0,-95179000.0,39690000.0,-13882000.0,416828000.0,-179462000.0,-179462000.0,124887000.0,-297964000.0,-241966000.0,-4600000,2018-10-31,113.05999755859376,113.4800033569336,110.7699966430664,111.37999725341795,108.82876586914062,2483500.0
2019-01-31,6649809000.0,-4578120000.0,2071689000.0,-1433186000.0,-1433186000.0,638503000.0,-25061000.0,-25061000.0,613442000,613442000,-130201000.0,483241000,483241000,483241000,235487000.0,4097004000.0,4663020000.0,2970806000.0,5570212000.0,8541018000.0,13204038000,3013907000.0,1950000.0,3015857000.0,2862740000.0,3770788000.0,6786645000,3479493000.0,2941107000.0,6417393000.0,13204038000,483241000.0,117771000.0,51451000.0,-23030000.0,-133229000.0,64662000.0,45537000.0,629433000.0,-182522000.0,-182522000.0,-44828000.0,-359992000.0,-472112000.0,-25201000,2019-01-31,115.06999969482422,116.30999755859376,114.7300033569336,115.43000030517578,113.08750915527344,1691600.0
2019-04-30,6623185000.0,-4620909000.0,2002276000.0,-1490039000.0,-1490039000.0,512237000.0,-25933000.0,-25933000.0,486304000,486304000,-101291000.0,385013000,385013000,385013000,271111000.0,4109759000.0,4583769000.0,3008425000.0,13712090000.0,16720515000.0,21304284000,3061692000.0,555000.0,3956716000.0,2732105000.0,10774899000.0,14731615000,3501949000.0,3074584000.0,6572669000.0,21304284000,385013000.0,122485000.0,27461000.0,39236000.0,-14252000.0,39707000.0,13781000.0,574195000.0,-144304000.0,-144304000.0,-121825000.0,-199986000.0,-394267000.0,35624000,2019-04-30,126.31999969482422,126.75,125.1500015258789,126.08999633789062,123.8545150756836,1812900.0
2019-07-31,6981753000.0,-4832817000.0,2148936000.0,-1571161000.0,-1571161000.0,577775000.0,-24810000.0,-24810000.0,552965000,552965000,-126410000.0,426555000,426555000,426555000,259568000.0,4419628000.0,4919138000.0,3020406000.0,13977985000.0,16998391000.0,21917529000,3396640000.0,555000.0,4312270000.0,2573483000.0,10856099000.0,15168369000,3517837000.0,3234944000.0,6749160000.0,21917529000,426555000.0,123423000.0,9163000.0,-2815000.0,-306833000.0,283510000.0,20508000.0,556326000.0,-147289000.0,-147289000.0,-159400000.0,-184988000.0,-420580000.0,-11543000,2019-07-31,133.92999267578122,135.13999938964844,132.57000732421878,134.02000427246094,131.94560241699222,1547900.0
2019-10-31,6991393000.0,-4926307000.0,2065086000.0,-1573669000.0,-1573669000.0,491417000.0,-24264000.0,-24264000.0,467153000,467153000,-101603000.0,365550000,365550000,365550000,276076000.0,4496377000.0,5068542000.0,3131073000.0,14213175000.0,17344248000.0,22412790000,3564979000.0,555000.0,4506038000.0,2762490000.0,11258457000.0,15764495000,3530935000.0,3120738000.0,6648295000.0,22412790000,365550000.0,126470000.0,23820000.0,14749000.0,-79921000.0,102197000.0,-7527000.0,530589000.0,-224548000.0,-224548000.0,188225000.0,-400327000.0,-289533000.0,16508000,2019-10-31,161.13999938964844,161.66000366210938,159.3300018310547,160.33999633789062,158.17266845703125,1451400.0
2020-04-30,8448449000.0,-5852757000.0,2595692000.0,-1728908000.0,-1728908000.0,866784000.0,-30493000.0,-30493000.0,836291000,836291000,-185845000.0,650446000,650446000,650446000,2673912000.0,4107331000.0,6992483000.0,3320141000.0,14535689000.0,17855830000.0,24848313000,3851594000.0,580000.0,4843228000.0,3967221000.0,12795631000.0,17638859000,3552542000.0,3659804000.0,7209454000.0,24848313000,650446000.0,137655000.0,45321000.0,902904000.0,567902000.0,110126000.0,224876000.0,1736326000.0,-194968000.0,-194968000.0,1054937000.0,-63080000.0,892234000.0,2433592000,2020-04-30,173.63999938964844,177.0,173.0,175.3000030517578,173.67279052734375,2034500.0
