Report Date,Revenue,Gross Profit,Operating Expenses,"Selling, General & Administrative",Research & Development,Depreciation & Amortization,Operating Income (Loss),Non-Operating Income (Loss),"Interest Expense, Net","Pretax Income (Loss), Adj.",Abnormal Gains (Losses),Pretax Income (Loss),"Income Tax (Expense) Benefit, Net",Income (Loss) from Continuing Operations,Net Income,Net Income (Common),"Cash, Cash Equivalents & Short Term Investments",Accounts & Notes Receivable,Total Current Assets,"Property, Plant & Equipment, Net",Other Long Term Assets,Total Noncurrent Assets,Total Assets,Payables & Accruals,Short Term Debt,Total Current Liabilities,Long Term Debt,Total Noncurrent Liabilities,Total Liabilities,Share Capital & Additional Paid-In Capital,Retained Earnings,Total Equity,Total Liabilities & Equity,Net Income/Starting Line,Depreciation & Amortization.1,Non-Cash Items,Change in Working Capital,Net Cash from Operating Activities,Change in Fixed Assets & Intangibles,Net Cash from Investing Activities,Dividends Paid,Cash from (Repayment of) Debt,Cash from (Repurchase of) Equity,Net Cash from Financing Activities,Net Change in Cash,Price Date,Open,High,Low,Close,Adj Close,Volume
2009-06-30,1822000000.0,1822000000.0,-1317000000.0,-403000000.0,-410000000.0,-504000000.0,505000000.0,-114000000.0,-90000000.0,391000000,-92000000.0,299000000,-109000000.0,190000000,314000000,314000000,648000000.0,1318000000.0,2577000000.0,18087000000.0,6393000000.0,24480000000.0,27057000000,1074000000.0,1508000000.0,3492000000.0,5849000000.0,9883000000.0,13375000000,6407000000.0,6589000000.0,13682000000.0,27057000000,190000000.0,504000000.0,220000000.0,-1000000.0,913000000.0,-1018000000.0,-1016000000.0,-72000000.0,436000000.0,5000000.0,372000000.0,255000000,2009-06-30,55.4900016784668,56.34000015258789,53.52000045776367,54.5,43.94216537475586,7471500.0
2009-09-30,1848000000.0,1848000000.0,-1281000000.0,-377000000.0,-416000000.0,-488000000.0,567000000.0,2000000.0,-90000000.0,569000000,-98000000.0,471000000,-89000000.0,382000000,499000000,499000000,905000000.0,1142000000.0,2609000000.0,18872000000.0,6660000000.0,25532000000.0,28141000000,1113000000.0,1545000000.0,3443000000.0,5848000000.0,10045000000.0,13488000000,6454000000.0,7017000000.0,14653000000.0,28141000000,382000000.0,488000000.0,174000000.0,-32000000.0,1012000000.0,-841000000.0,-839000000.0,-71000000.0,38000000.0,10000000.0,-22000000.0,256000000,2009-09-30,68.23999786376953,68.38999938964844,66.08999633789061,67.33000183105469,54.419776916503906,4990100.0
2009-12-31,2445000000.0,2445000000.0,-1393000000.0,-503000000.0,-404000000.0,-486000000.0,1052000000.0,-64000000.0,-86000000.0,988000000,-122000000.0,866000000,-309000000.0,557000000,667000000,667000000,646000000.0,1208000000.0,2992000000.0,18767000000.0,7927000000.0,26694000000.0,29686000000,1137000000.0,1432000000.0,3802000000.0,5847000000.0,10314000000.0,14116000000,6572000000.0,7613000000.0,15570000000.0,29686000000,557000000.0,486000000.0,163000000.0,74000000.0,1280000000.0,-1061000000.0,-1060000000.0,-71000000.0,-114000000.0,23000000.0,-160000000.0,99000000,2009-12-31,74.29000091552734,74.5,73.5,73.5,59.55547714233398,1784200.0
2010-03-31,3220000000.0,3220000000.0,-1438000000.0,-535000000.0,-414000000.0,-489000000.0,1782000000.0,-82000000.0,-86000000.0,1700000000,-112000000.0,1588000000,-514000000.0,1074000000,1192000000,1192000000,724000000.0,1296000000.0,3748000000.0,18812000000.0,8117000000.0,26929000000.0,30677000000,1199000000.0,240000000.0,3108000000.0,5845000000.0,10614000000.0,13722000000,6622000000.0,8733000000.0,16955000000.0,30677000000,1074000000.0,489000000.0,-252000000.0,30000000.0,1341000000.0,10000000.0,18000000.0,-72000000.0,-1192000000.0,8000000.0,-1253000000.0,171000000,2010-03-31,64.58999633789061,65.16000366210939,64.30000305175781,64.43000030517578,52.32279968261719,4494400.0
2010-06-30,2232000000.0,2232000000.0,-1341000000.0,-410000000.0,-442000000.0,-489000000.0,891000000.0,-89000000.0,-111000000.0,802000000,-189000000.0,613000000,-261000000.0,352000000,706000000,706000000,2174000000.0,1205000000.0,5049000000.0,16841000000.0,8081000000.0,24922000000.0,29971000000,1133000000.0,53000000.0,3402000000.0,5571000000.0,9739000000.0,13141000000,6230000000.0,9369000000.0,16830000000.0,29971000000,352000000.0,489000000.0,-129000000.0,566000000.0,1278000000.0,898000000.0,908000000.0,-70000000.0,-590000000.0,-423000000.0,-1080000000.0,1734000000,2010-06-30,61.11000061035156,62.29999923706055,60.72999954223633,60.91999816894531,49.58934783935547,4178000.0
2010-09-30,2353000000.0,2353000000.0,-1345000000.0,-467000000.0,-415000000.0,-463000000.0,1008000000.0,-74000000.0,-83000000.0,934000000,-235000000.0,699000000,-270000000.0,429000000,2090000000,2090000000,3608000000.0,1028000000.0,5950000000.0,18199000000.0,7714000000.0,25913000000.0,31863000000,1192000000.0,1808000000.0,4450000000.0,3821000000.0,8761000000.0,13211000000,5757000000.0,11390000000.0,18652000000.0,31863000000,429000000.0,463000000.0,735000000.0,-347000000.0,1280000000.0,-1570000000.0,-1568000000.0,-69000000.0,0.0,-496000000.0,-564000000.0,1082000000,2010-09-30,65.47000122070311,65.5,63.86999893188477,64.73999786376953,52.83403396606445,3798000.0
2010-12-31,2135000000.0,2135000000.0,-1415000000.0,-508000000.0,-418000000.0,-489000000.0,720000000.0,-151000000.0,-83000000.0,569000000,99000000.0,668000000,-190000000.0,478000000,562000000,562000000,3011000000.0,1202000000.0,5555000000.0,19652000000.0,7720000000.0,27372000000.0,32927000000,1411000000.0,1811000000.0,4583000000.0,3819000000.0,9091000000.0,13674000000,5644000000.0,11882000000.0,19253000000.0,32927000000,478000000.0,489000000.0,689000000.0,-531000000.0,1125000000.0,-1504000000.0,-1669000000.0,-70000000.0,0.0,-146000000.0,-207000000.0,-708000000,2010-12-31,78.1500015258789,78.86000061035156,78.01000213623047,78.51000213623047,64.21186065673828,1692600.0
2011-03-31,2147000000.0,2147000000.0,-1393000000.0,-463000000.0,-424000000.0,-506000000.0,754000000.0,-71000000.0,-81000000.0,683000000,-103000000.0,580000000,-191000000.0,389000000,416000000,416000000,2947000000.0,1269000000.0,5599000000.0,21081000000.0,7870000000.0,28951000000.0,34550000000,1353000000.0,3003000000.0,5754000000.0,3800000000.0,9567000000.0,15321000000,5071000000.0,12230000000.0,19229000000.0,34550000000,389000000.0,506000000.0,565000000.0,-198000000.0,1262000000.0,-1827000000.0,-3318000000.0,-68000000.0,1197000000.0,-618000000.0,520000000.0,-1574000000,2011-03-31,91.5999984741211,92.5,91.33000183105469,91.7699966430664,75.19673156738281,3102500.0
2011-06-30,3220000000.0,3220000000.0,-1594000000.0,-591000000.0,-453000000.0,-550000000.0,1626000000.0,-122000000.0,-85000000.0,1504000000,-126000000.0,1378000000,-1194000000.0,184000000,2743000000,2743000000,6718000000.0,1446000000.0,8911000000.0,22427000000.0,7199000000.0,29626000000.0,38537000000,1365000000.0,1962000000.0,4484000000.0,5968000000.0,12625000000.0,17109000000,4531000000.0,14901000000.0,21428000000.0,38537000000,184000000.0,550000000.0,849000000.0,-47000000.0,1536000000.0,-1888000000.0,-3619000000.0,-72000000.0,1143000000.0,-576000000.0,498000000.0,1635000000,2011-06-30,78.19999694824219,79.27999877929688,78.11000061035156,78.80999755859375,64.71558380126953,2636700.0
2011-09-30,3502000000.0,3502000000.0,-1694000000.0,-653000000.0,-475000000.0,-566000000.0,1808000000.0,-165000000.0,-104000000.0,1643000000,-105000000.0,1538000000,-498000000.0,1040000000,1038000000,1038000000,6849000000.0,1430000000.0,9607000000.0,23170000000.0,7089000000.0,30259000000.0,39866000000,1512000000.0,3288000000.0,6031000000.0,5969000000.0,12733000000.0,18764000000,3868000000.0,15870000000.0,21102000000.0,39866000000,1040000000.0,566000000.0,271000000.0,-471000000.0,1406000000.0,-1787000000.0,349000000.0,-69000000.0,1317000000.0,-692000000.0,555000000.0,2267000000,2011-09-30,56.36000061035156,57.04999923706055,55.20000076293945,55.43999862670898,45.64674758911133,4530600.0
2011-12-31,2576000000.0,2576000000.0,-1708000000.0,-594000000.0,-499000000.0,-626000000.0,868000000.0,14000000.0,-61000000.0,882000000,-88000000.0,794000000,-273000000.0,521000000,507000000,507000000,7058000000.0,1379000000.0,9305000000.0,24774000000.0,7038000000.0,31812000000.0,41117000000,1471000000.0,3811000000.0,6738000000.0,5969000000.0,12949000000.0,19687000000,3547000000.0,16308000000.0,21430000000.0,41117000000,521000000.0,626000000.0,425000000.0,441000000.0,2013000000.0,-1903000000.0,-2175000000.0,-69000000.0,530000000.0,-345000000.0,118000000.0,-63000000,2011-12-30,62.0,62.81000137329102,61.95000076293945,62.0,51.18342971801758,1522800.0
2012-03-31,2497000000.0,2497000000.0,-1687000000.0,-493000000.0,-514000000.0,-680000000.0,810000000.0,-97000000.0,-87000000.0,713000000,-102000000.0,611000000,-197000000.0,414000000,393000000,393000000,7110000000.0,1107000000.0,9078000000.0,26561000000.0,6966000000.0,33527000000.0,42605000000,1079000000.0,4120000000.0,6262000000.0,6719000000.0,14387000000.0,20649000000,3604000000.0,16621000000.0,21956000000.0,42605000000,414000000.0,680000000.0,254000000.0,-349000000.0,999000000.0,-2088000000.0,-1867000000.0,-80000000.0,1107000000.0,20000000.0,1048000000.0,273000000,2012-03-30,71.05999755859375,71.33999633789062,70.11000061035156,71.12000274658203,58.87793350219727,3278000.0
2012-06-30,2559000000.0,2559000000.0,-1582000000.0,-385000000.0,-513000000.0,-684000000.0,977000000.0,-143000000.0,-99000000.0,834000000,-100000000.0,734000000,-257000000.0,477000000,477000000,477000000,7045000000.0,1005000000.0,9217000000.0,27241000000.0,7012000000.0,34253000000.0,43470000000,1510000000.0,2148000000.0,4961000000.0,8455000000.0,16284000000.0,21245000000,3644000000.0,17016000000.0,22225000000.0,43470000000,477000000.0,684000000.0,-83000000.0,363000000.0,1441000000.0,-1315000000.0,-977000000.0,-82000000.0,-140000000.0,2000000.0,-220000000.0,273000000,2012-06-29,58.15999984741211,58.22999954223633,57.22999954223633,57.9900016784668,48.17546081542969,4210500.0
2012-09-30,1865000000.0,1865000000.0,-1692000000.0,-463000000.0,-513000000.0,-716000000.0,173000000.0,-102000000.0,-110000000.0,71000000,-1232000000.0,-1161000000,442000000.0,-719000000,-719000000,-719000000,7502000000.0,1113000000.0,9433000000.0,27146000000.0,6969000000.0,34115000000.0,43548000000,1485000000.0,2780000000.0,5496000000.0,8455000000.0,16271000000.0,21767000000,3685000000.0,16217000000.0,21781000000.0,43548000000,-719000000.0,716000000.0,1288000000.0,80000000.0,1365000000.0,-1428000000.0,-2648000000.0,-80000000.0,600000000.0,3000000.0,527000000.0,-763000000,2012-09-28,60.540000915527344,61.04999923706055,60.04999923706055,60.5,50.42702865600586,2822000.0
2012-12-31,2580000000.0,2580000000.0,-1967000000.0,-597000000.0,-534000000.0,-731000000.0,613000000.0,-49000000.0,-74000000.0,564000000,-1065000000.0,-501000000,144000000.0,-357000000,-357000000,-357000000,6980000000.0,1245000000.0,8971000000.0,27316000000.0,7039000000.0,34355000000.0,43326000000,1451000000.0,3189000000.0,6003000000.0,8455000000.0,16045000000.0,22048000000,3729000000.0,15778000000.0,21278000000.0,43326000000,-357000000.0,731000000.0,840000000.0,-75000000.0,1139000000.0,-1926000000.0,-2105000000.0,-82000000.0,354000000.0,2000000.0,274000000.0,-701000000,2012-12-31,50.93000030517578,52.11000061035156,50.88999938964844,52.040000915527344,43.54158020019531,3970100.0
2013-06-30,3088000000.0,3088000000.0,-1814000000.0,-549000000.0,-559000000.0,-674000000.0,1274000000.0,-103000000.0,-103000000.0,1171000000,-174000000.0,997000000,-314000000.0,683000000,683000000,683000000,4232000000.0,1538000000.0,6357000000.0,26925000000.0,6738000000.0,33663000000.0,40020000000,1197000000.0,2194000000.0,4865000000.0,7956000000.0,15089000000.0,19954000000,3788000000.0,14952000000.0,20066000000.0,40020000000,683000000.0,674000000.0,27000000.0,97000000.0,1481000000.0,-1638000000.0,-1282000000.0,-89000000.0,-2003000000.0,1000000.0,-2089000000.0,-1912000000,2013-06-28,52.31999969482422,52.45000076293945,51.66999816894531,51.88000106811523,43.73780822753906,3936700.0
2013-09-30,2714000000.0,2714000000.0,-1844000000.0,-526000000.0,-600000000.0,-691000000.0,870000000.0,-94000000.0,-100000000.0,776000000,-137000000.0,639000000,-210000000.0,429000000,429000000,429000000,4320000000.0,1520000000.0,6315000000.0,27962000000.0,6569000000.0,34531000000.0,40846000000,1269000000.0,2112000000.0,4782000000.0,7956000000.0,15452000000.0,20234000000,3818000000.0,15292000000.0,20612000000.0,40846000000,429000000.0,691000000.0,464000000.0,18000000.0,1602000000.0,-1368000000.0,-499000000.0,-89000000.0,-82000000.0,0.0,-171000000.0,957000000,2013-09-30,57.97000122070313,57.97999954223633,57.20000076293945,57.7599983215332,48.878173828125,3530700.0
2013-12-31,2624000000.0,2624000000.0,-1908000000.0,-582000000.0,-584000000.0,-711000000.0,716000000.0,-116000000.0,-111000000.0,600000000,-125000000.0,475000000,-268000000.0,207000000,207000000,207000000,6066000000.0,1520000000.0,8005000000.0,28447000000.0,6425000000.0,34872000000.0,42877000000,1229000000.0,4066000000.0,6655000000.0,7956000000.0,15723000000.0,22378000000,3821000000.0,15410000000.0,20499000000.0,42877000000,207000000.0,711000000.0,520000000.0,-87000000.0,1351000000.0,-1436000000.0,-1436000000.0,-89000000.0,1938000000.0,2000000.0,1850000000.0,1746000000,2013-12-31,61.84000015258789,62.18999862670898,61.38000106811523,61.86999893188477,52.54625701904297,2336400.0
2014-03-31,3725000000.0,3725000000.0,-2876000000.0,-1516000000.0,-598000000.0,-739000000.0,849000000.0,-130000000.0,-112000000.0,719000000,-159000000.0,560000000,-231000000.0,329000000,324000000,324000000,2027000000.0,2580000000.0,5020000000.0,37429000000.0,10316000000.0,47745000000.0,52765000000,1581000000.0,3773000000.0,7580000000.0,11739000000.0,20139000000.0,27719000000,3877000000.0,15644000000.0,25046000000.0,52765000000,329000000.0,739000000.0,606000000.0,-227000000.0,1447000000.0,-7376000000.0,-7319000000.0,-90000000.0,2026000000.0,11000000.0,1844000000.0,-4039000000,2014-03-31,66.0,66.94999694824219,65.62000274658203,66.93000030517578,57.04117965698242,5353400.0
2014-06-30,4510000000.0,4510000000.0,-3638000000.0,-2195000000.0,-582000000.0,-828000000.0,872000000.0,-220000000.0,-131000000.0,652000000,902000000.0,1554000000,-854000000.0,700000000,675000000,675000000,1706000000.0,2301000000.0,4392000000.0,36999000000.0,9724000000.0,46723000000.0,51115000000,1529000000.0,475000000.0,4679000000.0,11880000000.0,20377000000.0,25056000000,3984000000.0,16220000000.0,26059000000.0,51115000000,700000000.0,828000000.0,-72000000.0,640000000.0,2096000000.0,753000000.0,753000000.0,-99000000.0,-3158000000.0,72000000.0,-3194000000.0,-321000000,2014-06-30,79.19999694824219,80.62999725341797,79.0199966430664,79.4000015258789,67.88616180419922,2667300.0
2014-09-30,5336000000.0,5336000000.0,-3420000000.0,-1976000000.0,-584000000.0,-842000000.0,1916000000.0,-120000000.0,-116000000.0,1796000000,-142000000.0,1654000000,-613000000.0,1041000000,1016000000,1016000000,3408000000.0,2009000000.0,5973000000.0,35169000000.0,9697000000.0,44866000000.0,50839000000,1995000000.0,1898000000.0,5994000000.0,10161000000.0,18077000000.0,24071000000,4045000000.0,17138000000.0,26768000000.0,50839000000,1041000000.0,842000000.0,-606000000.0,285000000.0,1562000000.0,557000000.0,557000000.0,-98000000.0,-293000000.0,9000000.0,-389000000.0,1702000000,2014-09-30,69.38999938964844,69.52999877929689,67.58000183105469,68.18000030517578,58.49159240722656,4124100.0
2014-12-31,7067000000.0,7067000000.0,-3472000000.0,-1975000000.0,-568000000.0,-910000000.0,3595000000.0,-169000000.0,-167000000.0,3426000000,-3135000000.0,291000000,-670000000.0,-379000000,-408000000,-408000000,1480000000.0,1959000000.0,6498000000.0,36296000000.0,7843000000.0,44139000000.0,50637000000,1400000000.0,1432000000.0,5935000000.0,9830000000.0,18361000000.0,24296000000,4129000000.0,16631000000.0,26341000000.0,50637000000,-379000000.0,910000000.0,1464000000.0,-990000000.0,1005000000.0,-2264000000.0,-2264000000.0,-99000000.0,-798000000.0,-92000000.0,-655000000.0,-1928000000,2014-12-31,60.38000106811523,62.040000915527344,59.9000015258789,61.209999084472656,52.733299255371094,3712600.0
2015-03-31,3265000000.0,3265000000.0,-3192000000.0,-1690000000.0,-553000000.0,-930000000.0,73000000.0,-129000000.0,-117000000.0,-56000000,-5568000000.0,-5624000000,2035000000.0,-3589000000,-3599000000,-3599000000,1858000000.0,1663000000.0,5806000000.0,31455000000.0,8081000000.0,39536000000.0,45342000000,1335000000.0,1448000000.0,5560000000.0,10301000000.0,16763000000.0,22323000000,4583000000.0,12933000000.0,23019000000.0,45342000000,-3589000000.0,930000000.0,3930000000.0,380000000.0,1651000000.0,-2119000000.0,-2119000000.0,-99000000.0,485000000.0,569000000.0,892000000.0,378000000,2015-03-31,59.84000015258789,61.06000137329102,59.540000915527344,60.31000137329102,52.17766189575195,3135500.0
2015-06-30,3393000000.0,3393000000.0,-3472000000.0,-2075000000.0,-562000000.0,-814000000.0,-79000000.0,-116000000.0,-125000000.0,-195000000,-4284000000.0,-4479000000,1686000000.0,-2793000000,-2816000000,-2816000000,1725000000.0,1602000000.0,4730000000.0,27824000000.0,8052000000.0,35876000000.0,40606000000,1035000000.0,670000000.0,3998000000.0,11375000000.0,16457000000.0,20455000000,4777000000.0,10018000000.0,20151000000.0,40606000000,-2793000000.0,814000000.0,3377000000.0,-305000000.0,1093000000.0,-1439000000.0,-1439000000.0,-98000000.0,282000000.0,85000000.0,210000000.0,-133000000,2015-06-30,59.61000061035156,59.88000106811523,59.06999969482422,59.4900016784668,51.66254043579102,3291700.0
2015-12-31,2886000000.0,447000000.0,-2360000000.0,-2054000000.0,1174000000.0,-1534000000.0,-1913000000.0,-359000000.0,-141000000.0,-2272000000,-1860000000.0,-4132000000,778000000.0,-3354000000,-2974000000,-2974000000,2310000000.0,1105000000.0,4021000000.0,19068000000.0,6362000000.0,25430000000.0,29451000000,906000000.0,976000000.0,3295000000.0,12056000000.0,15167000000.0,18462000000,5038000000.0,1781000000.0,10989000000.0,29451000000,-3354000000.0,1534000000.0,2624000000.0,-216000000.0,588000000.0,-1063000000.0,-1063000000.0,-100000000.0,1208000000.0,0.0,1010000000.0,523000000,2015-12-31,30.989999771118164,32.200000762939446,30.56999969482422,32.0,28.147594451904297,4454100.0
2016-03-31,2126000000.0,2126000000.0,-2266000000.0,-1260000000.0,-444000000.0,-542000000.0,-140000000.0,-185000000.0,-164000000.0,-325000000,-3360000000.0,-3685000000,217000000.0,-3468000000,-3056000000,-3056000000,1635000000.0,1023000000.0,2950000000.0,19264000000.0,6423000000.0,25687000000.0,28637000000,640000000.0,350000000.0,2600000000.0,12195000000.0,15529000000.0,18129000000,7553000000.0,-1400000000.0,10508000000.0,28637000000,-3468000000.0,542000000.0,2850000000.0,240000000.0,164000000.0,-2358000000.0,-2358000000.0,-125000000.0,-489000000.0,1469000000.0,1493000000.0,-675000000,2016-03-31,26.020000457763672,27.5,25.88999938964844,27.440000534057607,24.39702606201172,11418900.0
2018-03-31,3810000000.0,3267000000.0,-3010000000.0,-2440000000.0,-33000000.0,-537000000.0,257000000.0,-450000000.0,-431000000.0,-193000000,12000000.0,-181000000,28000000.0,-153000000,-197000000,-197000000,1424000000.0,1695000000.0,3635000000.0,21383000000.0,4298000000.0,25681000000.0,29316000000,862000000.0,354000000.0,3482000000.0,9628000000.0,12109000000.0,15591000000,7322000000.0,473000000.0,13725000000.0,29316000000,-153000000.0,537000000.0,414000000.0,6000000.0,804000000.0,-790000000.0,-790000000.0,-32000000.0,-685000000.0,-71000000.0,-1213000000.0,-1214000000,2018-03-29,31.420000076293945,31.959999084472656,31.190000534057607,31.790000915527344,28.630847930908203,6290400.0
2018-09-30,2579000000.0,2025000000.0,-1812000000.0,-1364000000.0,-32000000.0,-416000000.0,213000000.0,-44000000.0,-75000000.0,169000000,-7000000.0,162000000,138000000.0,300000000,2537000000,2537000000,3102000000.0,1226000000.0,4757000000.0,14202000000.0,1213000000.0,15415000000.0,20172000000,777000000.0,257000000.0,3224000000.0,5791000000.0,8050000000.0,11274000000,5264000000.0,2505000000.0,8898000000.0,20172000000,300000000.0,416000000.0,142000000.0,-51000000.0,807000000.0,-528000000.0,-528000000.0,-38000000.0,-21000000.0,-1698000000.0,-1760000000.0,1596000000,2018-09-28,39.36999893188477,40.2599983215332,39.310001373291016,39.93999862670898,36.10748672485352,7239400.0
2018-12-31,258000000.0,774000000.0,372000000.0,222000000.0,5000000.0,145000000.0,1146000000.0,7000000.0,-12000000.0,1153000000,291000000.0,1444000000,-403000000.0,1041000000,1149000000,1149000000,2414000000.0,885000000.0,4437000000.0,13935000000.0,1194000000.0,15129000000.0,19566000000,662000000.0,162000000.0,2226000000.0,5785000000.0,8154000000.0,10380000000,4531000000.0,3650000000.0,9186000000.0,19566000000,1041000000.0,-145000000.0,-1213000000.0,20000000.0,-297000000.0,-301000000.0,-301000000.0,-37000000.0,-520000000.0,-759000000.0,-928000000.0,-675000000,2018-12-31,22.65999984741211,22.95000076293945,22.030000686645508,22.540000915527344,20.437068939208984,9196600.0
