Report Date,Revenue,Cost of Revenue,Gross Profit,Operating Expenses,"Selling, General & Administrative",Research & Development,Operating Income (Loss),Non-Operating Income (Loss),"Interest Expense, Net","Pretax Income (Loss), Adj.",Abnormal Gains (Losses),Pretax Income (Loss),"Income Tax (Expense) Benefit, Net",Income (Loss) from Continuing Operations,Net Income,Net Income (Common),"Cash, Cash Equivalents & Short Term Investments",Accounts & Notes Receivable,Total Current Assets,"Property, Plant & Equipment, Net",Long Term Investments & Receivables,Other Long Term Assets,Total Noncurrent Assets,Total Assets,Payables & Accruals,Short Term Debt,Total Current Liabilities,Long Term Debt,Total Noncurrent Liabilities,Total Liabilities,Share Capital & Additional Paid-In Capital,Treasury Stock,Retained Earnings,Total Equity,Total Liabilities & Equity,Net Income/Starting Line,Depreciation & Amortization.1,Non-Cash Items,Change in Working Capital,Net Cash from Operating Activities,Change in Fixed Assets & Intangibles,Net Change in Long Term Investment,Net Cash from Acquisitions & Divestitures,Net Cash from Investing Activities,Cash from (Repayment of) Debt,Cash from (Repurchase of) Equity,Net Cash from Financing Activities,Net Change in Cash,Price Date,Open,High,Low,Close,Adj Close,Volume
2009-12-31,2370932000.0,-670695000.0,1700237000.0,-1407387000.0,-1146823000.0,-197944000.0,292850000.0,1413428000.0,1413428000.0,1706278000,-113478000.0,1592800000,-237894000.0,1354906000,1354906000,1354906000,4943804000.0,3188298000.0,8460208000.0,1314328000.0,1381765000.0,7252019000.0,9948112000.0,18408320000,2560879000.0,0.0,3641968000.0,0.0,978704000.0,4620672000,9987685000.0,-5377258000.0,8359117000.0,13787648000.0,18408320000,1354906000.0,200784000.0,-1085898000.0,300808000.0,770600000.0,-172938000.0,-597126000.0,1780321000.0,882200000.0,-200000000.0,50730000.0,-163613000.0,1441959000,2009-12-31,10.096800804138184,10.1010103225708,9.894781112670898,9.903199195861816,9.558195114135742,14233666.0
2010-12-31,2495076000.0,-701806000.0,1793270000.0,-1127082000.0,-839445000.0,-245741000.0,666188000.0,-3692000.0,-3692000.0,662496000,-75538000.0,586958000,-27732000.0,559226000,559226000,559226000,6622814000.0,3961286000.0,11065338000.0,1523333000.0,2492012000.0,6923079000.0,10938424000.0,22003762000,2776162000.0,300000000.0,4516514000.0,1494227000.0,2185069000.0,6701583000,10482222000.0,-6091435000.0,10160078000.0,15302179000.0,22003762000,559226000.0,191823000.0,496143000.0,-392947000.0,854245000.0,-197555000.0,-368881000.0,-209000000.0,-893268000.0,1789000000.0,-296190000.0,1494086000.0,1395911000,2010-12-31,11.80976390838623,11.83080768585205,11.654040336608887,11.712963104248047,11.304911613464355,16823743.0
2011-06-30,2760000000.0,-773000000.0,1987000000.0,-1350000000.0,-1000000000.0,-297000000.0,637000000.0,28000000.0,28000000.0,665000000,-374000000.0,291000000,-8000000.0,283000000,283000000,283000000,4396926000.0,4970956000.0,9861092000.0,1727081000.0,3078398000.0,10167383000.0,14972862000.0,24833954000,3655765000.0,1015484000.0,6143272000.0,1530211000.0,2480800000.0,8624072000,10872246000.0,-6872815000.0,10919350000.0,16209882000.0,24833954000,283000000.0,208000000.0,476000000.0,-185000000.0,782000000.0,-239000000.0,-114000000.0,-2656000000.0,-3208000000.0,514000000.0,-341000000.0,173000000.0,-2198000000,2011-06-30,13.60690212249756,13.813131332397461,13.337541580200195,13.581649780273438,13.108497619628904,75874709.0
2011-09-30,2966000000.0,-920000000.0,2046000000.0,-1363000000.0,-959000000.0,-319000000.0,683000000.0,79000000.0,79000000.0,762000000,-146000000.0,616000000,-125000000.0,491000000,491000000,491000000,4012874000.0,5077701000.0,9762345000.0,1859190000.0,3018596000.0,10260406000.0,15138192000.0,24900537000,3593342000.0,1015830000.0,6145152000.0,1528158000.0,2590059000.0,8735211000,10987650000.0,-6905567000.0,11409853000.0,16165326000.0,24900537000,491000000.0,266000000.0,199000000.0,-147000000.0,809000000.0,-284000000.0,-217000000.0,-308000000.0,-964000000.0,-13000000.0,-1000000.0,-24000000.0,-267000000,2011-09-30,12.710437774658205,12.861952781677244,12.264309883117676,12.411616325378418,11.979226112365724,41470229.0
2011-12-31,3380000000.0,-1039000000.0,2341000000.0,-1443000000.0,-1014000000.0,-344000000.0,898000000.0,1427000000.0,1427000000.0,2325000000,110000000.0,2435000000,-456000000.0,1979000000,1979000000,1979000000,5929000000.0,6151000000.0,12661000000.0,1986000000.0,2453000000.0,10220000000.0,14659000000.0,27320000000,4548000000.0,565000000.0,6734000000.0,1525000000.0,2656000000.0,9390000000,11147000000.0,-7155000000.0,13389000000.0,17930000000.0,27320000000,1979000000.0,273000000.0,-1475000000.0,206000000.0,983000000.0,-291000000.0,-108000000.0,2201000000.0,1462000000.0,-450000000.0,-196000000.0,-648000000.0,1692000000,2011-12-30,12.739898681640625,12.845117568969727,12.689393997192385,12.765151977539062,12.320444107055664,8769103.0
2012-09-30,3404000000.0,-1022000000.0,2382000000.0,-1567000000.0,-1095000000.0,-389000000.0,815000000.0,5000000.0,5000000.0,820000000,-148000000.0,672000000,-75000000.0,597000000,597000000,597000000,9135000000.0,7293000000.0,17410000000.0,2393000000.0,2500000000.0,10199000000.0,15092000000.0,32502000000,5141000000.0,12000000.0,7061000000.0,4506000000.0,5528000000.0,12589000000,11813000000.0,-7797000000.0,15248000000.0,19913000000.0,32502000000,597000000.0,311000000.0,270000000.0,-24000000.0,1154000000.0,-362000000.0,183000000.0,-10000000.0,-430000000.0,2426000000.0,87000000.0,2516000000.0,3293000000,2012-09-28,20.64814758300781,20.702861785888672,20.2988224029541,20.357744216918945,19.648530960083008,17556977.0
2012-12-31,3993000000.0,-1224000000.0,2769000000.0,-1729000000.0,-1229000000.0,-416000000.0,1040000000.0,122000000.0,122000000.0,1162000000,-285000000.0,877000000,-127000000.0,750000000,750000000,750000000,9408000000.0,11076000000.0,21398000000.0,2491000000.0,3044000000.0,10141000000.0,15676000000.0,37074000000,8458000000.0,413000000.0,10924000000.0,4106000000.0,5285000000.0,16209000000,12064000000.0,-8053000000.0,15998000000.0,20865000000.0,37074000000,750000000.0,318000000.0,130000000.0,187000000.0,1385000000.0,-296000000.0,-1175000000.0,0.0,-1859000000.0,0.0,-132000000.0,-131000000.0,-514000000,2012-12-31,20.942760467529297,21.5488224029541,20.70707130432129,21.464645385742188,20.716867446899414,17851601.0
2013-06-30,3877000000.0,-1211000000.0,2666000000.0,-1723000000.0,-1190000000.0,-451000000.0,943000000.0,6000000.0,6000000.0,949000000,-193000000.0,756000000,-116000000.0,640000000,640000000,640000000,10436000000.0,12028000000.0,23446000000.0,2697000000.0,2506000000.0,9901000000.0,15104000000.0,38550000000,9395000000.0,410000000.0,11670000000.0,4123000000.0,5229000000.0,16899000000,12505000000.0,-8995000000.0,17315000000.0,21651000000.0,38550000000,640000000.0,347000000.0,251000000.0,-227000000.0,1011000000.0,-353000000.0,152000000.0,-7000000.0,-371000000.0,0.0,-324000000.0,-352000000.0,325000000,2013-06-28,21.712963104248047,22.070707321166992,21.557239532470703,21.767677307128906,21.00934600830078,36449028.0
2013-09-30,3892000000.0,-1224000000.0,2668000000.0,-1684000000.0,-1170000000.0,-433000000.0,984000000.0,74000000.0,74000000.0,1058000000,-185000000.0,873000000,-184000000.0,689000000,689000000,689000000,10271000000.0,12279000000.0,23476000000.0,2763000000.0,4138000000.0,9690000000.0,16591000000.0,40067000000,9448000000.0,408000000.0,12028000000.0,4123000000.0,5272000000.0,17300000000,12699000000.0,-9141000000.0,18004000000.0,22767000000.0,40067000000,689000000.0,357000000.0,161000000.0,127000000.0,1334000000.0,-317000000.0,-2790000000.0,-70000000.0,-2904000000.0,0.0,-89000000.0,-91000000.0,-1575000000,2013-09-30,23.26178550720215,23.598485946655273,23.14814758300781,23.484848022460927,22.66669273376465,19176934.0
2013-12-31,-3260000000.0,2095000000.0,-1165000000.0,953000000.0,441000000.0,403000000.0,-212000000.0,28000000.0,28000000.0,-184000000,317000000.0,133000000,-72000000.0,61000000,850000000,850000000,9025000000.0,12948000000.0,23283000000.0,2760000000.0,4971000000.0,10474000000.0,18205000000.0,41488000000,9676000000.0,6000000.0,12639000000.0,4117000000.0,5202000000.0,17841000000,13033000000.0,-9396000000.0,18854000000.0,23647000000.0,41488000000,61000000.0,-373000000.0,-834000000.0,796000000.0,1713000000.0,291000000.0,-251000000.0,-53000000.0,-2018000000.0,-400000000.0,-119000000.0,-500000000.0,-786000000,2013-12-31,22.74831581115723,23.13552284240723,22.723064422607425,23.093433380126953,22.28891372680664,15124190.0
2014-06-30,4103000000.0,-1181000000.0,2922000000.0,-1839000000.0,-1333000000.0,-468000000.0,1083000000.0,10000000.0,10000000.0,1093000000,-229000000.0,864000000,-144000000.0,720000000,676000000,676000000,7369000000.0,13741000000.0,22378000000.0,2685000000.0,6217000000.0,10360000000.0,19262000000.0,41640000000,10459000000.0,1203000000.0,17538000000.0,4118000000.0,5132000000.0,22670000000,13399000000.0,-12864000000.0,17204000000.0,18970000000.0,41640000000,751000000.0,233000000.0,321000000.0,248000000.0,1494000000.0,-215000000.0,-1122000000.0,-31000000.0,-1661000000.0,1200000000.0,-1558000000.0,-445000000.0,-581000000,2014-06-30,21.123737335205078,21.123737335205078,20.959596633911133,21.06902313232422,20.33502960205078,25195342.0
2014-09-30,2150000000.0,-413000000.0,1737000000.0,-1083000000.0,-827000000.0,-246000000.0,654000000.0,17000000.0,17000000.0,671000000,-58000000.0,613000000,-104000000.0,509000000,673000000,673000000,10391000000.0,13879000000.0,25654000000.0,2825000000.0,5875000000.0,10122000000.0,18822000000.0,44476000000,10439000000.0,250000000.0,16491000000.0,7346000000.0,8175000000.0,24666000000,13582000000.0,-12872000000.0,17877000000.0,19810000000.0,44476000000,-19000000.0,-97000000.0,-356000000.0,135000000.0,1368000000.0,-1000000.0,-2226000000.0,-20000000.0,-2616000000.0,2282000000.0,16000000.0,2281000000.0,956000000,2014-09-30,23.829965591430664,24.11616134643555,23.5479793548584,23.83417510986328,23.00385093688965,183556692.0
2014-12-31,-1725000000.0,1282000000.0,-443000000.0,362000000.0,99000000.0,211000000.0,-81000000.0,17000000.0,17000000.0,-64000000,229000000.0,165000000,67000000.0,232000000,1023000000,1023000000,7835000000.0,600000000.0,26531000000.0,1486000000.0,5736000000.0,11379000000.0,18601000000.0,45132000000,232000000.0,850000000.0,17531000000.0,6777000000.0,7695000000.0,25226000000,13889000000.0,-14054000000.0,18900000000.0,19906000000.0,45132000000,729000000.0,164000000.0,-163000000.0,108000000.0,1641000000.0,-200000000.0,1966000000.0,0.0,1072000000.0,0.0,-1060000000.0,-1065000000.0,1538000000,2014-12-31,24.015151977539066,24.09511756896973,23.602693557739247,23.61952972412109,22.79668235778809,14060455.0
2015-09-30,2099000000.0,-433000000.0,1666000000.0,-1023000000.0,-772000000.0,-241000000.0,643000000.0,87000000.0,87000000.0,730000000,-65000000.0,665000000,-120000000.0,545000000,539000000,539000000,5301000000.0,595000000.0,8280000000.0,1535000000.0,3572000000.0,4951000000.0,10058000000.0,18338000000,232000000.0,625000000.0,4436000000.0,6814000000.0,7410000000.0,11846000000,14447000000.0,-15653000000.0,7255000000.0,6492000000.0,18338000000,545000000.0,182000000.0,48000000.0,-71000000.0,686000000.0,-242000000.0,525000000.0,-24000000.0,-867000000.0,-250000000.0,-485000000.0,-2354000000.0,-2572000000,2015-09-30,24.31999969482422,24.5,24.03000068664551,24.440000534057607,23.588571548461914,12862200.0
2015-12-31,2322000000.0,-493000000.0,1829000000.0,-1095000000.0,-855000000.0,-229000000.0,734000000.0,-12000000.0,-12000000.0,722000000,-72000000.0,650000000,-127000000.0,523000000,477000000,477000000,6131000000.0,619000000.0,7904000000.0,1554000000.0,3391000000.0,4906000000.0,9851000000.0,17755000000,421000000.0,0.0,2263000000.0,6749000000.0,8916000000.0,11179000000,14540000000.0,-16203000000.0,7713000000.0,6576000000.0,17755000000,523000000.0,171000000.0,61000000.0,371000000.0,1040000000.0,-129000000.0,-1090000000.0,0.0,-323000000.0,-600000000.0,-589000000.0,-1222000000.0,-583000000,2015-12-31,27.6299991607666,27.690000534057607,27.45000076293945,27.479999542236328,26.522661209106445,4923800.0
2016-09-30,2217000000.0,-498000000.0,1719000000.0,-1121000000.0,-824000000.0,-288000000.0,598000000.0,-9000000.0,-9000000.0,589000000,-56000000.0,533000000,-115000000.0,418000000,413000000,413000000,8045000000.0,626000000.0,9783000000.0,1526000000.0,3921000000.0,5272000000.0,10719000000.0,20502000000,385000000.0,1449000000.0,3763000000.0,7582000000.0,9920000000.0,13683000000,14784000000.0,-18205000000.0,9036000000.0,6819000000.0,20502000000,418000000.0,172000000.0,100000000.0,112000000.0,802000000.0,-185000000.0,-244000000.0,0.0,-595000000.0,-17000000.0,-486000000.0,-503000000.0,-248000000,2016-09-30,32.490001678466804,33.02000045776367,32.459999084472656,32.900001525878906,31.75385093688965,11959900.0
2016-12-31,2395000000.0,-539000000.0,1856000000.0,-1159000000.0,-857000000.0,-292000000.0,697000000.0,1366000000.0,1366000000.0,2063000000,-59000000.0,2004000000,3944000000.0,5948000000,5936000000,5936000000,7149000000.0,592000000.0,8875000000.0,1516000000.0,3969000000.0,9487000000.0,14972000000.0,23847000000,393000000.0,1451000000.0,3847000000.0,7509000000.0,9461000000.0,13308000000,14909000000.0,-19205000000.0,14959000000.0,10539000000.0,23847000000,5948000000.0,176000000.0,-5515000000.0,11000000.0,620000000.0,-136000000.0,704000000.0,-212000000.0,560000000.0,-3000000.0,-906000000.0,-926000000.0,63000000,2016-12-30,30.3799991607666,30.3799991607666,29.56999969482422,29.690000534057607,28.655675888061523,8189700.0
2017-06-30,2419000000.0,-560000000.0,1859000000.0,-1316000000.0,-994000000.0,-313000000.0,543000000.0,-18000000.0,-18000000.0,525000000,-63000000.0,462000000,-433000000.0,29000000,29000000,29000000,9017000000.0,619000000.0,10906000000.0,1538000000.0,4754000000.0,10285000000.0,16577000000.0,27483000000,386000000.0,2215000000.0,4596000000.0,9251000000.0,11413000000.0,16009000000,15079000000.0,-20063000000.0,16021000000.0,11474000000.0,27483000000,29000000.0,168000000.0,615000000.0,-113000000.0,699000000.0,-182000000.0,-1808000000.0,-20000000.0,-2010000000.0,2484000000.0,-456000000.0,1932000000.0,658000000,2017-06-30,34.779998779296875,35.06999969482422,34.52000045776367,34.919998168945305,33.703468322753906,10845500.0
2017-09-30,2498000000.0,-557000000.0,1941000000.0,-1299000000.0,-973000000.0,-316000000.0,642000000.0,120000000.0,120000000.0,762000000,-68000000.0,694000000,-174000000.0,520000000,520000000,520000000,6030000000.0,626000000.0,7858000000.0,1546000000.0,6302000000.0,10237000000.0,18085000000.0,25943000000,360000000.0,749000000.0,3190000000.0,9249000000.0,11470000000.0,14660000000,15171000000.0,-20970000000.0,16544000000.0,11283000000.0,25943000000,520000000.0,173000000.0,109000000.0,75000000.0,877000000.0,-157000000.0,1290000000.0,-516000000.0,617000000.0,-1450000000.0,-895000000.0,-2402000000.0,-875000000,2017-09-29,37.72999954223633,38.599998474121094,37.709999084472656,38.459999084472656,37.12014770507813,9965000.0
2017-12-31,2707000000.0,-590000000.0,2117000000.0,-1375000000.0,-1048000000.0,-317000000.0,742000000.0,-102000000.0,-102000000.0,640000000,-79000000.0,561000000,-3158000000.0,-2597000000,-2601000000,-2601000000,5863000000.0,696000000.0,7744000000.0,1597000000.0,6331000000.0,10314000000.0,18242000000.0,25986000000,507000000.0,781000000.0,3559000000.0,9234000000.0,14378000000.0,17937000000,15295000000.0,-21892000000.0,13929000000.0,8049000000.0,25986000000,-2597000000.0,172000000.0,2043000000.0,1370000000.0,988000000.0,-192000000.0,419000000.0,-12000000.0,212000000.0,-2000000.0,-876000000.0,-896000000.0,358000000,2017-12-29,37.81999969482422,38.02999877929688,37.650001525878906,37.7400016784668,36.42523193359375,4652500.0
2018-06-30,2640000000.0,-597000000.0,2043000000.0,-1571000000.0,-1206000000.0,-352000000.0,472000000.0,301000000.0,301000000.0,773000000,-66000000.0,707000000,-69000000.0,638000000,642000000,642000000,4007000000.0,745000000.0,6184000000.0,1576000000.0,5418000000.0,10810000000.0,17804000000.0,23988000000,337000000.0,3000000.0,2608000000.0,9201000000.0,14234000000.0,16842000000,15480000000.0,-23892000000.0,14977000000.0,7146000000.0,23988000000,638000000.0,170000000.0,-137000000.0,-299000000.0,372000000.0,-184000000.0,334000000.0,-302000000.0,-151000000.0,0.0,-933000000.0,-1042000000.0,-910000000,2018-06-29,36.27999877929688,36.540000915527344,36.13000106811523,36.2599983215332,34.996788024902344,6335800.0
2018-09-30,2649000000.0,-608000000.0,2041000000.0,-1420000000.0,-1100000000.0,-307000000.0,621000000.0,392000000.0,392000000.0,1013000000,-65000000.0,948000000,-228000000.0,720000000,721000000,721000000,4838000000.0,761000000.0,6963000000.0,1580000000.0,4276000000.0,10833000000.0,16689000000.0,23652000000,308000000.0,1546000000.0,4006000000.0,7661000000.0,12717000000.0,16723000000,15573000000.0,-24893000000.0,15699000000.0,6929000000.0,23652000000,720000000.0,175000000.0,-150000000.0,-185000000.0,558000000.0,-179000000.0,64000000.0,0.0,926000000.0,0.0,-988000000.0,-1020000000.0,465000000,2018-09-28,33.209999084472656,33.34000015258789,32.72999954223633,33.02000045776367,31.86966133117676,8467200.0
2018-12-31,781000000.0,-259000000.0,522000000.0,-267000000.0,-223000000.0,-58000000.0,255000000.0,-164000000.0,-164000000.0,91000000,-44000000.0,47000000,316000000.0,363000000,760000000,760000000,4915000000.0,712000000.0,7126000000.0,1597000000.0,3778000000.0,10318000000.0,15693000000.0,22819000000,403000000.0,1546000000.0,4454000000.0,7685000000.0,12084000000.0,16538000000,15718000000.0,-26394000000.0,16459000000.0,6281000000.0,22819000000,363000000.0,111000000.0,74000000.0,235000000.0,1233000000.0,-102000000.0,532000000.0,0.0,421000000.0,0.0,-1472000000.0,-1511000000.0,193000000,2018-12-31,28.3799991607666,28.5,27.88999938964844,28.06999969482422,27.09210586547852,7629300.0
2019-03-31,2643000000.0,-601000000.0,2042000000.0,-1361000000.0,-1051000000.0,-297000000.0,681000000.0,64000000.0,64000000.0,745000000,-72000000.0,673000000,-152000000.0,521000000,518000000,518000000,4441000000.0,716000000.0,6665000000.0,1582000000.0,2969000000.0,11113000000.0,15664000000.0,22329000000,358000000.0,1550000000.0,4500000000.0,7700000000.0,12626000000.0,17126000000,15787000000.0,-27895000000.0,16847000000.0,5203000000.0,22329000000,521000000.0,169000000.0,117000000.0,-257000000.0,550000000.0,-182000000.0,821000000.0,-93000000.0,558000000.0,0.0,-1426000000.0,-1605000000.0,-507000000,2019-03-29,36.95000076293945,37.16999816894531,36.86999893188477,37.13999938964844,35.98017120361328,8636400.0
2019-06-30,2687000000.0,-630000000.0,2057000000.0,-1425000000.0,-1091000000.0,-322000000.0,632000000.0,-51000000.0,-51000000.0,581000000,-71000000.0,510000000,-107000000.0,403000000,402000000,402000000,4477000000.0,797000000.0,6844000000.0,1573000000.0,1936000000.0,10816000000.0,14325000000.0,21169000000,453000000.0,2063000000.0,5209000000.0,7243000000.0,11854000000.0,17063000000,15913000000.0,-29396000000.0,17125000000.0,4106000000.0,21169000000,403000000.0,175000000.0,253000000.0,-87000000.0,744000000.0,-137000000.0,828000000.0,0.0,728000000.0,0.0,-1468000000.0,-1653000000.0,-191000000,2019-06-28,39.33000183105469,39.560001373291016,39.11000061035156,39.5,38.41545486450195,14763400.0
2019-09-30,2083000000.0,-530000000.0,1553000000.0,-1077000000.0,-827000000.0,-243000000.0,476000000.0,-142000000.0,-142000000.0,334000000,-68000000.0,266000000,-56000000.0,210000000,310000000,310000000,3086000000.0,714000000.0,5209000000.0,1516000000.0,1446000000.0,10543000000.0,13505000000.0,18714000000,491000000.0,518000000.0,3685000000.0,7235000000.0,11759000000.0,15444000000,15990000000.0,-30396000000.0,17315000000.0,3270000000.0,18714000000,123000000.0,130000000.0,120000000.0,222000000.0,1009000000.0,-75000000.0,1444000000.0,93000000.0,1143000000.0,-1550000000.0,-1018000000.0,-2725000000.0,-612000000,2019-09-30,38.56999969482422,39.04999923706055,38.40999984741211,38.97999954223633,38.0411262512207,6149200.0
