Report Date,Revenue,Cost of Revenue,Gross Profit,Operating Expenses,"Selling, General & Administrative",Operating Income (Loss),Non-Operating Income (Loss),"Interest Expense, Net","Pretax Income (Loss), Adj.",Abnormal Gains (Losses),Pretax Income (Loss),"Income Tax (Expense) Benefit, Net",Income (Loss) from Continuing Operations,Net Income,Net Income (Common),"Cash, Cash Equivalents & Short Term Investments",Accounts & Notes Receivable,Inventories,Total Current Assets,"Property, Plant & Equipment, Net",Other Long Term Assets,Total Noncurrent Assets,Total Assets,Payables & Accruals,Short Term Debt,Total Current Liabilities,Long Term Debt,Total Noncurrent Liabilities,Total Liabilities,Share Capital & Additional Paid-In Capital,Treasury Stock,Retained Earnings,Total Equity,Total Liabilities & Equity,Net Income/Starting Line,Depreciation & Amortization.1,Non-Cash Items,Change in Working Capital,Net Cash from Operating Activities,Change in Fixed Assets & Intangibles,Net Cash from Acquisitions & Divestitures,Net Cash from Investing Activities,Dividends Paid,Cash from (Repayment of) Debt,Cash from (Repurchase of) Equity,Net Cash from Financing Activities,Net Change in Cash,Price Date,Open,High,Low,Close,Adj Close,Volume
2009-06-30,5091000000.0,-3253000000.0,1838000000.0,-1089000000.0,-1089000000.0,749000000.0,-65000000.0,-65000000.0,684000000,-131000000.0,553000000,-155000000.0,398000000,387000000,387000000,1382000000.0,3720000000.0,2062000000.0,7718000000.0,3475000000.0,9131000000.0,12606000000.0,20324000000,4156000000.0,837000000.0,4993000000.0,4464000000.0,6671000000.0,11664000000,629000000.0,-6307000000.0,14471000000.0,8660000000.0,20324000000,398000000.0,184000000.0,-90000000.0,424000000.0,916000000.0,-116000000.0,-302000000.0,-437000000.0,-247000000.0,-334000000.0,0.0,-632000000.0,-125000000,2009-06-30,33.049999237060554,33.40999984741211,32.299999237060554,32.400001525878906,22.45685386657715,5898800.0
2009-09-30,4509000000.0,-2620000000.0,1889000000.0,-1015000000.0,-1015000000.0,874000000.0,-63000000.0,-63000000.0,811000000,-153000000.0,658000000,-147000000.0,511000000,506000000,506000000,1560000000.0,3623000000.0,1855000000.0,7653000000.0,3500000000.0,8610000000.0,12110000000.0,19763000000,4379000000.0,577000000.0,4956000000.0,3998000000.0,6101000000.0,11057000000,634000000.0,-6297000000.0,14714000000.0,8706000000.0,19763000000,520000000.0,185000000.0,96000000.0,551000000.0,1352000000.0,-143000000.0,-37000000.0,-204000000.0,-249000000.0,-730000000.0,0.0,-1001000000.0,178000000,2009-09-30,40.040000915527344,40.77999877929688,39.290000915527344,40.08000183105469,28.03717803955078,6502800.0
2009-12-31,4828000000.0,-2960000000.0,1868000000.0,-1134000000.0,-1134000000.0,734000000.0,-65000000.0,-65000000.0,669000000,-92000000.0,577000000,-148000000.0,429000000,425000000,425000000,1840000000.0,3650000000.0,1956000000.0,8063000000.0,3475000000.0,9951000000.0,13426000000.0,21489000000,4565000000.0,1240000000.0,5805000000.0,4558000000.0,6746000000.0,12551000000,650000000.0,-6281000000.0,14888000000.0,8938000000.0,21489000000,437000000.0,196000000.0,39000000.0,15000000.0,687000000.0,-89000000.0,-1301000000.0,-1352000000.0,-251000000.0,1222000000.0,0.0,956000000.0,280000000,2009-12-31,43.20000076293945,43.45000076293945,42.599998474121094,42.599998474121094,30.0404109954834,1977300.0
2010-03-31,4953000000.0,-2990000000.0,1963000000.0,-1203000000.0,-1203000000.0,760000000.0,-67000000.0,-67000000.0,693000000,-92000000.0,601000000,-180000000.0,421000000,405000000,405000000,2159000000.0,3654000000.0,2075000000.0,8508000000.0,3367000000.0,9845000000.0,13212000000.0,21720000000,4730000000.0,1269000000.0,5999000000.0,4581000000.0,6716000000.0,12715000000,642000000.0,-6269000000.0,15040000000.0,9005000000.0,21720000000,418000000.0,206000000.0,-10000000.0,18000000.0,632000000.0,-89000000.0,-39000000.0,-135000000.0,-253000000.0,49000000.0,-24000000.0,-164000000.0,319000000,2010-03-31,50.59000015258789,50.86999893188477,50.22999954223633,50.34000015258789,35.75994873046875,4253500.0
2010-06-30,5417000000.0,-3253000000.0,2164000000.0,-1168000000.0,-1168000000.0,996000000.0,-64000000.0,-64000000.0,932000000,-69000000.0,863000000,-266000000.0,597000000,585000000,585000000,3424000000.0,3793000000.0,2114000000.0,9958000000.0,3289000000.0,9711000000.0,13000000000.0,22958000000,4967000000.0,2290000000.0,7257000000.0,4586000000.0,6612000000.0,13869000000,651000000.0,-6307000000.0,15373000000.0,9089000000.0,22958000000,601000000.0,203000000.0,-96000000.0,-5000000.0,703000000.0,-122000000.0,-32000000.0,-168000000.0,-252000000.0,1027000000.0,-47000000.0,788000000.0,1265000000,2010-06-30,43.13999938964844,44.20000076293945,42.93999862670898,43.68999862670898,31.24576759338379,7439400.0
2010-09-30,5841000000.0,-3510000000.0,2331000000.0,-1312000000.0,-1312000000.0,1019000000.0,-65000000.0,-65000000.0,954000000,-116000000.0,838000000,-254000000.0,584000000,749000000,749000000,1592000000.0,3989000000.0,2105000000.0,8363000000.0,3287000000.0,11193000000.0,14480000000.0,22843000000,5369000000.0,480000000.0,5849000000.0,4586000000.0,7042000000.0,12891000000,669000000.0,-6320000000.0,15869000000.0,9952000000.0,22843000000,761000000.0,211000000.0,17000000.0,281000000.0,1270000000.0,-224000000.0,-625000000.0,-862000000.0,-253000000.0,-1982000000.0,-29000000.0,-2306000000.0,-1832000000,2010-09-30,53.1500015258789,53.5,52.31999969482422,52.65999984741211,37.91109085083008,4651000.0
2010-12-31,5535000000.0,-3372000000.0,2163000000.0,-1311000000.0,-1311000000.0,852000000.0,-61000000.0,-61000000.0,791000000,-78000000.0,713000000,-222000000.0,491000000,480000000,480000000,1493000000.0,3956000000.0,2207000000.0,8305000000.0,3255000000.0,11143000000.0,14398000000.0,22703000000,4800000000.0,800000000.0,5600000000.0,4352000000.0,6780000000.0,12380000000,822000000.0,-6308000000.0,16088000000.0,10323000000.0,22703000000,491000000.0,219000000.0,42000000.0,-430000000.0,322000000.0,-82000000.0,-39000000.0,-137000000.0,-261000000.0,86000000.0,-51000000.0,-281000000.0,-99000000,2010-12-31,57.34000015258789,57.43000030517578,57.06999969482422,57.16999816894531,41.4091796875,1275300.0
2011-03-31,5854000000.0,-3548000000.0,2306000000.0,-1315000000.0,-1315000000.0,991000000.0,-57000000.0,-57000000.0,934000000,-101000000.0,833000000,-266000000.0,567000000,556000000,556000000,1593000000.0,4231000000.0,2324000000.0,8798000000.0,3303000000.0,11434000000.0,14737000000.0,23535000000,5163000000.0,771000000.0,5934000000.0,4353000000.0,6796000000.0,12730000000,833000000.0,-6421000000.0,16383000000.0,10805000000.0,23535000000,567000000.0,216000000.0,-13000000.0,-17000000.0,753000000.0,-126000000.0,-147000000.0,-290000000.0,-261000000.0,-33000000.0,-125000000.0,-397000000.0,100000000,2011-03-31,58.0099983215332,58.88999938964844,57.72000122070313,58.43000030517578,42.56123733520508,7202200.0
2011-06-30,6288000000.0,-3790000000.0,2498000000.0,-1363000000.0,-1363000000.0,1135000000.0,-56000000.0,-56000000.0,1079000000,-87000000.0,992000000,-294000000.0,698000000,683000000,683000000,1781000000.0,4443000000.0,2422000000.0,9283000000.0,3382000000.0,11439000000.0,14821000000.0,24104000000,5446000000.0,862000000.0,6308000000.0,4353000000.0,6797000000.0,13105000000,852000000.0,-6741000000.0,16807000000.0,10999000000.0,24104000000,698000000.0,215000000.0,12000000.0,-22000000.0,903000000.0,-195000000.0,-42000000.0,-246000000.0,-259000000.0,91000000.0,-319000000.0,-486000000.0,188000000,2011-06-30,55.09000015258789,56.27000045776367,55.09000015258789,56.25,41.230201721191406,5682900.0
2011-09-30,6545000000.0,-3955000000.0,2590000000.0,-1339000000.0,-1339000000.0,1251000000.0,-49000000.0,-49000000.0,1202000000,-109000000.0,1093000000,-345000000.0,748000000,761000000,761000000,2052000000.0,4502000000.0,2100000000.0,9345000000.0,3437000000.0,11079000000.0,14516000000.0,23861000000,5588000000.0,877000000.0,6465000000.0,4324000000.0,6845000000.0,13310000000,794000000.0,-7143000000.0,17310000000.0,10551000000.0,23861000000,774000000.0,217000000.0,96000000.0,168000000.0,1255000000.0,-244000000.0,99000000.0,-175000000.0,-258000000.0,-15000000.0,-440000000.0,-723000000.0,271000000,2011-09-30,43.18999862670898,43.2599983215332,41.310001373291016,41.310001373291016,30.514822006225586,7666200.0
2012-03-31,5919000000.0,-3583000000.0,2336000000.0,-1359000000.0,-1359000000.0,977000000.0,-58000000.0,-58000000.0,919000000,-105000000.0,814000000,-258000000.0,556000000,545000000,545000000,2153000000.0,4319000000.0,2402000000.0,9544000000.0,3449000000.0,11141000000.0,14590000000.0,24134000000,5097000000.0,1828000000.0,6925000000.0,4018000000.0,6554000000.0,13479000000,788000000.0,-7419000000.0,17638000000.0,10655000000.0,24134000000,556000000.0,202000000.0,-7000000.0,-189000000.0,562000000.0,-157000000.0,-167000000.0,-357000000.0,-294000000.0,226000000.0,-85000000.0,-134000000.0,77000000,2012-03-30,52.18999862670898,52.349998474121094,51.77000045776367,52.18000030517578,39.153018951416016,2771100.0
2012-06-30,6484000000.0,-3856000000.0,2628000000.0,-1338000000.0,-1338000000.0,1290000000.0,-51000000.0,-51000000.0,1239000000,-84000000.0,1155000000,-368000000.0,787000000,770000000,770000000,2292000000.0,4601000000.0,2367000000.0,10003000000.0,3418000000.0,10905000000.0,14323000000.0,24326000000,5336000000.0,2060000000.0,7396000000.0,3789000000.0,6265000000.0,13661000000,794000000.0,-7623000000.0,18115000000.0,10665000000.0,24326000000,787000000.0,211000000.0,-18000000.0,-134000000.0,846000000.0,-141000000.0,-11000000.0,-149000000.0,-293000000.0,5000000.0,-198000000.0,-494000000.0,139000000,2012-06-29,45.13000106811523,46.599998474121094,45.02000045776367,46.58000183105469,35.23780059814453,6047800.0
2012-09-30,6700000000.0,-3951000000.0,2749000000.0,-1385000000.0,-1385000000.0,1364000000.0,-57000000.0,-57000000.0,1307000000,-714000000.0,593000000,-293000000.0,300000000,282000000,282000000,2367000000.0,4983000000.0,2125000000.0,10126000000.0,3509000000.0,10183000000.0,13692000000.0,23818000000,5627000000.0,1506000000.0,7133000000.0,3787000000.0,6243000000.0,13376000000,801000000.0,-7882000000.0,18107000000.0,10442000000.0,23818000000,300000000.0,206000000.0,529000000.0,276000000.0,1311000000.0,-237000000.0,116000000.0,-160000000.0,-290000000.0,-557000000.0,-270000000.0,-1101000000.0,75000000,2012-09-28,48.04999923706055,48.54999923706055,47.790000915527344,48.27000045776367,36.80039978027344,4316300.0
2012-12-31,5553000000.0,-3346000000.0,2207000000.0,-1394000000.0,-1394000000.0,813000000.0,-54000000.0,-54000000.0,759000000,-86000000.0,673000000,-207000000.0,466000000,454000000,454000000,2527000000.0,4556000000.0,2308000000.0,10086000000.0,3503000000.0,10182000000.0,13685000000.0,23771000000,5291000000.0,1912000000.0,7203000000.0,3542000000.0,5950000000.0,13153000000,803000000.0,-7972000000.0,18264000000.0,10618000000.0,23771000000,466000000.0,206000000.0,86000000.0,-119000000.0,639000000.0,-200000000.0,3000000.0,-219000000.0,-297000000.0,160000000.0,-113000000.0,-258000000.0,160000000,2012-12-31,51.95000076293945,52.9900016784668,51.6500015258789,52.959999084472656,40.710426330566406,3038200.0
2013-03-31,5960000000.0,-3587000000.0,2373000000.0,-1426000000.0,-1426000000.0,947000000.0,-57000000.0,-57000000.0,890000000,-59000000.0,831000000,-253000000.0,578000000,561000000,561000000,2615000000.0,4559000000.0,2327000000.0,10189000000.0,3481000000.0,10054000000.0,13535000000.0,23724000000,5159000000.0,1485000000.0,6644000000.0,4059000000.0,6406000000.0,13050000000,813000000.0,-8102000000.0,18529000000.0,10674000000.0,23724000000,578000000.0,205000000.0,9000000.0,-218000000.0,574000000.0,-97000000.0,0.0,-123000000.0,-296000000.0,90000000.0,-158000000.0,-342000000.0,88000000,2013-03-28,55.36999893188477,55.959999084472656,55.290000915527344,55.86999893188477,43.2526741027832,3070000.0
2013-06-30,6344000000.0,-3776000000.0,2568000000.0,-1396000000.0,-1396000000.0,1172000000.0,-51000000.0,-51000000.0,1121000000,-610000000.0,511000000,-297000000.0,214000000,194000000,194000000,2810000000.0,4725000000.0,2304000000.0,10506000000.0,3475000000.0,9532000000.0,13007000000.0,23513000000,5464000000.0,1486000000.0,6950000000.0,4059000000.0,6299000000.0,13249000000,821000000.0,-8388000000.0,18428000000.0,10264000000.0,23513000000,214000000.0,201000000.0,497000000.0,78000000.0,990000000.0,-140000000.0,-20000000.0,-188000000.0,-295000000.0,1000000.0,-302000000.0,-598000000.0,195000000,2013-06-28,55.22000122070313,55.36999893188477,54.45000076293945,54.540000915527344,42.51850509643555,5150000.0
2013-09-30,6812000000.0,-4008000000.0,2804000000.0,-1432000000.0,-1432000000.0,1372000000.0,-56000000.0,-56000000.0,1316000000,-135000000.0,1181000000,-373000000.0,808000000,795000000,795000000,3275000000.0,4808000000.0,1895000000.0,10999000000.0,3605000000.0,10107000000.0,13712000000.0,24711000000,6038000000.0,1587000000.0,7625000000.0,4055000000.0,6368000000.0,13993000000,829000000.0,-8985000000.0,18930000000.0,10718000000.0,24711000000,808000000.0,207000000.0,130000000.0,301000000.0,1446000000.0,-241000000.0,1000000.0,-259000000.0,-293000000.0,98000000.0,-537000000.0,-735000000.0,465000000,2013-09-30,64.26999664306639,64.98999786376953,64.15000152587889,64.69999694824219,50.7726058959961,3321300.0
2013-12-31,5606000000.0,-3370000000.0,2236000000.0,-1444000000.0,-1444000000.0,792000000.0,-54000000.0,-54000000.0,738000000,-95000000.0,643000000,-166000000.0,477000000,462000000,462000000,2737000000.0,4429000000.0,2162000000.0,9999000000.0,3639000000.0,10486000000.0,14125000000.0,24124000000,5150000000.0,1958000000.0,7108000000.0,3834000000.0,6133000000.0,13241000000,1005000000.0,-9206000000.0,19088000000.0,10883000000.0,24124000000,477000000.0,209000000.0,59000000.0,-54000000.0,691000000.0,-236000000.0,-308000000.0,-555000000.0,-304000000.0,73000000.0,-390000000.0,-675000000.0,-538000000,2013-12-31,70.30000305175781,70.44999694824219,69.94999694824219,70.18000030517578,55.43249893188477,1665800.0
2014-03-31,5812000000.0,-3417000000.0,2395000000.0,-1394000000.0,-1394000000.0,1001000000.0,-47000000.0,-47000000.0,954000000,-137000000.0,817000000,-263000000.0,554000000,547000000,547000000,2724000000.0,4563000000.0,2233000000.0,10203000000.0,3692000000.0,10451000000.0,14143000000.0,24346000000,5171000000.0,2661000000.0,7832000000.0,3836000000.0,5989000000.0,13821000000,677000000.0,-9405000000.0,19333000000.0,10525000000.0,24346000000,554000000.0,210000000.0,30000000.0,-219000000.0,575000000.0,-161000000.0,0.0,-205000000.0,-302000000.0,696000000.0,-206000000.0,-369000000.0,-13000000,2014-03-31,67.27999877929689,67.36000061035156,66.63999938964844,66.80000305175781,53.11442184448242,3079200.0
2014-06-30,6312000000.0,-3674000000.0,2638000000.0,-1424000000.0,-1424000000.0,1214000000.0,-46000000.0,-46000000.0,1168000000,-96000000.0,1072000000,-334000000.0,738000000,728000000,728000000,3049000000.0,4772000000.0,2253000000.0,10813000000.0,3737000000.0,10565000000.0,14302000000.0,25115000000,5558000000.0,2975000000.0,8533000000.0,3565000000.0,5709000000.0,14242000000,697000000.0,-9582000000.0,19757000000.0,10873000000.0,25115000000,738000000.0,204000000.0,-40000000.0,116000000.0,1018000000.0,-176000000.0,-38000000.0,-266000000.0,-304000000.0,42000000.0,-187000000.0,-431000000.0,325000000,2014-06-30,66.81999969482422,66.98000335693361,66.23000335693361,66.36000061035156,53.09896087646485,2675200.0
2014-09-30,6807000000.0,-3918000000.0,2889000000.0,-1453000000.0,-1453000000.0,1436000000.0,-47000000.0,-47000000.0,1389000000,-573000000.0,816000000,-401000000.0,415000000,410000000,410000000,3149000000.0,5019000000.0,2057000000.0,10867000000.0,3802000000.0,9508000000.0,13310000000.0,24177000000,5989000000.0,2465000000.0,8454000000.0,3559000000.0,5556000000.0,14010000000,638000000.0,-9811000000.0,19867000000.0,10167000000.0,24177000000,415000000.0,208000000.0,514000000.0,271000000.0,1408000000.0,-194000000.0,99000000.0,-133000000.0,-300000000.0,-517000000.0,-265000000.0,-1084000000.0,100000000,2014-09-30,62.59000015258789,63.08000183105469,62.43999862670898,62.58000183105469,50.4202880859375,3581000.0
2014-12-31,5587000000.0,-3307000000.0,2280000000.0,-1405000000.0,-1405000000.0,875000000.0,-46000000.0,-46000000.0,829000000,-64000000.0,765000000,-236000000.0,529000000,525000000,525000000,3122000000.0,4404000000.0,2121000000.0,10483000000.0,3631000000.0,9610000000.0,13241000000.0,23724000000,5393000000.0,3484000000.0,8877000000.0,3289000000.0,5291000000.0,14168000000,639000000.0,-10317000000.0,20066000000.0,9556000000.0,23724000000,529000000.0,207000000.0,27000000.0,-192000000.0,571000000.0,-207000000.0,-143000000.0,-376000000.0,-326000000.0,748000000.0,-509000000.0,-146000000.0,-27000000,2014-12-31,62.63000106811523,62.84000015258789,61.66999816894531,61.72999954223633,50.100181579589844,2225100.0
2015-03-31,5400000000.0,-3234000000.0,2166000000.0,-1318000000.0,-1318000000.0,848000000.0,-40000000.0,-40000000.0,808000000,796000000.0,1604000000,-625000000.0,979000000,973000000,973000000,3256000000.0,4299000000.0,2107000000.0,10344000000.0,3570000000.0,9054000000.0,12624000000.0,22968000000,5412000000.0,3358000000.0,8770000000.0,3272000000.0,5230000000.0,14000000000,650000000.0,-11177000000.0,20718000000.0,8968000000.0,22968000000,979000000.0,205000000.0,-488000000.0,-338000000.0,358000000.0,-152000000.0,1389000000.0,1177000000.0,-321000000.0,-145000000.0,-842000000.0,-1269000000.0,134000000,2015-03-31,56.36000061035156,56.68000030517578,55.79999923706055,56.61999893188477,46.328041076660156,6237000.0
2015-06-30,5503000000.0,-3269000000.0,2234000000.0,-1276000000.0,-1276000000.0,958000000.0,-40000000.0,-40000000.0,918000000,-122000000.0,796000000,-222000000.0,574000000,564000000,564000000,3393000000.0,4272000000.0,2144000000.0,10644000000.0,3610000000.0,9210000000.0,12820000000.0,23464000000,5133000000.0,3179000000.0,8312000000.0,4290000000.0,6353000000.0,14665000000,639000000.0,-11803000000.0,20969000000.0,8799000000.0,23464000000,574000000.0,201000000.0,-276000000.0,0.0,499000000.0,-157000000.0,-97000000.0,-254000000.0,-313000000.0,838000000.0,-690000000.0,-157000000.0,137000000,2015-06-30,56.209999084472656,57.27000045776367,55.22999954223633,55.43000030517578,45.71136093139648,7572800.0
2015-09-30,5814000000.0,-3446000000.0,2368000000.0,-1185000000.0,-1185000000.0,1183000000.0,-45000000.0,-45000000.0,1138000000,-142000000.0,996000000,-345000000.0,651000000,648000000,648000000,3054000000.0,2870000000.0,1265000000.0,10049000000.0,2929000000.0,9110000000.0,12039000000.0,22088000000,3682000000.0,2552000000.0,7800000000.0,4289000000.0,6160000000.0,13960000000,647000000.0,-12257000000.0,21308000000.0,8128000000.0,22088000000,651000000.0,202000000.0,-140000000.0,388000000.0,1101000000.0,-169000000.0,339000000.0,44000000.0,-309000000.0,-600000000.0,-460000000.0,-1376000000.0,-339000000,2015-09-30,43.900001525878906,44.2400016784668,43.47999954223633,44.16999816894531,36.77887344360352,4332600.0
2015-12-31,3337000000.0,-1923000000.0,1414000000.0,-879000000.0,-879000000.0,535000000.0,-47000000.0,-47000000.0,488000000,-54000000.0,434000000,-127000000.0,307000000,349000000,349000000,3109000000.0,3842000000.0,1903000000.0,9694000000.0,3520000000.0,8338000000.0,11858000000.0,21552000000,4793000000.0,3409000000.0,8202000000.0,4043000000.0,5853000000.0,14055000000,655000000.0,-12808000000.0,21347000000.0,7497000000.0,21552000000,307000000.0,144000000.0,90000000.0,-155000000.0,487000000.0,-124000000.0,-6000000.0,-163000000.0,-310000000.0,610000000.0,-507000000.0,-211000000.0,55000000,2015-12-31,48.27999877929688,48.79999923706055,47.81999969482422,47.83000183105469,40.221839904785156,3326300.0
2016-03-31,3579000000.0,-2037000000.0,1542000000.0,-878000000.0,-878000000.0,664000000.0,-46000000.0,-46000000.0,618000000,-66000000.0,552000000,-177000000.0,375000000,369000000,369000000,3322000000.0,3874000000.0,1950000000.0,9913000000.0,3523000000.0,8328000000.0,11851000000.0,21764000000,4950000000.0,3232000000.0,8182000000.0,4062000000.0,5839000000.0,14021000000,666000000.0,-12802000000.0,21410000000.0,7743000000.0,21764000000,422000000.0,253000000.0,47000000.0,98000000.0,719000000.0,-123000000.0,-5000000.0,-25000000.0,-306000000.0,-159000000.0,-48000000.0,-514000000.0,213000000,2016-03-31,54.540000915527344,54.709999084472656,54.13999938964844,54.38000106811523,46.19771957397461,2941400.0
2016-06-30,3674000000.0,-2081000000.0,1593000000.0,-852000000.0,-852000000.0,741000000.0,-46000000.0,-46000000.0,695000000,-39000000.0,656000000,-205000000.0,451000000,479000000,479000000,3516000000.0,4014000000.0,1949000000.0,10220000000.0,3521000000.0,8341000000.0,11862000000.0,22082000000,5106000000.0,3220000000.0,8326000000.0,4062000000.0,5801000000.0,14127000000,677000000.0,-12795000000.0,21583000000.0,7955000000.0,22082000000,404000000.0,29000000.0,27000000.0,-22000000.0,718000000.0,-54000000.0,-51000000.0,-185000000.0,-306000000.0,-11000000.0,0.0,-325000000.0,194000000,2016-06-30,50.9000015258789,52.15999984741211,50.709999084472656,52.15999984741211,44.70871353149414,4271700.0
2016-09-30,3932000000.0,-2219000000.0,1713000000.0,-855000000.0,-855000000.0,858000000.0,-49000000.0,-49000000.0,809000000,-135000000.0,674000000,-188000000.0,486000000,438000000,438000000,3182000000.0,2701000000.0,1208000000.0,9960000000.0,2931000000.0,8841000000.0,11772000000.0,21732000000,3823000000.0,2584000000.0,8008000000.0,4051000000.0,6106000000.0,14114000000,682000000.0,-12831000000.0,21716000000.0,7618000000.0,21732000000,486000000.0,142000000.0,55000000.0,172000000.0,957000000.0,-146000000.0,-70000000.0,-253000000.0,-305000000.0,-638000000.0,-46000000.0,-995000000.0,-334000000,2016-09-30,53.20000076293945,54.9000015258789,53.20000076293945,54.5099983215332,47.13509750366211,7460100.0
2016-12-31,3216000000.0,-1851000000.0,1365000000.0,-822000000.0,-822000000.0,543000000.0,-46000000.0,-46000000.0,497000000,-33000000.0,464000000,-94000000.0,370000000,309000000,309000000,4151000000.0,2426000000.0,1278000000.0,8877000000.0,2861000000.0,5733000000.0,8594000000.0,17471000000,3603000000.0,254000000.0,4146000000.0,3815000000.0,5571000000.0,9717000000,783000000.0,-12754000000.0,21714000000.0,7754000000.0,17471000000,370000000.0,143000000.0,35000000.0,-138000000.0,238000000.0,-100000000.0,-16000000.0,3758000000.0,-311000000.0,-2566000000.0,0.0,-2920000000.0,969000000,2016-12-30,56.18999862670898,56.36000061035156,55.56000137329102,55.75,48.67095947265625,1957000.0
2017-03-31,3574000000.0,-2017000000.0,1557000000.0,-868000000.0,-868000000.0,689000000.0,-41000000.0,-41000000.0,648000000,-83000000.0,565000000,-181000000.0,384000000,292000000,292000000,5039000000.0,2479000000.0,1331000000.0,9446000000.0,2880000000.0,4951000000.0,7831000000.0,17277000000,3519000000.0,252000000.0,3771000000.0,3816000000.0,5449000000.0,9220000000,814000000.0,-12814000000.0,21696000000.0,8057000000.0,17277000000,384000000.0,140000000.0,65000000.0,12000000.0,172000000.0,-94000000.0,0.0,1033000000.0,-310000000.0,-4000000.0,-120000000.0,-362000000.0,888000000,2017-03-31,59.45000076293945,60.27999877929688,59.45000076293945,59.86000061035156,52.653114318847656,3420100.0
2017-06-30,4039000000.0,-2361000000.0,1678000000.0,-931000000.0,-931000000.0,747000000.0,-39000000.0,-39000000.0,708000000,-87000000.0,621000000,-202000000.0,419000000,413000000,413000000,3140000000.0,2926000000.0,1891000000.0,8554000000.0,3304000000.0,7544000000.0,10848000000.0,19402000000,4007000000.0,1363000000.0,5370000000.0,3797000000.0,6010000000.0,11380000000,827000000.0,-13086000000.0,21800000000.0,8022000000.0,19402000000,419000000.0,171000000.0,42000000.0,142000000.0,648000000.0,-106000000.0,-2935000000.0,-3100000000.0,-309000000.0,1091000000.0,-280000000.0,505000000.0,-1899000000,2017-06-30,58.66999816894531,60.02000045776367,58.6500015258789,59.61999893188477,52.87326431274414,3209000.0
2017-09-30,4435000000.0,-2631000000.0,1804000000.0,-997000000.0,-997000000.0,807000000.0,-39000000.0,-39000000.0,768000000,-83000000.0,685000000,-183000000.0,502000000,504000000,504000000,3062000000.0,3072000000.0,1696000000.0,8252000000.0,3321000000.0,8016000000.0,11337000000.0,19589000000,4183000000.0,862000000.0,5045000000.0,3794000000.0,5774000000.0,10819000000,774000000.0,-13032000000.0,21995000000.0,8770000000.0,19589000000,502000000.0,182000000.0,77000000.0,144000000.0,854000000.0,-176000000.0,0.0,-177000000.0,-309000000.0,-500000000.0,0.0,-814000000.0,-78000000,2017-09-29,62.75,63.06999969482422,62.540000915527344,62.84000015258789,56.17506790161133,2903700.0
2017-12-31,3816000000.0,-2195000000.0,1621000000.0,-992000000.0,-992000000.0,629000000.0,-38000000.0,-38000000.0,591000000,-88000000.0,503000000,-109000000.0,394000000,392000000,392000000,3096000000.0,2881000000.0,1845000000.0,8152000000.0,3279000000.0,8427000000.0,11706000000.0,19858000000,4099000000.0,2093000000.0,6192000000.0,3375000000.0,5278000000.0,11470000000,783000000.0,-13521000000.0,22079000000.0,8388000000.0,19858000000,394000000.0,187000000.0,26000000.0,-160000000.0,447000000.0,-96000000.0,-278000000.0,-392000000.0,-311000000.0,810000000.0,-500000000.0,-31000000.0,34000000,2017-12-29,70.04000091552734,70.20999908447266,69.69000244140625,69.69000244140625,62.80976867675781,1848900.0
2018-03-31,4248000000.0,-2423000000.0,1825000000.0,-1032000000.0,-1032000000.0,793000000.0,-36000000.0,-36000000.0,757000000,-99000000.0,658000000,-169000000.0,489000000,482000000,482000000,2444000000.0,3042000000.0,1897000000.0,7725000000.0,3299000000.0,8761000000.0,12060000000.0,19785000000,4112000000.0,1833000000.0,5945000000.0,3357000000.0,5303000000.0,11248000000,800000000.0,-13735000000.0,22254000000.0,8537000000.0,19785000000,489000000.0,191000000.0,20000000.0,-203000000.0,497000000.0,-98000000.0,-271000000.0,-393000000.0,-307000000.0,-279000000.0,-250000000.0,-812000000.0,-652000000,2018-03-29,67.63999938964844,68.81999969482422,67.44000244140625,68.30000305175781,61.9785270690918,1890800.0
2018-06-30,4456000000.0,-2507000000.0,1949000000.0,-1054000000.0,-1054000000.0,895000000.0,-39000000.0,-39000000.0,856000000,-88000000.0,768000000,-49000000.0,719000000,712000000,712000000,3411000000.0,3027000000.0,1805000000.0,8576000000.0,3260000000.0,8651000000.0,11911000000.0,20487000000,4092000000.0,2862000000.0,6954000000.0,3126000000.0,5073000000.0,12027000000,809000000.0,-13964000000.0,22660000000.0,8460000000.0,20487000000,719000000.0,179000000.0,-51000000.0,77000000.0,924000000.0,-120000000.0,2000000.0,-147000000.0,-306000000.0,799000000.0,-250000000.0,283000000.0,967000000,2018-06-29,69.09999847412111,70.02999877929689,68.87999725341797,69.13999938964844,63.16667556762695,4025700.0
2018-09-30,4888000000.0,-2851000000.0,2037000000.0,-1191000000.0,-1191000000.0,846000000.0,-46000000.0,-46000000.0,800000000,-62000000.0,738000000,-116000000.0,622000000,617000000,617000000,1093000000.0,3344000000.0,1813000000.0,6619000000.0,3562000000.0,10209000000.0,13771000000.0,20390000000,4541000000.0,1623000000.0,6164000000.0,3137000000.0,5236000000.0,11400000000,825000000.0,-13935000000.0,23072000000.0,8990000000.0,20390000000,622000000.0,201000000.0,-2000000.0,203000000.0,1024000000.0,-303000000.0,-1455000000.0,-1788000000.0,-305000000.0,-1228000000.0,0.0,-1532000000.0,-2318000000,2018-09-28,76.83000183105469,77.33000183105469,76.4000015258789,76.58000183105469,70.42827606201172,2034200.0
2018-12-31,4147000000.0,-2386000000.0,1761000000.0,-1077000000.0,-1077000000.0,684000000.0,-43000000.0,-43000000.0,641000000,-50000000.0,591000000,-124000000.0,467000000,465000000,465000000,1248000000.0,2733000000.0,1980000000.0,6658000000.0,3551000000.0,10220000000.0,13771000000.0,20429000000,4220000000.0,3320000000.0,7540000000.0,2641000000.0,4613000000.0,12153000000,852000000.0,-14816000000.0,23252000000.0,8276000000.0,20429000000,467000000.0,202000000.0,-36000000.0,-310000000.0,323000000.0,-155000000.0,-73000000.0,-259000000.0,-305000000.0,1198000000.0,-786000000.0,98000000.0,155000000,2018-12-31,59.36999893188477,59.88000106811523,59.09000015258789,59.75,55.35265350341797,4149400.0
2019-03-31,4570000000.0,-2645000000.0,1925000000.0,-1145000000.0,-1145000000.0,780000000.0,-48000000.0,-48000000.0,732000000,-57000000.0,675000000,-150000000.0,525000000,520000000,520000000,1384000000.0,2911000000.0,2073000000.0,7152000000.0,3615000000.0,10304000000.0,13919000000.0,21071000000,4163000000.0,2551000000.0,6714000000.0,3786000000.0,5785000000.0,12499000000,857000000.0,-14878000000.0,23475000000.0,8572000000.0,21071000000,525000000.0,204000000.0,24000000.0,-220000000.0,533000000.0,-119000000.0,-165000000.0,-318000000.0,-302000000.0,382000000.0,-214000000.0,-96000000.0,136000000,2019-03-29,68.23000335693361,68.51999664306639,67.93000030517578,68.47000122070311,63.88851165771485,3034900.0
2019-06-30,4684000000.0,-2683000000.0,2001000000.0,-1126000000.0,-1126000000.0,875000000.0,-43000000.0,-43000000.0,832000000,-65000000.0,767000000,-155000000.0,612000000,604000000,604000000,1603000000.0,2901000000.0,2061000000.0,7350000000.0,3614000000.0,10353000000.0,13967000000.0,21317000000,4341000000.0,1877000000.0,6218000000.0,4336000000.0,6295000000.0,12513000000,864000000.0,-14870000000.0,23777000000.0,8804000000.0,21317000000,612000000.0,203000000.0,-47000000.0,178000000.0,946000000.0,-121000000.0,-137000000.0,-284000000.0,-302000000.0,-117000000.0,0.0,-427000000.0,219000000,2019-06-28,66.23000335693361,67.05000305175781,66.05999755859375,66.72000122070311,62.7244873046875,7115000.0
2019-09-30,4971000000.0,-2843000000.0,2128000000.0,-1109000000.0,-1109000000.0,1019000000.0,-40000000.0,-40000000.0,979000000,-153000000.0,826000000,-102000000.0,724000000,717000000,717000000,1494000000.0,2985000000.0,1880000000.0,7139000000.0,3642000000.0,9716000000.0,13358000000.0,20497000000,4532000000.0,1444000000.0,5976000000.0,4277000000.0,6248000000.0,12224000000,870000000.0,-15114000000.0,24199000000.0,8273000000.0,20497000000,724000000.0,213000000.0,65000000.0,202000000.0,1204000000.0,-199000000.0,-80000000.0,-313000000.0,-300000000.0,-434000000.0,-250000000.0,-966000000.0,-109000000,2019-09-30,66.94999694824219,67.20999908447266,66.62000274658203,66.86000061035156,63.39978408813477,4904400.0
2020-03-31,4162000000.0,-2412000000.0,1750000000.0,-983000000.0,-983000000.0,767000000.0,-36000000.0,-36000000.0,731000000,-42000000.0,689000000,-165000000.0,524000000,517000000,517000000,2583000000.0,2641000000.0,2058000000.0,8032000000.0,3553000000.0,10126000000.0,13679000000.0,21711000000,4199000000.0,3741000000.0,7940000000.0,3960000000.0,6208000000.0,14148000000,930000000.0,-15941000000.0,24431000000.0,7563000000.0,21711000000,524000000.0,211000000.0,-67000000.0,-80000000.0,588000000.0,-111000000.0,-96000000.0,-232000000.0,-306000000.0,1755000000.0,-813000000.0,655000000.0,948000000,2020-03-31,46.31000137329102,48.13000106811523,46.209999084472656,47.6500015258789,45.79679489135742,4995700.0
2020-06-30,3914000000.0,-2296000000.0,1618000000.0,-934000000.0,-934000000.0,684000000.0,-45000000.0,-45000000.0,639000000,-181000000.0,458000000,-51000000.0,407000000,399000000,399000000,2450000000.0,2512000000.0,2102000000.0,7879000000.0,3565000000.0,10286000000.0,13851000000.0,21730000000,4260000000.0,1725000000.0,5985000000.0,5500000000.0,7867000000.0,13852000000,936000000.0,-15937000000.0,24531000000.0,7878000000.0,21730000000,407000000.0,209000000.0,52000000.0,174000000.0,842000000.0,-104000000.0,-18000000.0,-145000000.0,-299000000.0,-546000000.0,0.0,-856000000.0,-133000000,2020-06-30,61.2400016784668,62.290000915527344,60.91999816894531,62.02999877929688,60.19746780395508,2589900.0
