Report Date,Revenue,Cost of Revenue,Gross Profit,Operating Expenses,"Selling, General & Administrative",Depreciation & Amortization,Operating Income (Loss),Non-Operating Income (Loss),"Interest Expense, Net","Pretax Income (Loss), Adj.",Abnormal Gains (Losses),Pretax Income (Loss),Income (Loss) from Continuing Operations,Net Income,Net Income (Common),"Cash, Cash Equivalents & Short Term Investments",Accounts & Notes Receivable,Total Current Assets,"Property, Plant & Equipment, Net",Long Term Investments & Receivables,Other Long Term Assets,Total Noncurrent Assets,Total Assets,Payables & Accruals,Short Term Debt,Total Current Liabilities,Total Noncurrent Liabilities,Total Liabilities,Share Capital & Additional Paid-In Capital,Total Equity,Total Liabilities & Equity,Net Income/Starting Line,Depreciation & Amortization.1,Non-Cash Items,Change in Working Capital,Net Cash from Operating Activities,Change in Fixed Assets & Intangibles,Net Change in Long Term Investment,Net Cash from Acquisitions & Divestitures,Net Cash from Investing Activities,Dividends Paid,Cash from (Repayment of) Debt,Cash from (Repurchase of) Equity,Net Cash from Financing Activities,Net Change in Cash,Price Date,Open,High,Low,Close,Adj Close,Volume
2010-09-30,104327000.0,-27600000.0,76727000.0,-47812000.0,-6175000.0,-31531000.0,28915000.0,-17040000.0,-21025000.0,11875000,-1615000.0,10260000,10260000,6920000,6377000,14668000.0,55605000.0,91927000.0,3169771000.0,95933000.0,146122000.0,3411826000.0,3503753000,92422000.0,1711242000.0,2251220000.0,7558000.0,2258778000,1379062000.0,1244975000.0,3503753000,10426000.0,31637000.0,38364000.0,18840000.0,99267000.0,-151383000.0,-18000.0,-20222000.0,-168759000.0,-31114000.0,80286000.0,54534000.0,75793000.0,6301000,2010-09-30,109.3499984741211,111.04000091552734,108.9000015258789,109.44000244140624,79.28666687011719,610200.0
2010-12-31,104583000.0,-26677000.0,77906000.0,-52762000.0,-5243000.0,-35047000.0,25144000.0,-17117000.0,-20734000.0,8027000,-687000.0,7340000,7340000,5320000,4778000,13753000.0,49444000.0,85138000.0,3406539000.0,92310000.0,148900000.0,3647749000.0,3732887000,81155000.0,1832745000.0,2373524000.0,4349000.0,2377873000,1515471000.0,1355014000.0,3732887000,8628000.0,36326000.0,1834000.0,-18239000.0,28549000.0,-237354000.0,-31680000.0,-11046000.0,-260653000.0,-31679000.0,198783000.0,136471000.0,231189000.0,-915000,2010-12-31,114.11000061035156,115.12000274658205,114.0,114.22000122070312,83.5003662109375,116300.0
2011-06-30,116326000.0,-28946000.0,87380000.0,-54533000.0,-5385000.0,-37250000.0,32847000.0,-22092000.0,-22710000.0,10755000,-253000.0,10502000,10502000,13749000,10325000,8809000.0,49956000.0,82803000.0,3428778000.0,75673000.0,238601000.0,3743052000.0,3825855000,87552000.0,2044461000.0,2374754000.0,4349000.0,2379103000,1687694000.0,1446752000.0,3825855000,16053000.0,37510000.0,-2853000.0,-3216000.0,47494000.0,-58174000.0,0.0,-21218000.0,-66383000.0,-34496000.0,-128419000.0,206205000.0,-69985000.0,-88874000,2011-06-30,134.19999694824222,135.50999450683594,133.83999633789062,135.28999328613278,100.54155731201172,364700.0
2011-09-30,119166000.0,-29642000.0,89524000.0,-55219000.0,-4966000.0,-37881000.0,34305000.0,-21974000.0,-22096000.0,12331000,-567000.0,11764000,11764000,9054000,7687000,9020000.0,51599000.0,84616000.0,3429799000.0,75624000.0,315126000.0,3820549000.0,3905165000,102021000.0,2015439000.0,2394593000.0,4349000.0,2398942000,1776549000.0,1506223000.0,3905165000,11088000.0,38137000.0,8851000.0,11849000.0,69925000.0,-28574000.0,-1243000.0,-84478000.0,-111975000.0,-35299000.0,-3919000.0,88929000.0,42261000.0,211000,2011-09-30,121.55999755859376,123.1500015258789,120.0,120.04000091552734,89.96234893798828,400300.0
2011-12-31,119516000.0,-27308000.0,92208000.0,-55894000.0,-5069000.0,-38220000.0,36314000.0,-23382000.0,-25077000.0,12932000,-343000.0,12589000,12589000,15306000,13938000,12889000.0,66369000.0,101832000.0,3437318000.0,74275000.0,423539000.0,3935132000.0,4036964000,87935000.0,2210858000.0,2478887000.0,4349000.0,2483236000,1844614000.0,1553728000.0,4036964000,17868000.0,39864000.0,14897000.0,-13643000.0,58986000.0,-43317000.0,0.0,-136800000.0,-180380000.0,-35832000.0,99242000.0,67195000.0,125263000.0,3869000,2011-12-30,141.0,142.72999572753906,140.41000366210938,140.50999450683594,106.0851821899414,181700.0
2012-03-31,127918000.0,-28751000.0,99167000.0,-59187000.0,-5400000.0,-40734000.0,39980000.0,-22776000.0,-24658000.0,17204000,0.0,17204000,17204000,24090000,22722000,13744000.0,48053000.0,96384000.0,3434645000.0,80000000.0,440349000.0,3954994000.0,4051378000,104188000.0,2189317000.0,2473579000.0,4349000.0,2477928000,1877376000.0,1573450000.0,4051378000,27241000.0,40828000.0,-1582000.0,11964000.0,78451000.0,-56604000.0,-5438000.0,-14145000.0,-50342000.0,-36459000.0,-18590000.0,32523000.0,-27254000.0,855000,2012-03-30,151.0800018310547,151.5399932861328,150.24000549316406,151.50999450683594,115.23695373535156,847200.0
2012-06-30,132561000.0,-30718000.0,101843000.0,-60875000.0,-5764000.0,-41801000.0,40968000.0,-18975000.0,-24659000.0,21993000,20497000.0,42490000,42490000,38446000,37078000,4132000.0,50895000.0,78705000.0,3664605000.0,114166000.0,481640000.0,4260411000.0,4339116000,106344000.0,2230645000.0,2624412000.0,4349000.0,2628761000,2017448000.0,1710355000.0,4339116000,42488000.0,41801000.0,-14862000.0,-11056000.0,58371000.0,-63494000.0,-28925000.0,-192641000.0,-273266000.0,-38972000.0,110017000.0,139821000.0,205283000.0,-9612000,2012-06-29,153.85000610351562,154.2100067138672,152.77999877929688,153.9199981689453,117.92835998535156,270700.0
2012-09-30,137590000.0,-32763000.0,104827000.0,-62125000.0,-5276000.0,-42897000.0,42702000.0,-21441000.0,-25064000.0,21261000,-1211000.0,20050000,20050000,17587000,16219000,1943000.0,50316000.0,77193000.0,3780021000.0,141573000.0,535885000.0,4457479000.0,4534672000,121205000.0,2533829000.0,2749232000.0,4349000.0,2753581000,2116534000.0,1781091000.0,4534672000,20221000.0,43040000.0,5633000.0,21964000.0,90858000.0,-101762000.0,-39372000.0,-52759000.0,-202803000.0,-40013000.0,59569000.0,98683000.0,109756000.0,-2189000,2012-09-28,148.32000732421875,149.1999969482422,147.64999389648438,148.24000549316406,114.4198226928711,168500.0
2012-12-31,137084000.0,-31581000.0,105503000.0,-59913000.0,-8133000.0,-43741000.0,45590000.0,6882000.0,-37507000.0,52472000,-4563000.0,47909000,47909000,45161000,43793000,18606000.0,66163000.0,108289000.0,4019006000.0,92713000.0,627215000.0,4738934000.0,4847223000,109910000.0,2677683000.0,2962758000.0,4349000.0,2967107000,2204781000.0,1880116000.0,4847223000,49640000.0,45017000.0,-36476000.0,-18362000.0,39819000.0,-293122000.0,0.0,-85608000.0,-285727000.0,-40806000.0,223540000.0,89336000.0,262571000.0,16663000,2012-12-31,145.6699981689453,146.91000366210938,145.36000061035156,146.64999389648438,114.0413818359375,147900.0
2013-03-31,148005000.0,-32253000.0,115752000.0,-68800000.0,-6239000.0,-46787000.0,46952000.0,-18907000.0,-25211000.0,28045000,1116000.0,29161000,29161000,26571000,25203000,30844000.0,11359000.0,66993000.0,4160267000.0,80432000.0,628767000.0,4869466000.0,4936459000,136857000.0,2671238000.0,2947895000.0,4349000.0,2952244000,2329386000.0,1984215000.0,4936459000,29703000.0,47144000.0,36210000.0,10665000.0,123722000.0,-189528000.0,-6541000.0,-49537000.0,-143767000.0,-41152000.0,-44572000.0,124272000.0,32283000.0,12238000,2013-03-28,150.74000549316406,151.1199951171875,149.24000549316406,150.5800018310547,118.05306243896484,352800.0
2013-06-30,150815000.0,-34131000.0,116684000.0,-68427000.0,-6589000.0,-47673000.0,48257000.0,-20128000.0,-29327000.0,28129000,856000.0,28985000,28985000,26314000,24946000,20217000.0,110544000.0,155928000.0,4145179000.0,88734000.0,669157000.0,4903070000.0,5058998000,126898000.0,2921246000.0,3084605000.0,4349000.0,3088954000,2331833000.0,1970044000.0,5058998000,29575000.0,48031000.0,18746000.0,-12030000.0,84322000.0,-23915000.0,-7461000.0,-64107000.0,-195372000.0,-46446000.0,153972000.0,2823000.0,100423000.0,-10627000,2013-06-28,159.88999938964844,161.47999572753906,158.6999969482422,158.9199981689453,125.5623779296875,584900.0
2013-09-30,153948000.0,-35787000.0,118161000.0,-69025000.0,-6263000.0,-48227000.0,49136000.0,13997000.0,-29192000.0,63133000,-415000.0,62718000,62718000,70156000,68788000,9509000.0,67628000.0,123622000.0,4126624000.0,89899000.0,745457000.0,4961980000.0,5085602000,134330000.0,2905404000.0,3087549000.0,4349000.0,3091898000,2330044000.0,1993704000.0,5085602000,75875000.0,48487000.0,8813000.0,966000.0,134141000.0,-59406000.0,-2440000.0,-59093000.0,-86951000.0,-46548000.0,-4434000.0,566000.0,-57898000.0,-10708000,2013-09-30,148.8800048828125,150.5500030517578,147.25999450683594,147.6999969482422,117.64423370361328,140300.0
2013-12-31,157822000.0,-37889000.0,119933000.0,-70128000.0,-7593000.0,-49733000.0,49805000.0,-23988000.0,-32794000.0,25817000,-5799000.0,20018000,20018000,33242000,31874000,18491000.0,68255000.0,122021000.0,4239301000.0,90084000.0,735433000.0,5064818000.0,5186839000,117810000.0,2814103000.0,3184252000.0,4349000.0,3188601000,2345767000.0,1998238000.0,5186839000,36902000.0,49856000.0,-122866000.0,-1095000.0,-37203000.0,-197890000.0,0.0,10159000.0,-27606000.0,-46522000.0,113195000.0,15046000.0,73791000.0,8982000,2013-12-31,144.0,144.42999267578125,142.5500030517578,143.50999450683594,115.26905822753906,348300.0
2014-03-31,161009000.0,-36967000.0,124042000.0,-73234000.0,-7583000.0,-50312000.0,50808000.0,-15636000.0,-29041000.0,35172000,-8766000.0,26406000,26406000,23280000,21912000,19918000.0,36105000.0,84776000.0,5648254000.0,100348000.0,799664000.0,6548266000.0,6633042000,84931000.0,2818394000.0,3071289000.0,4349000.0,3075638000,2505007000.0,3557404000.0,6633042000,26406000.0,50312000.0,-2834000.0,18010000.0,91894000.0,-66722000.0,-10340000.0,-39679000.0,-60590000.0,-96388000.0,-78805000.0,158772000.0,-29877000.0,1427000,2014-03-31,168.1699981689453,171.6999969482422,166.9499969482422,170.0500030517578,137.58279418945312,1024500.0
2014-06-30,259788000.0,-53213000.0,206575000.0,-141195000.0,-9558000.0,-101292000.0,65380000.0,-33708000.0,-42151000.0,31672000,-27026000.0,4646000,4646000,2521000,1207000,17946000.0,66522000.0,114060000.0,10017731000.0,106358000.0,1110214000.0,11234303000.0,11348363000,219039000.0,4999004000.0,5352615000.0,0.0,5352615000,6414264000.0,5995748000.0,11348363000,4646000.0,101292000.0,-3221000.0,-5621000.0,97096000.0,-146177000.0,-4001000.0,-18350000.0,-675547000.0,1427000.0,322639000.0,125065000.0,436126000.0,-1972000,2014-06-30,184.5500030517578,185.66000366210938,183.3600006103516,184.91000366210938,150.6651611328125,819600.0
2014-09-30,270873000.0,-56294000.0,214579000.0,-145533000.0,-11479000.0,-102286000.0,69046000.0,-37928000.0,-45830000.0,31118000,27464000.0,58582000,58582000,54862000,53566000,17877000.0,22973000.0,110973000.0,10274724000.0,108147000.0,1172718000.0,11555589000.0,11666562000,254769000.0,5003497000.0,5551677000.0,0.0,5551677000,6569448000.0,6114885000.0,11666562000,58581000.0,102286000.0,-33611000.0,41915000.0,169171000.0,-410843000.0,-1175000.0,-70239000.0,-416198000.0,-82439000.0,165648000.0,172153000.0,246958000.0,-69000,2014-09-30,180.0399932861328,180.6499938964844,178.27000427246094,178.75,146.7064971923828,330400.0
2014-12-31,279268000.0,-58199000.0,221069000.0,-149381000.0,-12258000.0,-106702000.0,71688000.0,-25575000.0,-47529000.0,46113000,-1309000.0,44804000,44804000,41487000,40174000,25610000.0,24923000.0,120672000.0,10165271000.0,117240000.0,1123549000.0,11406060000.0,11526732000,223383000.0,4837865000.0,5367408000.0,0.0,5367408000,6651171000.0,6159324000.0,11526732000,44805000.0,106702000.0,-3630000.0,-12726000.0,135151000.0,-76864000.0,-5000000.0,-673564000.0,5179000.0,-83174000.0,-130096000.0,86428000.0,-132597000.0,7733000,2014-12-31,211.16000366210938,211.91000366210938,206.3500061035156,206.6000061035156,170.61270141601562,251600.0
2015-03-31,282873000.0,-55618000.0,227255000.0,-149005000.0,-10545000.0,-106907000.0,78250000.0,-39036000.0,-47546000.0,39214000,25539000.0,64753000,64753000,60677000,59363000,219200000.0,28954000.0,284184000.0,10518423000.0,128502000.0,1154050000.0,11800975000.0,12085159000,260974000.0,5436053000.0,5759387000.0,0.0,5759387000,6848261000.0,6325772000.0,12085159000,64753000.0,106907000.0,-34746000.0,25635000.0,162549000.0,-325451000.0,-7250000.0,-90163000.0,-286856000.0,-83663000.0,219732000.0,190205000.0,316090000.0,193590000,2015-03-31,233.25,235.02999877929688,229.75,229.8999938964844,191.03306579589844,412000.0
2015-06-30,296162000.0,-57400000.0,238762000.0,-155957000.0,-9549000.0,-113731000.0,82805000.0,-43076000.0,-50802000.0,39729000,10813000.0,50542000,50542000,46868000,45555000,30242000.0,25676000.0,90828000.0,10731813000.0,121244000.0,1101119000.0,11954176000.0,12045004000,245938000.0,5340569000.0,5676534000.0,0.0,5676534000,6941635000.0,6368470000.0,12045004000,50542000.0,113731000.0,-13804000.0,-25970000.0,124499000.0,-178285000.0,0.0,-123073000.0,-288298000.0,-93356000.0,-27013000.0,100805000.0,-27357000.0,-188958000,2015-06-30,212.3600006103516,214.47000122070312,209.88999938964844,212.5,177.77488708496094,415200.0
2015-09-30,304626000.0,-60528000.0,244098000.0,-161028000.0,-11129000.0,-116308000.0,83070000.0,-35507000.0,-50053000.0,47563000,-381000.0,47182000,47182000,43637000,42323000,35668000.0,22668000.0,94974000.0,10697866000.0,133058000.0,1086819000.0,11917743000.0,12012717000,277752000.0,5315409000.0,5656305000.0,0.0,5656305000,6980449000.0,6356412000.0,12012717000,47182000.0,116308000.0,931000.0,36439000.0,200860000.0,-71756000.0,-7050000.0,-21608000.0,-85167000.0,-94981000.0,-49531000.0,38998000.0,-110267000.0,5426000,2015-09-30,221.0500030517578,223.8500061035156,220.6000061035156,223.4199981689453,188.1504821777344,476200.0
2015-12-31,310746000.0,-61407000.0,249339000.0,-156078000.0,-8867000.0,-116477000.0,93261000.0,-46204000.0,-56426000.0,47057000,38705000.0,85762000,85762000,80938000,79624000,29683000.0,19285000.0,142340000.0,10650782000.0,137485000.0,1077777000.0,11866044000.0,12008384000,231681000.0,5303757000.0,5625909000.0,0.0,5625909000,7003323000.0,6382475000.0,12008384000,85762000.0,116477000.0,-29154000.0,-42825000.0,130260000.0,-254757000.0,0.0,-8759000.0,-65235000.0,-95257000.0,5316000.0,28669000.0,-71010000.0,-5985000,2015-12-31,243.3600006103516,243.9199981689453,239.3000030517578,239.41000366210938,202.81182861328125,341100.0
2016-03-31,314202000.0,-60071000.0,254131000.0,-153308000.0,-9182000.0,-109707000.0,100823000.0,-32190000.0,-52466000.0,68633000,18274000.0,86907000,86907000,81836000,77981000,48164000.0,18198000.0,98681000.0,10720586000.0,138597000.0,1109620000.0,11968803000.0,12067484000,281853000.0,5188520000.0,5706291000.0,0.0,5706291000,7010187000.0,6361193000.0,12067484000,86907000.0,109707000.0,-32374000.0,36370000.0,200610000.0,-162804000.0,-1344000.0,-50591000.0,-80759000.0,-95476000.0,-4008000.0,5098000.0,-101370000.0,18481000,2016-03-31,232.1699981689453,234.77999877929688,231.13999938964844,233.8600006103516,199.50863647460938,483600.0
2016-06-30,321590000.0,-61538000.0,260052000.0,-153912000.0,-9698000.0,-109673000.0,106140000.0,-31863000.0,-55568000.0,74277000,2547000.0,76824000,76824000,72013000,72013000,182515000.0,20448000.0,235824000.0,10668226000.0,152263000.0,1150378000.0,11970867000.0,12206691000,255380000.0,5618286000.0,5947084000.0,0.0,5947084000,7017968000.0,6259607000.0,12206691000,76824000.0,109673000.0,-6963000.0,-29791000.0,149743000.0,-57172000.0,-15008000.0,-46107000.0,-100373000.0,-106012000.0,271451000.0,6383000.0,84981000.0,134351000,2016-06-30,225.0,228.08999633789062,222.80999755859366,228.08999633789062,196.0212554931641,385000.0
2016-09-30,329171000.0,-63781000.0,265390000.0,-155694000.0,-9647000.0,-110467000.0,109696000.0,-42182000.0,-56693000.0,67514000,2648000.0,70162000,70162000,65561000,65561000,195167000.0,22941000.0,233996000.0,10614884000.0,153703000.0,1174613000.0,11943200000.0,12177196000,295408000.0,5584687000.0,5949185000.0,0.0,5949185000,7024833000.0,6228011000.0,12177196000,70162000.0,110467000.0,5057000.0,44458000.0,230144000.0,-66139000.0,-2427000.0,-25274000.0,-83683000.0,-104796000.0,-27302000.0,6015000.0,-133809000.0,12652000,2016-09-30,227.3000030517578,227.47000122070312,222.6499938964844,222.6999969482422,192.74038696289062,376700.0
2016-12-31,329038000.0,-64375000.0,264663000.0,-158681000.0,-12224000.0,-111835000.0,105982000.0,-37416000.0,-54927000.0,68566000,135951000.0,204517000,204517000,195569000,195569000,64921000.0,40970000.0,211272000.0,10657222000.0,139189000.0,1209725000.0,12006136000.0,12217408000,248396000.0,5438260000.0,5880487000.0,0.0,5880487000,7029685000.0,6336921000.0,12217408000,204517000.0,111835000.0,-133254000.0,-51774000.0,131324000.0,-248824000.0,0.0,-62017000.0,-155509000.0,-104850000.0,7121000.0,24000.0,-106061000.0,-130246000,2016-12-30,229.1699981689453,234.07000732421875,228.27999877929688,232.5,202.63604736328125,441600.0
2017-03-31,335404000.0,-63645000.0,271759000.0,-161972000.0,-10601000.0,-115503000.0,109787000.0,-36920000.0,-54583000.0,72867000,114684000.0,187551000,187551000,178964000,178964000,84344000.0,50855000.0,151107000.0,11032369000.0,138977000.0,1124974000.0,12296320000.0,12447427000,305351000.0,5426274000.0,6013009000.0,0.0,6013009000,7035184000.0,6434418000.0,12447427000,187551000.0,115503000.0,-118431000.0,38650000.0,223273000.0,-241499000.0,-20939000.0,-120816000.0,-90426000.0,-104857000.0,-6787000.0,5729000.0,-113424000.0,19423000,2017-03-31,232.02999877929688,233.7899932861328,230.8999938964844,231.52999877929688,203.31768798828125,462900.0
2017-06-30,339062000.0,-55859000.0,283203000.0,-170682000.0,-10337000.0,-117939000.0,112521000.0,-41142000.0,-56812000.0,71379000,4416000.0,75795000,75795000,70759000,70759000,183885000.0,54660000.0,254536000.0,10987356000.0,151995000.0,1131064000.0,12270415000.0,12524951000,260493000.0,5663395000.0,6041843000.0,0.0,6041843000,7131053000.0,6483108000.0,12524951000,75795000.0,117939000.0,16000.0,-42924000.0,150826000.0,-59748000.0,-12676000.0,-23783000.0,-174788000.0,-114761000.0,67115000.0,96877000.0,34113000.0,10151000,2017-06-30,260.3099975585937,262.66000366210943,257.16000366210943,257.26998901367193,227.44903564453125,406200.0
2017-09-30,344369000.0,-59033000.0,285336000.0,-172343000.0,-9788000.0,-117451000.0,112993000.0,-30421000.0,-55938000.0,82572000,2463000.0,85035000,85035000,79723000,79723000,46507000.0,121557000.0,184830000.0,10967089000.0,184574000.0,1176030000.0,12327693000.0,12512523000,343618000.0,5612613000.0,6088585000.0,0.0,6088585000,7111872000.0,6423938000.0,12512523000,85035000.0,117451000.0,-2897000.0,52617000.0,252206000.0,-91094000.0,-32053000.0,-86953000.0,-222816000.0,-115492000.0,-44778000.0,1850000.0,-165993000.0,-136603000,2017-09-29,252.3699951171875,254.08999633789062,251.58999633789062,254.02999877929688,226.15879821777344,312900.0
2017-12-31,345064000.0,-80695000.0,264369000.0,-151579000.0,-10659000.0,-117988000.0,112790000.0,-3362000.0,-55561000.0,109428000,234000.0,109662000,109662000,103613000,103613000,44620000.0,100926000.0,162052000.0,10948511000.0,190004000.0,1195139000.0,12333654000.0,12495706000,248921000.0,5510126000.0,6059675000.0,0.0,6059675000,7129578000.0,6436031000.0,12495706000,109662000.0,117988000.0,-15327000.0,-72477000.0,139846000.0,-92500000.0,-2225000.0,-61811000.0,10791000.0,-115515000.0,75271000.0,11234000.0,-63909000.0,86728000,2017-12-29,241.6199951171875,242.13999938964844,240.16000366210938,241.3699951171875,216.4580993652344,256600.0
2018-03-31,347255000.0,-57250000.0,290005000.0,-179401000.0,-14813000.0,-119105000.0,110604000.0,-16178000.0,-54861000.0,94426000,2213000.0,96639000,96639000,90918000,90918000,121954000.0,70525000.0,209603000.0,10884315000.0,197745000.0,1351004000.0,12433064000.0,12642667000,308679000.0,5718970000.0,6109349000.0,0.0,6109349000,7127255000.0,6533318000.0,12642667000,96639000.0,119105000.0,5128000.0,48780000.0,269652000.0,-71916000.0,-13437000.0,-56020000.0,-100283000.0,-115603000.0,36025000.0,-2619000.0,-91417000.0,77952000,2018-03-29,240.41000366210938,242.63999938964844,235.3300018310547,240.67999267578125,217.5690460205078,432100.0
2018-06-30,348723000.0,-58156000.0,290567000.0,-174227000.0,-11125000.0,-119330000.0,116340000.0,-34334000.0,-56278000.0,82006000,24404000.0,106410000,106410000,100440000,100440000,160902000.0,68386000.0,245962000.0,10754843000.0,207191000.0,1347658000.0,12309692000.0,12555654000,261803000.0,5688423000.0,6044714000.0,0.0,6044714000,7131816000.0,6510940000.0,12555654000,106410000.0,119330000.0,-17798000.0,-51440000.0,156502000.0,-76304000.0,-14558000.0,-41806000.0,38642000.0,-122851000.0,-24411000.0,356000.0,-156646000.0,38498000,2018-06-29,234.7899932861328,239.9499969482422,232.8600006103516,239.07000732421875,217.8525390625,737900.0
2018-09-30,350917000.0,-59100000.0,291817000.0,-177889000.0,-10601000.0,-120852000.0,113928000.0,-29971000.0,-55196000.0,83957000,2153000.0,86110000,86110000,80975000,80975000,157279000.0,69166000.0,243792000.0,10745238000.0,210596000.0,1318517000.0,12274351000.0,12518143000,314257000.0,5633672000.0,6045450000.0,0.0,6045450000,7133594000.0,6472693000.0,12518143000,86110000.0,120852000.0,-2746000.0,54783000.0,258999000.0,-101000000.0,-1135000.0,-2376000.0,-78199000.0,-122856000.0,-54158000.0,757000.0,-183750000.0,-2950000,2018-09-28,241.7400054931641,246.91000366210938,241.7400054931641,246.7100067138672,226.5696258544922,694100.0
