Report Date,Revenue,Cost of Revenue,Gross Profit,Operating Expenses,Operating Income (Loss),Non-Operating Income (Loss),"Interest Expense, Net","Pretax Income (Loss), Adj.",Abnormal Gains (Losses),Pretax Income (Loss),"Income Tax (Expense) Benefit, Net",Income (Loss) from Continuing Operations,Net Extraordinary Gains (Losses),Net Income,Net Income (Common),"Cash, Cash Equivalents & Short Term Investments",Accounts & Notes Receivable,Inventories,Total Current Assets,"Property, Plant & Equipment, Net",Other Long Term Assets,Total Noncurrent Assets,Total Assets,Payables & Accruals,Short Term Debt,Total Current Liabilities,Long Term Debt,Total Noncurrent Liabilities,Total Liabilities,Share Capital & Additional Paid-In Capital,Treasury Stock,Retained Earnings,Total Equity,Total Liabilities & Equity,Net Income/Starting Line,Depreciation & Amortization.1,Non-Cash Items,Change in Working Capital,Net Cash from Operating Activities,Change in Fixed Assets & Intangibles,Net Cash from Acquisitions & Divestitures,Net Cash from Investing Activities,Dividends Paid,Cash from (Repayment of) Debt,Cash from (Repurchase of) Equity,Net Cash from Financing Activities,Net Change in Cash,Price Date,Open,High,Low,Close,Adj Close,Volume
2009-06-30,39108000000.0,-18804000000.0,20304000000.0,-8933000000.0,11371000000.0,-5432000000.0,-4653000000.0,5939000000,-2817000000.0,3122000000,-227000000.0,2895000000,-194000000.0,2689000000,2614000000,97530000000.0,385312000000.0,13307000000.0,496149000000.0,72937000000.0,209082000000.0,282019000000.0,778168000000,19194000000.0,174644000000.0,224913000000.0,339420000000.0,432796000000.0,657709000000,39073000000.0,-33554000000.0,123166000000.0,120459000000.0,778168000000,2883000000.0,2504000000.0,2195000000.0,-1848000000.0,5735000000.0,-477000000.0,1166000000.0,11159000000.0,-3355000000.0,-3986000000.0,239000000.0,-11561000000.0,5488000000,2009-06-30,91.07691955566406,91.84615325927734,88.84615325927734,90.15384674072266,65.845458984375,11398738.0
2009-09-30,37799000000.0,-18548000000.0,19251000000.0,-9354000000.0,9897000000.0,-5054000000.0,-4322000000.0,4843000000,-2868000000.0,1975000000,484000000.0,2459000000,40000000.0,2494000000,2419000000,114135000000.0,374640000000.0,13092000000.0,501867000000.0,72993000000.0,212986000000.0,285979000000.0,787846000000,18931000000.0,160115000000.0,210786000000.0,358092000000.0,451251000000.0,662037000000,38563000000.0,-32803000000.0,124530000000.0,125809000000.0,787846000000,2454000000.0,2658000000.0,4299000000.0,-999000000.0,8394000000.0,-265000000.0,623000000.0,7837000000.0,-1140000000.0,-6070000000.0,14000000.0,-6999000000.0,9058000000,2009-09-30,129.46153259277344,129.69230651855472,125.46154022216795,126.30769348144531,92.79690551757812,15699268.0
2009-12-31,39093000000.0,-20503000000.0,18590000000.0,-9730000000.0,8860000000.0,-4155000000.0,-3395000000.0,4705000000,-2564000000.0,2141000000,576000000.0,2717000000,394000000.0,3013000000,2938000000,121831000000.0,349761000000.0,11987000000.0,483579000000.0,68970000000.0,229352000000.0,298322000000.0,781901000000,20668000000.0,129869000000.0,179998000000.0,336172000000.0,476767000000.0,656765000000,38431000000.0,-32238000000.0,126363000000.0,125136000000.0,781901000000,2619000000.0,2724000000.0,-495000000.0,3974000000.0,10489000000.0,-38000000.0,-1546000000.0,7339000000.0,-1141000000.0,-6733000000.0,125000000.0,-7945000000.0,10886000000,2009-12-31,117.46154022216795,118.0,116.38461303710938,116.38461303710938,86.06248474121094,5789108.0
2010-03-31,36204000000.0,-17512000000.0,18692000000.0,-8928000000.0,9764000000.0,-4770000000.0,-4023000000.0,4994000000,-2187000000.0,2807000000,-443000000.0,2364000000,-366000000.0,1945000000,1870000000,111177000000.0,374661000000.0,11751000000.0,497589000000.0,68016000000.0,211750000000.0,279766000000.0,777355000000,14498000000.0,123931000000.0,201106000000.0,317606000000.0,453298000000.0,654404000000,38290000000.0,-31757000000.0,125446000000.0,122951000000.0,777355000000,2311000000.0,2465000000.0,2516000000.0,-318000000.0,7094000000.0,312000000.0,1824000000.0,19009000000.0,-1143000000.0,-25731000000.0,80000000.0,-28039000000.0,-2692000000,2010-03-31,140.07691955566406,141.23077392578125,139.46153259277344,140.0,104.17149353027344,7698145.0
2010-06-30,36928000000.0,-17195000000.0,19733000000.0,-8886000000.0,10847000000.0,-4668000000.0,-3946000000.0,6179000000,-2007000000.0,4172000000,-866000000.0,3306000000,-101000000.0,3109000000,3034000000,115950000000.0,350311000000.0,11366000000.0,477627000000.0,65358000000.0,206945000000.0,272303000000.0,749930000000,14230000000.0,120154000000.0,192976000000.0,298701000000.0,436229000000.0,629205000000,38059000000.0,-31235000000.0,127436000000.0,120725000000.0,749930000000,3197000000.0,2373000000.0,21000000.0,3647000000.0,9433000000.0,-810000000.0,835000000.0,8725000000.0,-1144000000.0,-11671000000.0,98000000.0,-12795000000.0,4214000000,2010-06-30,111.30769348144531,113.0,110.38461303710938,110.92308044433594,83.05992126464844,10603866.0
2010-09-30,35373000000.0,-16627000000.0,18746000000.0,-8963000000.0,9783000000.0,-4563000000.0,-3822000000.0,5220000000,-1637000000.0,3583000000,-319000000.0,3264000000,-1052000000.0,2055000000,1980000000,124082000000.0,348704000000.0,11997000000.0,484783000000.0,65538000000.0,208503000000.0,274041000000.0,758824000000,14617000000.0,114879000000.0,185905000000.0,307517000000.0,452309000000.0,638214000000,37684000000.0,-31510000000.0,128126000000.0,120610000000.0,758824000000,3107000000.0,2611000000.0,1462000000.0,2233000000.0,9948000000.0,-795000000.0,-448000000.0,6808000000.0,-1147000000.0,-11037000000.0,-616000000.0,-12892000000.0,4544000000,2010-09-30,126.61538696289062,128.38461303710938,124.23076629638672,125.0,94.29328155517578,7670325.0
2010-12-31,41062000000.0,-20379000000.0,20683000000.0,-11256000000.0,9427000000.0,-4548000000.0,-3746000000.0,4879000000,-1254000000.0,3625000000,589000000.0,4214000000,550000000.0,4535000000,4460000000,122881000000.0,329204000000.0,11526000000.0,463611000000.0,66212000000.0,217970000000.0,284182000000.0,747793000000,16219000000.0,117959000000.0,186734000000.0,293323000000.0,436861000000.0,623595000000,37592000000.0,-31938000000.0,131137000000.0,124198000000.0,747793000000,3998000000.0,2337000000.0,4016000000.0,281000000.0,9649000000.0,-1299000000.0,2149000000.0,-2106000000.0,-1356000000.0,-5079000000.0,-825000000.0,-7860000000.0,575000000,2010-12-31,139.61538696289062,141.15383911132812,139.46153259277344,140.69230651855472,106.96732330322266,3519633.0
2011-03-31,38329000000.0,-16716000000.0,21613000000.0,-8507000000.0,13106000000.0,-4532000000.0,-3796000000.0,8574000000,-1140000000.0,7434000000,-3942000000.0,3492000000,35000000.0,3433000000,3358000000,127062000000.0,327757000000.0,13327000000.0,468146000000.0,67504000000.0,192187000000.0,259691000000.0,727837000000,15747000000.0,110347000000.0,182413000000.0,287642000000.0,419635000000.0,602048000000,37485000000.0,-31952000000.0,133003000000.0,125789000000.0,727837000000,3398000000.0,2292000000.0,-260000000.0,2049000000.0,7696000000.0,-1396000000.0,4361000000.0,17285000000.0,-1564000000.0,-17076000000.0,-394000000.0,-22571000000.0,3238000000,2011-03-31,154.46153259277344,155.0,153.53846740722656,154.23077392578125,118.0720443725586,5322226.0
2011-06-30,35623000000.0,-17417000000.0,18206000000.0,-8362000000.0,9844000000.0,-4516000000.0,-3770000000.0,5328000000,-792000000.0,4536000000,-892000000.0,3644000000,194000000.0,3764000000,3689000000,136393000000.0,320084000000.0,14616000000.0,471093000000.0,68846000000.0,199191000000.0,268037000000.0,739130000000,15765000000.0,123489000000.0,196125000000.0,277855000000.0,412608000000.0,608733000000,37302000000.0,-31871000000.0,135098000000.0,130397000000.0,739130000000,3570000000.0,2302000000.0,-978000000.0,2093000000.0,7444000000.0,-1637000000.0,388000000.0,3489000000.0,-1564000000.0,-2430000000.0,-301000000.0,-3695000000.0,8890000000,2011-06-30,143.0,145.38461303710938,142.76922607421875,145.07691955566406,111.97759246826172,5855122.0
2011-09-30,35364000000.0,-16759000000.0,18605000000.0,-9427000000.0,9178000000.0,-4450000000.0,-3731000000.0,4728000000,-961000000.0,3767000000,-437000000.0,3330000000,-65000000.0,3224000000,2343000000,137826000000.0,313025000000.0,15021000000.0,465872000000.0,66094000000.0,205734000000.0,271828000000.0,737700000000,16150000000.0,127327000000.0,203610000000.0,268270000000.0,407317000000.0,610927000000,34532000000.0,-32264000000.0,135857000000.0,126773000000.0,737700000000,3289000000.0,2350000000.0,1918000000.0,1379000000.0,9083000000.0,-1381000000.0,1628000000.0,1643000000.0,-1668000000.0,-7381000000.0,-886000000.0,-9020000000.0,287000000,2011-09-30,120.38461303710938,121.0,116.84615325927734,117.07691955566406,91.23248291015624,9851348.0
2011-12-31,37226000000.0,-17386000000.0,19840000000.0,-10545000000.0,9295000000.0,-3836000000.0,-3125000000.0,5459000000,-1037000000.0,4422000000,-474000000.0,3948000000,-135000000.0,3730000000,3730000000,131875000000.0,307957000000.0,13792000000.0,453624000000.0,65739000000.0,198826000000.0,264565000000.0,718189000000,18197000000.0,137611000000.0,211211000000.0,243459000000.0,388844000000.0,600055000000,34395000000.0,-31769000000.0,137786000000.0,118134000000.0,718189000000,3865000000.0,2042000000.0,3046000000.0,-244000000.0,9136000000.0,-2356000000.0,248000000.0,-2535000000.0,-1662000000.0,-9021000000.0,-3175000000.0,-11577000000.0,-6878000000,2011-12-30,138.69230651855472,139.07691955566406,137.53846740722656,137.76922607421878,108.39869689941406,4083014.0
2012-03-31,35080000000.0,-17869000000.0,17211000000.0,-8330000000.0,8881000000.0,-4084000000.0,-3347000000.0,4797000000,-863000000.0,3934000000,-665000000.0,3269000000,-197000000.0,3034000000,3034000000,131479000000.0,299604000000.0,15212000000.0,446295000000.0,66000000000.0,195424000000.0,261424000000.0,707719000000,18830000000.0,138659000000.0,212736000000.0,233487000000.0,373395000000.0,586131000000,34296000000.0,-31315000000.0,139019000000.0,121588000000.0,707719000000,3231000000.0,2220000000.0,915000000.0,127000000.0,6466000000.0,-1467000000.0,-106000000.0,5319000000.0,-1799000000.0,-9070000000.0,127000000.0,-13599000000.0,-852000000,2012-03-30,154.38461303710938,154.84616088867188,153.46153259277344,154.38461303710938,122.54635620117188,5325671.0
2012-06-30,36397000000.0,-19199000000.0,17198000000.0,-8404000000.0,8794000000.0,-3864000000.0,-3202000000.0,4930000000,-743000000.0,4187000000,-496000000.0,3691000000,-553000000.0,3105000000,3105000000,122226000000.0,291839000000.0,15440000000.0,429505000000.0,66660000000.0,197956000000.0,264616000000.0,694121000000,18516000000.0,126319000000.0,200480000000.0,229817000000.0,369742000000.0,570222000000,34200000000.0,-31682000000.0,140324000000.0,123899000000.0,694121000000,3658000000.0,2192000000.0,498000000.0,1343000000.0,7751000000.0,-3114000000.0,-171000000.0,-681000000.0,-1802000000.0,-14476000000.0,1595000000.0,-15132000000.0,-9362000000,2012-06-29,157.07691955566406,160.3076934814453,157.07691955566406,160.3076934814453,128.69230651855472,9492886.0
2012-09-30,36254000000.0,-18509000000.0,17745000000.0,-8871000000.0,8874000000.0,-3728000000.0,-2972000000.0,5146000000,-1122000000.0,4024000000,-557000000.0,3467000000,41000000.0,3491000000,3491000000,134180000000.0,289558000000.0,16022000000.0,439760000000.0,67388000000.0,191732000000.0,259120000000.0,698880000000,17636000000.0,120435000000.0,193894000000.0,234673000000.0,376970000000.0,570864000000,33821000000.0,-32974000000.0,142026000000.0,128016000000.0,698880000000,3450000000.0,2287000000.0,-240000000.0,255000000.0,5861000000.0,-1083000000.0,193000000.0,7897000000.0,-1800000000.0,-4051000000.0,-42000000.0,-4175000000.0,11164000000,2012-09-28,175.15383911132812,176.61538696289062,174.0,174.6923065185547,141.3109893798828,9220393.0
2012-12-31,38953000000.0,-18733000000.0,20220000000.0,-10292000000.0,9928000000.0,-3588000000.0,-2886000000.0,6340000000,-1104000000.0,5236000000,-816000000.0,4420000000,-274000000.0,4011000000,4011000000,125778000000.0,285004000000.0,15374000000.0,426156000000.0,68633000000.0,190210000000.0,258843000000.0,684999000000,17634000000.0,101392000000.0,174921000000.0,236084000000.0,381608000000.0,556529000000,33772000000.0,-34571000000.0,144055000000.0,128470000000.0,684999000000,4285000000.0,2493000000.0,1507000000.0,2794000000.0,11253000000.0,-3271000000.0,2473000000.0,-1233000000.0,-1788000000.0,-15557000000.0,-1884000000.0,-18168000000.0,-8113000000,2012-12-31,156.07691955566406,161.53846740722656,155.84616088867188,161.46153259277344,131.80036926269528,7642050.0
2013-03-31,34943000000.0,-17315000000.0,17628000000.0,-8766000000.0,8862000000.0,-3266000000.0,-2603000000.0,5596000000,-1457000000.0,4139000000,-508000000.0,3631000000,-120000000.0,3527000000,3527000000,138110000000.0,278120000000.0,16281000000.0,432511000000.0,68411000000.0,169768000000.0,238179000000.0,670690000000,18101000000.0,83127000000.0,158996000000.0,234299000000.0,382644000000.0,541640000000,33763000000.0,-35993000000.0,145608000000.0,129050000000.0,670690000000,3647000000.0,2309000000.0,-54000000.0,-1191000000.0,4610000000.0,-2815000000.0,23354000000.0,31485000000.0,-1983000000.0,-15793000000.0,-1733000000.0,-22956000000.0,12425000000,2013-03-28,178.0,178.46153259277344,176.84616088867188,177.84616088867188,146.36300659179688,4049630.0
2013-06-30,35059000000.0,-18491000000.0,16568000000.0,-8538000000.0,8030000000.0,-3287000000.0,-2600000000.0,4743000000,-1010000000.0,3733000000,-310000000.0,3423000000,-124000000.0,3133000000,3133000000,132459000000.0,276504000000.0,16762000000.0,425725000000.0,68762000000.0,166054000000.0,234816000000.0,660541000000,18176000000.0,77184000000.0,152438000000.0,231285000000.0,379292000000.0,531730000000,33674000000.0,-39502000000.0,146800000000.0,128811000000.0,660541000000,3257000000.0,2266000000.0,745000000.0,1106000000.0,7321000000.0,-1842000000.0,545000000.0,5460000000.0,-1972000000.0,-7512000000.0,-2877000000.0,-13862000000.0,-1078000000,2013-06-28,179.38461303710938,180.3076934814453,178.15383911132812,178.38461303710938,147.9785919189453,5970016.0
2013-09-30,35661000000.0,-19455000000.0,16206000000.0,-8680000000.0,7526000000.0,-3117000000.0,-2445000000.0,4409000000,-789000000.0,3620000000,-348000000.0,3272000000,-91000000.0,3191000000,3191000000,130397000000.0,273447000000.0,17943000000.0,421787000000.0,68741000000.0,170910000000.0,239651000000.0,661438000000,18371000000.0,80496000000.0,155624000000.0,226872000000.0,376769000000.0,532393000000,33513000000.0,-41025000000.0,148067000000.0,129045000000.0,661438000000,3282000000.0,2577000000.0,522000000.0,-1256000000.0,5231000000.0,-1353000000.0,-7716000000.0,-4923000000.0,-1940000000.0,-639000000.0,-1896000000.0,-2179000000.0,-2198000000,2013-09-30,183.6923065185547,185.23077392578125,183.23077392578125,183.76922607421875,153.61949157714844,4594668.0
2013-12-31,7582000000.0,-24580000000.0,-16998000000.0,7211000000.0,-9787000000.0,4139000000.0,4778000000.0,-5648000000,3256000000.0,-2392000000,-53000000.0,-2445000000,5810000000.0,3207000000,3207000000,132536000000.0,272442000000.0,17325000000.0,422303000000.0,68827000000.0,165430000000.0,234257000000.0,656560000000,18691000000.0,77890000000.0,153211000000.0,221665000000.0,366566000000.0,519777000000,33196000000.0,-42561000000.0,149051000000.0,136783000000.0,656560000000,-2604000000.0,-1950000000.0,-4753000000.0,6494000000.0,11347000000.0,1972000000.0,-5164000000.0,-2905000000.0,-1926000000.0,-5372000000.0,-1782000000.0,-6578000000.0,2107000000,2013-12-31,214.61538696289062,216.0769195556641,214.0769195556641,215.61538696289062,181.69918823242188,3939871.0
2014-03-31,33548000000.0,-18522000000.0,15026000000.0,-7962000000.0,7064000000.0,-2761000000.0,-2141000000.0,4303000000,-984000000.0,3319000000,-619000000.0,2700000000,252000000.0,2999000000,2999000000,132712000000.0,266989000000.0,18881000000.0,418582000000.0,67743000000.0,165927000000.0,233670000000.0,652252000000,19412000000.0,76121000000.0,150683000000.0,220992000000.0,363550000000.0,514233000000,33246000000.0,-43401000000.0,149840000000.0,138019000000.0,652252000000,2747000000.0,2189000000.0,-1045000000.0,718000000.0,4961000000.0,-2097000000.0,-1202000000.0,1792000000.0,-2223000000.0,-6079000000.0,-1337000000.0,-8501000000.0,-1675000000,2014-03-31,200.1538391113281,200.61538696289062,198.53846740722656,199.1538391113281,169.2934112548828,4171557.0
2014-06-30,32260000000.0,-20006000000.0,12254000000.0,-6273000000.0,5981000000.0,-1957000000.0,-1299000000.0,4024000000,-948000000.0,3076000000,-192000000.0,2884000000,661000000.0,3545000000,3545000000,133324000000.0,261724000000.0,19706000000.0,414754000000.0,67900000000.0,169215000000.0,237115000000.0,651869000000,19769000000.0,73531000000.0,148743000000.0,216845000000.0,363059000000.0,511802000000,33231000000.0,-43234000000.0,151174000000.0,140067000000.0,651869000000,2438000000.0,206000000.0,679000000.0,-1630000000.0,5249000000.0,-110000000.0,-83000000.0,-1910000000.0,-2209000000.0,-5457000000.0,-44000000.0,-3865000000.0,-403000000,2014-06-30,203.38461303710938,203.46153259277344,201.6923065185547,202.1538391113281,173.2611083984375,3855943.0
2014-09-30,32107000000.0,-19740000000.0,12367000000.0,-6318000000.0,6049000000.0,-1987000000.0,-1325000000.0,4062000000,-858000000.0,3204000000,-401000000.0,2803000000,706000000.0,3537000000,3537000000,137455000000.0,257111000000.0,19431000000.0,413997000000.0,65460000000.0,170564000000.0,236024000000.0,650021000000,18967000000.0,69916000000.0,144193000000.0,213179000000.0,362317000000.0,506510000000,33616000000.0,-43005000000.0,152497000000.0,143511000000.0,650021000000,2831000000.0,1425000000.0,1752000000.0,-1142000000.0,6035000000.0,-340000000.0,34000000.0,-1801000000.0,-2211000000.0,-2582000000.0,22000000.0,1287000000.0,3965000000,2014-09-30,195.0769195556641,197.6923065185547,194.84616088867188,197.0769195556641,170.33631896972656,5304104.0
2014-12-31,19269000000.0,-25436000000.0,-6167000000.0,2590000000.0,-3577000000.0,1452000000.0,2042000000.0,-2125000000,2790000000.0,665000000,439000000.0,1104000000,4236000000.0,5153000000,5153000000,105530000000.0,42943000000.0,17689000000.0,166162000000.0,48070000000.0,440723000000.0,488793000000.0,654955000000,14384000000.0,70425000000.0,116072000000.0,186596000000.0,401951000000.0,518023000000,33591000000.0,-42593000000.0,155333000000.0,136930000000.0,654953000000,1362000000.0,1133000000.0,-2268000000.0,4637000000.0,11463000000.0,-1664000000.0,22000000.0,-3114000000.0,-2209000000.0,-16072000000.0,141000000.0,-5877000000.0,340000000,2014-12-31,195.53846740722656,196.3076934814453,194.38461303710938,194.38461303710938,169.5910186767578,3666845.0
2016-12-31,28864000000.0,-23942000000.0,4922000000.0,-4104000000.0,818000000.0,2443000000.0,-1002000000.0,3261000000,-2365000000.0,896000000,1435000000.0,2331000000,0.0,2337000000,2155000000,92442000000.0,42262000000.0,22354000000.0,157058000000.0,50518000000.0,157605000000.0,208123000000.0,365181000000,16542000000.0,30714000000.0,81997000000.0,105080000000.0,202672000000.0,284669000000,37926000000.0,-83038000000.0,139532000000.0,80515000000.0,365184000000,2047000000.0,3429000000.0,-10317000000.0,8501000000.0,3036000000.0,-1069000000.0,5383000000.0,7631000000.0,-2195000000.0,-8068000000.0,-3460000000.0,-15570000000.0,-5880000000,2016-12-30,243.3076934814453,244.61538696289062,242.38461303710938,243.0769195556641,226.26434326171875,3309176.0
2017-03-31,26881000000.0,-20230000000.0,6651000000.0,-4477000000.0,2174000000.0,-1576000000.0,-1139000000.0,598000000,-651000000.0,-53000000,105000000.0,52000000,-239000000.0,-83000000,-117000000,83513000000.0,39722000000.0,22701000000.0,145936000000.0,49016000000.0,156693000000.0,205709000000.0,351645000000,15807000000.0,28324000000.0,78479000000.0,99674000000.0,193936000000.0,272415000000,38150000000.0,-84833000000.0,137983000000.0,79228000000.0,351643000000,52000000.0,1732000000.0,-324000000.0,-884000000.0,-82000000.0,-658000000.0,-97000000.0,2710000000.0,-2084000000.0,-7563000000.0,-1578000000.0,-10277000000.0,-7516000000,2017-03-31,229.6923065185547,231.0769195556641,228.76922607421875,229.23077392578125,215.0777282714844,6603545.0
2017-06-30,29097000000.0,-21623000000.0,7474000000.0,-4285000000.0,3189000000.0,-1501000000.0,-1174000000.0,1688000000,-561000000.0,1127000000,38000000.0,1165000000,-146000000.0,1057000000,875000000,84017000000.0,39752000000.0,22843000000.0,146612000000.0,50167000000.0,158693000000.0,208860000000.0,355472000000,15373000000.0,30044000000.0,80016000000.0,103676000000.0,196481000000.0,276497000000,38170000000.0,-85617000000.0,137044000000.0,78977000000.0,355474000000,1165000000.0,1669000000.0,-247000000.0,-233000000.0,2117000000.0,-469000000.0,-1612000000.0,-402000000.0,-2248000000.0,3506000000.0,-1154000000.0,97000000.0,2217000000,2017-06-30,208.38461303710938,209.1538391113281,207.0,207.76922607421875,196.58575439453125,3413046.0
2017-09-30,30662000000.0,-23671000000.0,6991000000.0,-5002000000.0,1989000000.0,316000000.0,-1232000000.0,2305000000,-1558000000.0,747000000,551000000.0,1298000000,-106000000.0,1361000000,1325000000,78550000000.0,43361000000.0,25848000000.0,147759000000.0,54101000000.0,176177000000.0,230278000000.0,378037000000,17000000000.0,28127000000.0,80225000000.0,107557000000.0,200319000000.0,280544000000,39125000000.0,-85199000000.0,136696000000.0,97494000000.0,378038000000,1296000000.0,2027000000.0,248000000.0,-3121000000.0,855000000.0,-176000000.0,-296000000.0,435000000.0,-2085000000.0,-4493000000.0,112000000.0,-6142000000.0,-4137000000,2017-09-29,186.3076934814453,186.84616088867188,184.6923065185547,186.0,177.74673461914062,4377581.0
2017-12-31,31603000000.0,-25359000000.0,6244000000.0,-4887000000.0,1357000000.0,-12150000000.0,-1324000000.0,-10793000000,-2179000000.0,-12972000000,1917000000.0,-11055000000,182000000.0,-10819000000,-11003000000,82663000000.0,40846000000.0,19419000000.0,142928000000.0,53874000000.0,172441000000.0,226315000000.0,369243000000,16224000000.0,24036000000.0,81276000000.0,108575000000.0,211079000000.0,292355000000,38086000000.0,-84902000000.0,117245000000.0,76891000000.0,369246000000,-11053000000.0,2001000000.0,-1486000000.0,14159000000.0,3143000000.0,-322000000.0,610000000.0,3821000000.0,-2233000000.0,-402000000.0,70000000.0,-2824000000.0,3778000000,2017-12-29,132.84616088867188,134.84616088867188,132.84616088867188,134.23077392578122,129.16030883789062,9899435.0
2018-03-31,27788000000.0,-20911000000.0,6877000000.0,-4209000000.0,2668000000.0,-1708000000.0,-1282000000.0,960000000,-685000000.0,275000000,50000000.0,325000000,-1441000000.0,-1150000000,-1187000000,69285000000.0,39498000000.0,20574000000.0,129357000000.0,53650000000.0,175103000000.0,228753000000.0,358110000000,16120000000.0,19371000000.0,74868000000.0,105134000000.0,206501000000.0,281369000000,38041000000.0,-84697000000.0,115477000000.0,76742000000.0,358111000000,328000000.0,1874000000.0,420000000.0,-2305000000.0,312000000.0,-1166000000.0,41000000.0,-565000000.0,-1043000000.0,-10338000000.0,-8000000.0,-11899000000.0,-11944000000,2018-03-29,104.46154022216795,105.07691955566406,102.69230651855469,103.69230651855469,100.60112762451172,9686859.0
2018-06-30,30104000000.0,-22424000000.0,7680000000.0,-4556000000.0,3124000000.0,-1100000000.0,-1295000000.0,2024000000,-693000000.0,1331000000,-542000000.0,789000000,-121000000.0,800000000,615000000,64285000000.0,35686000000.0,20473000000.0,120444000000.0,50866000000.0,171459000000.0,222325000000.0,342769000000,16079000000.0,14419000000.0,67689000000.0,99832000000.0,199951000000.0,267640000000,38054000000.0,-84471000000.0,114913000000.0,75131000000.0,342771000000,901000000.0,1992000000.0,-825000000.0,-144000000.0,1636000000.0,-384000000.0,2356000000.0,3380000000.0,-1193000000.0,-7582000000.0,2000000.0,-9015000000.0,-4492000000,2018-06-29,106.38461303710938,106.92308044433594,104.38461303710938,104.69230651855469,102.47283172607422,9354709.0
2018-09-30,29573000000.0,-22846000000.0,6727000000.0,-4953000000.0,1774000000.0,-1732000000.0,-1227000000.0,42000000,-22780000000.0,-22738000000,-162000000.0,-22900000000,39000000.0,-22771000000,-22810000000,61693000000.0,34447000000.0,20642000000.0,116782000000.0,50638000000.0,144269000000.0,194907000000.0,311689000000,16802000000.0,15206000000.0,73216000000.0,97060000000.0,190252000000.0,263468000000,38013000000.0,-84202000000.0,90867000000.0,48223000000.0,311691000000,-22899000000.0,2482000000.0,22207000000.0,-4362000000.0,-2381000000.0,-726000000.0,3175000000.0,5024000000.0,-1046000000.0,-187000000.0,0.0,-3413000000.0,-925000000,2018-09-28,88.0,88.53845977783203,86.53845977783203,86.84615325927734,85.81523132324219,9954633.0
2018-12-31,9547000000.0,-3222000000.0,6325000000.0,-4754000000.0,1571000000.0,-695000000.0,-962000000.0,876000000,-731000000.0,145000000,561000000.0,706000000,160000000.0,767000000,581000000,68682000000.0,33857000000.0,18439000000.0,120978000000.0,49839000000.0,138767000000.0,188606000000.0,309584000000,16817000000.0,12821000000.0,67860000000.0,95234000000.0,189863000000.0,257723000000,36206000000.0,-83925000000.0,93109000000.0,51864000000.0,309587000000,590000000.0,-1929000000.0,-3592000000.0,8473000000.0,5412000000.0,-258000000.0,5415000000.0,10440000000.0,-1192000000.0,-3435000000.0,6000000.0,-7479000000.0,8185000000,2018-12-31,57.846153259277344,58.61538314819336,56.5384635925293,58.23077011108398,57.6186752319336,14086995.0
2019-03-31,27286000000.0,-20353000000.0,6933000000.0,-4227000000.0,2706000000.0,-866000000.0,-1133000000.0,1840000000,-566000000.0,1274000000,-222000000.0,1052000000,2592000000.0,3587000000,3547000000,73180000000.0,33423000000.0,19419000000.0,130038000000.0,50265000000.0,134781000000.0,185046000000.0,315084000000,17153000000.0,15953000000.0,72562000000.0,90223000000.0,186460000000.0,259022000000,35047000000.0,-83328000000.0,96921000000.0,56062000000.0,315084000000,1053000000.0,1712000000.0,415000000.0,-3024000000.0,41000000.0,-554000000.0,3434000000.0,3441000000.0,-88000000.0,-3273000000.0,40000000.0,-3607000000.0,-47000000,2019-03-29,79.83999633789062,80.23999786376953,79.36000061035156,79.91999816894531,79.16370391845703,6064888.0
2019-06-30,28831000000.0,-21817000000.0,7014000000.0,-4351000000.0,2663000000.0,-1637000000.0,-991000000.0,1026000000,-1301000000.0,-275000000,148000000.0,-127000000,231000000.0,127000000,-61000000,71351000000.0,30191000000.0,19971000000.0,121513000000.0,49943000000.0,140653000000.0,190596000000.0,312109000000,17036000000.0,15620000000.0,71700000000.0,88735000000.0,184279000000.0,255979000000,35026000000.0,-83137000000.0,96773000000.0,56128000000.0,312107000000,-127000000.0,1686000000.0,663000000.0,-610000000.0,-22000000.0,-927000000.0,451000000.0,-112000000.0,-236000000.0,-1897000000.0,-5000000.0,-2729000000.0,-2940000000,2019-06-28,83.12000274658203,84.0,82.95999908447266,84.0,83.28516387939453,5502550.0
2019-09-30,23360000000.0,-17328000000.0,6032000000.0,-3392000000.0,2640000000.0,-2584000000.0,-1279000000.0,56000000,-1305000000.0,-1249000000,-41000000.0,-1290000000,-8093000000.0,-9423000000,-9465000000,76035000000.0,26726000000.0,15203000000.0,117964000000.0,42886000000.0,102158000000.0,145044000000.0,263008000000,14493000000.0,17046000000.0,65753000000.0,74701000000.0,168104000000.0,233857000000,35017000000.0,-82940000000.0,87213000000.0,29154000000.0,263011000000,-1257000000.0,-1841000000.0,-1499000000.0,4064000000.0,-484000000.0,1230000000.0,-3505000000.0,1175000000.0,58000000.0,-2537000000.0,-35000000.0,-943000000.0,-281000000,2019-09-30,72.63999938964844,72.80000305175781,71.5199966430664,71.5199966430664,70.98802185058594,4386425.0
