Report Date,Revenue,Cost of Revenue,Gross Profit,Operating Expenses,"Selling, General & Administrative",Research & Development,Operating Income (Loss),Non-Operating Income (Loss),"Interest Expense, Net","Pretax Income (Loss), Adj.",Pretax Income (Loss),"Income Tax (Expense) Benefit, Net",Income (Loss) from Continuing Operations,Net Income,Net Income (Common),"Cash, Cash Equivalents & Short Term Investments",Accounts & Notes Receivable,Inventories,Total Current Assets,"Property, Plant & Equipment, Net",Long Term Investments & Receivables,Other Long Term Assets,Total Noncurrent Assets,Total Assets,Payables & Accruals,Short Term Debt,Total Current Liabilities,Long Term Debt,Total Noncurrent Liabilities,Total Liabilities,Share Capital & Additional Paid-In Capital,Retained Earnings,Total Equity,Total Liabilities & Equity,Net Income/Starting Line,Depreciation & Amortization.1,Non-Cash Items,Change in Working Capital,Net Cash from Operating Activities,Change in Fixed Assets & Intangibles,Net Change in Long Term Investment,Net Cash from Investing Activities,Cash from (Repayment of) Debt,Cash from (Repurchase of) Equity,Net Cash from Financing Activities,Net Change in Cash,Price Date,Open,High,Low,Close,Adj Close,Volume
2009-06-30,1647155000.0,-383045000.0,1264110000.0,-503049000.0,-261411000.0,-241638000.0,761061000.0,-5561000.0,-18484000.0,755500000,755500000,-186355000.0,569145000,571398000,571398000,1244268000.0,1242899000.0,969971000.0,4001307000.0,697426000.0,1654178000.0,2034181000.0,4385785000.0,8387092000,1325915000.0,405622000.0,1777882000.0,1126401000.0,1295241000.0,3073123000,4146719000.0,1019839000.0,5313969000.0,8387092000,569145000.0,52635000.0,62133000.0,-60996000.0,622917000.0,-20874000.0,205512000.0,-1063178000.0,94573000.0,-177033000.0,-156293000.0,-622772000,2009-06-30,23.565000534057607,23.75,23.32500076293945,23.420000076293945,19.291608810424805,17196600.0
2009-09-30,1801389000.0,-409700000.0,1391689000.0,-497283000.0,-227427000.0,-269856000.0,894406000.0,-3200000.0,-17217000.0,891206000,891206000,-220728000.0,670478000,673033000,673033000,1355312000.0,1339165000.0,1017827000.0,4297610000.0,701371000.0,1936818000.0,2001181000.0,4639370000.0,8936980000,1634274000.0,205613000.0,1889249000.0,1140887000.0,1295574000.0,3184823000,4265124000.0,1420613000.0,5752157000.0,8936980000,670478000.0,57051000.0,46429000.0,86573000.0,860531000.0,-18125000.0,-408524000.0,-426649000.0,-205550000.0,-229416000.0,-425325000.0,-16275000,2009-09-30,23.274999618530273,23.34000015258789,22.95000076293945,23.25,19.151567459106445,13156000.0
2009-12-31,2032379000.0,-473399000.0,1558980000.0,-493542000.0,-253897000.0,-239645000.0,1065438000.0,-5991000.0,-17290000.0,1059447000,1059447000,-260054000.0,799393000,802212000,802212000,1656975000.0,1389534000.0,1051771000.0,4812558000.0,699970000.0,2247871000.0,1938160000.0,4886001000.0,9698559000,1743323000.0,5587000.0,1871631000.0,1155443000.0,1321770000.0,3193401000,4377551000.0,1995272000.0,6505158000.0,9698559000,799393000.0,64110000.0,8120000.0,83653000.0,955276000.0,-26987000.0,-370697000.0,-397684000.0,-200090000.0,-180200000.0,-324079000.0,248359000,2009-12-31,21.989999771118164,21.989999771118164,21.625,21.63500022888184,17.821258544921875,10998800.0
2010-03-31,2085853000.0,-440430000.0,1645423000.0,-484282000.0,-265618000.0,-218664000.0,1161141000.0,-1310000.0,-16955000.0,1159831000,1159831000,-307737000.0,852094000,854901000,854901000,1652188000.0,1491332000.0,1223945000.0,5124228000.0,695601000.0,2967727000.0,1908442000.0,5571770000.0,10695998000,1758323000.0,7088000.0,1887651000.0,1170099000.0,1305675000.0,3193326000,4569844000.0,2688679000.0,7502672000.0,10695998000,852094000.0,60106000.0,82207000.0,-323838000.0,670569000.0,-11666000.0,-1057112000.0,-1068778000.0,-19000.0,-59158000.0,16032000.0,-336078000,2010-03-31,22.82999992370605,22.875,22.665000915527344,22.73500061035156,18.727354049682614,14102400.0
2010-06-30,1927224000.0,-455525000.0,1471699000.0,-479072000.0,-248006000.0,-231066000.0,992627000.0,521000.0,-17764000.0,993148000,993148000,-284021000.0,709127000,712061000,712061000,2000925000.0,1482900000.0,1356606000.0,5709014000.0,695043000.0,2216610000.0,1876041000.0,4787694000.0,10496708000,1865133000.0,1124230000.0,3105723000.0,562612000.0,690985000.0,3796708000,4541490000.0,1831381000.0,6700000000.0,10496708000,709127000.0,58801000.0,48293000.0,-117142000.0,699079000.0,-16051000.0,949023000.0,932972000.0,494463000.0,-1650632000.0,-1165536000.0,545759000,2010-06-30,17.415000915527347,17.565000534057614,17.129999160766598,17.139999389648438,14.118618965148926,19945800.0
2010-09-30,1937656000.0,-477584000.0,1460072000.0,-480999000.0,-250559000.0,-230440000.0,979073000.0,-18027000.0,-33620000.0,961046000,961046000,-258883000.0,702163000,704876000,704876000,2307531000.0,1670405000.0,1273389000.0,6031947000.0,692032000.0,2744150000.0,1987462000.0,5423644000.0,11455591000,1861928000.0,632386000.0,2590108000.0,2818708000.0,2986711000.0,5576819000,4576799000.0,1122030000.0,5878772000.0,11455591000,702163000.0,69053000.0,40587000.0,-72381000.0,739422000.0,-10806000.0,-1292323000.0,-1394129000.0,-344608000.0,-1530439000.0,270450000.0,-459646000,2010-09-30,17.920000076293945,18.155000686645508,17.75,17.80500030517578,14.666394233703613,19965400.0
2010-12-31,1998687000.0,-496337000.0,1502350000.0,-672969000.0,-280209000.0,-392760000.0,829381000.0,-29858000.0,-40622000.0,799523000,799523000,-173158000.0,626365000,629419000,629419000,2098668000.0,1621966000.0,1203809000.0,5708082000.0,701235000.0,3219403000.0,1963910000.0,5884548000.0,11592630000,1715430000.0,646345000.0,2464950000.0,2838573000.0,3005843000.0,5470793000,4649088000.0,1183730000.0,6121837000.0,11592630000,626365000.0,77517000.0,187980000.0,-167019000.0,724843000.0,-23361000.0,-384455000.0,-407816000.0,2462303000.0,-561141000.0,-459656000.0,-115114000,2010-12-31,18.09499931335449,18.174999237060547,18.0,18.1200008392334,14.925872802734375,9501200.0
2011-03-31,1926094000.0,-474111000.0,1451983000.0,-550014000.0,-295568000.0,-254446000.0,901969000.0,-27384000.0,-41216000.0,874585000,874585000,-227282000.0,647303000,651141000,651141000,3011299000.0,1801212000.0,1304457000.0,6851132000.0,703794000.0,3344999000.0,2087429000.0,6136222000.0,12987354000,2018299000.0,653093000.0,2768765000.0,3850130000.0,4043228000.0,6811993000,4727100000.0,1320335000.0,6175361000.0,12987354000,647303000.0,80914000.0,60648000.0,31677000.0,820542000.0,-14870000.0,-64406000.0,-300381000.0,985837000.0,-489820000.0,485110000.0,928099000,2011-03-31,21.170000076293945,21.440000534057614,21.104999542236328,21.23500061035156,17.491765975952152,22282600.0
2011-06-30,2137253000.0,-533863000.0,1603390000.0,-586672000.0,-304269000.0,-282403000.0,1016718000.0,-34129000.0,-46107000.0,982589000,982589000,-240130000.0,742459000,746227000,746227000,2270318000.0,1938645000.0,1321615000.0,6219045000.0,721884000.0,3228994000.0,2524217000.0,6475095000.0,12694140000,2240253000.0,7345000.0,2310841000.0,3870846000.0,4171968000.0,6482809000,4784216000.0,1395908000.0,6211331000.0,12694140000,742459000.0,74892000.0,82603000.0,43301000.0,943255000.0,-26635000.0,-75652000.0,-469790000.0,-650021000.0,-667130000.0,-1371962000.0,-930199000,2011-06-30,20.78499984741211,20.86000061035156,20.65999984741211,20.70499992370605,17.055192947387695,11183400.0
2011-09-30,2121660000.0,-531989000.0,1589671000.0,-585993000.0,-295927000.0,-290066000.0,1003678000.0,-28691000.0,-43097000.0,974987000,974987000,-237449000.0,737538000,741124000,741124000,2257135000.0,1867092000.0,1337751000.0,6147267000.0,761190000.0,3224981000.0,2506460000.0,6492631000.0,12639898000,2154171000.0,1587000.0,2224431000.0,3891758000.0,4182261000.0,6406692000,4810509000.0,1321796000.0,6233206000.0,12639898000,737538000.0,73001000.0,89417000.0,-2850000.0,897106000.0,-64289000.0,-16031000.0,-80320000.0,-52000.0,-841646000.0,-876199000.0,3580000,2011-09-30,19.38999938964844,19.68000030517578,19.28499984741211,19.399999618530273,15.980228424072266,14526600.0
2011-12-31,2200378000.0,-584446998.0,1615931002.0,-748455000.0,-346219000.0,-402236000.0,867476002.0,-48633000.0,-74998000.0,818843002,818843002,-157084000.0,661759002,665145002,665145002,9900268000.0,1951167000.0,1389983000.0,13918785000.0,774406000.0,63704000.0,2546239000.0,3384349000.0,17303134000,2438553000.0,1572000.0,2514790000.0,7605734000.0,7920995000.0,10435785000,4903896000.0,1776760000.0,6867349000.0,17303134000,661759000.0,73425000.0,103198000.0,139725000.0,978107000.0,-26110000.0,4466446000.0,4440336000.0,3637241000.0,-172799000.0,3526620000.0,8974418000,2011-12-30,20.165000915527344,20.530000686645508,20.125,20.46500015258789,16.857500076293945,9839800.0
2012-03-31,2282449000.0,-580931000.0,1701518000.0,-901332000.0,-443121000.0,-458211000.0,800186000.0,-131355000.0,-97270000.0,668831000,668831000,-231300000.0,437531000,441956000,441956000,1451942000.0,2163659000.0,1418033000.0,5826532000.0,782867000.0,48168000.0,13292819000.0,14123854000.0,19950386000,2736140000.0,1351573000.0,4187904000.0,8077246000.0,8398398000.0,12586302000,5101382000.0,2178639000.0,7364084000.0,19950386000,437531000.0,66167000.0,108732000.0,-159461000.0,452969000.0,-23199000.0,31719000.0,-10743116000.0,1794121000.0,111760000.0,1855590000.0,-8431835000,2012-03-30,24.0,24.489999771118164,23.96500015258789,24.43000030517578,20.123558044433594,14474600.0
2012-06-30,2405186000.0,-617345000.0,1787841000.0,-728749000.0,-332505000.0,-396244000.0,1059092000.0,-89493000.0,-88418000.0,969599000,969599000,-263525000.0,706074000,711564000,711564000,1707544000.0,1702818000.0,1603401000.0,5844102000.0,811799000.0,564130000.0,13281919000.0,14657848000.0,20501950000,2920198000.0,1972816000.0,4986674000.0,7126377000.0,7431889000.0,12418563000,5214666000.0,2663077000.0,8083387000.0,20501950000,706074000.0,67412000.0,6797000.0,510368000.0,1290651000.0,-37392000.0,-597572000.0,-634964000.0,-351539000.0,-171760000.0,-474879000.0,173558000,2012-06-29,25.56999969482422,25.68000030517578,25.21500015258789,25.63999938964844,21.120271682739254,10835600.0
2012-09-30,2426597000.0,-597269000.0,1829328000.0,-785414000.0,-319583000.0,-465831000.0,1043914000.0,-92827000.0,-89322000.0,951087000,951087000,-280052000.0,671035000,675505000,675505000,1695485000.0,1766091000.0,1617369000.0,5880379000.0,856184000.0,955603000.0,13271663000.0,15083450000.0,20963829000,2972205000.0,1730895000.0,4802148000.0,7040382000.0,7411519000.0,12213667000,5436000000.0,3139393000.0,8750162000.0,20963829000,671035000.0,70996000.0,51852000.0,-48515000.0,745368000.0,-66584000.0,-451460000.0,-518044000.0,-350016000.0,-56736000.0,-307514000.0,-74790000,2012-09-28,33.235000610351555,33.30500030517578,32.794998168945305,33.165000915527344,27.318790435791016,12538000.0
2012-12-31,2587768000.0,-675455000.0,1912313000.0,-805505000.0,-365791000.0,-439714000.0,1106808000.0,-84325000.0,-85990000.0,1022483000,1022483000,-263123000.0,759360000,762975000,762975000,1862250000.0,1751388000.0,1744982000.0,6156347000.0,1100259000.0,719836000.0,13263396000.0,15083491000.0,21239838000,2965245000.0,1169490000.0,4237897000.0,7054555000.0,7458219000.0,11696116000,5643463000.0,3704744000.0,9543722000.0,21239838000,759360000.0,73425000.0,67619000.0,-194392000.0,706012000.0,-269825000.0,320313000.0,50124000.0,-787566000.0,-84264000.0,-510197000.0,253067000,2012-12-31,36.125,36.86000061035156,35.85499954223633,36.724998474121094,30.25124168395996,8548000.0
2013-03-31,2531635000.0,-634448000.0,1897187000.0,-871928000.0,-374296000.0,-497632000.0,1025259000.0,-85111000.0,-81787000.0,940148000,940148000,-222438000.0,717710000,722186000,722186000,1942776000.0,1945189000.0,1799618000.0,6663097000.0,1125794000.0,688254000.0,13734523000.0,15548571000.0,22211668000,3223035000.0,942811000.0,4290215000.0,7054796000.0,7528980000.0,11819195000,5829886000.0,4301539000.0,10392473000.0,22211668000,717710000.0,74326000.0,113513000.0,-233448000.0,672101000.0,-38854000.0,10243000.0,-407256000.0,-347916000.0,3810000.0,-199001000.0,60278000,2013-03-28,47.86000061035156,49.47999954223633,47.849998474121094,48.93999862670898,40.313026428222656,18502100.0
2013-06-30,2767394000.0,-684663000.0,2082731000.0,-928893000.0,-404991000.0,-523902000.0,1153838000.0,-78239000.0,-78008000.0,1075599000,1075599000,-307981000.0,767618000,772605000,772605000,2287370000.0,1895913000.0,1935147000.0,7072529000.0,1135993000.0,688428000.0,13727424000.0,15551845000.0,22624374000,3336794000.0,1488225000.0,4937138000.0,5849552000.0,6343852000.0,11280990000,5995790000.0,5065839000.0,11343384000.0,22624374000,767618000.0,73177000.0,58152000.0,54057000.0,953004000.0,-45276000.0,-10201000.0,-55477000.0,-1787659000.0,60293000.0,-557648000.0,338204000,2013-06-28,50.95000076293945,51.61000061035156,50.61999893188477,51.27000045776367,42.23229217529297,9086200.0
2013-09-30,2782833000.0,-681868000.0,2100965000.0,-953104000.0,-406860000.0,-546244000.0,1147861000.0,-68172000.0,-73949000.0,1079689000,1079689000,-294473000.0,785216000,788606000,788606000,2090494000.0,1971926000.0,1946048000.0,6968061000.0,1133032000.0,665063000.0,13702272000.0,15500367000.0,22468428000,3310467000.0,1457379000.0,4895124000.0,5856093000.0,6380831000.0,11275955000,5190345000.0,5735335000.0,11192473000.0,22468428000,785216000.0,69242000.0,89974000.0,-191336000.0,753096000.0,-37180000.0,29148000.0,-8032000.0,-89207000.0,-5691000.0,-942233000.0,-191440000,2013-09-30,62.1500015258789,63.70000076293945,62.0,62.86999893188477,51.78749084472656,7887300.0
2013-12-31,3120138000.0,-858021000.0,2262117000.0,-1065075000.0,-512853000.0,-552222000.0,1197042000.0,-84478000.0,-73256000.0,1112564000,1112564000,-326108000.0,786456000,791603000,791603000,2132000000.0,2182000000.0,1697000000.0,6997000000.0,1166000000.0,439000000.0,13977000000.0,15582000000.0,22579000000,3599000000.0,2697000000.0,6407000000.0,3939000000.0,4427000000.0,10834000000,5388000000.0,6106000000.0,11745000000.0,22579000000,786456000.0,128255000.0,3361000.0,-191273000.0,726799000.0,-68690000.0,285810000.0,216765000.0,-2215218000.0,-327412000.0,-845118000.0,101958000,2013-12-31,75.06999969482422,75.25,74.16000366210938,75.0999984741211,61.86164093017578,6679700.0
2014-03-31,4999000000.0,-813000000.0,4186000000.0,-1143000000.0,-548000000.0,-595000000.0,3043000000.0,-94000000.0,-76000000.0,2949000000,2949000000,-726000000.0,2223000000,2227000000,2227000000,6469030000.0,3236195000.0,2140228000.0,12970629000.0,1303029000.0,389871000.0,13414163000.0,15107063000.0,28077692000,3931173000.0,1871811000.0,5914776000.0,7932032000.0,8460722000.0,14375498000,5748112000.0,7734979000.0,13702194000.0,28077692000,2223000000.0,241000000.0,86000000.0,-982000000.0,1568000000.0,-164000000.0,3000000.0,-161000000.0,2549000000.0,-341000000.0,2884000000.0,4291000000,2014-03-31,69.16999816894531,71.0,69.16999816894531,70.86000061035156,58.36903381347656,18594900.0
2014-06-30,6535000000.0,-925000000.0,5610000000.0,-1198000000.0,-614000000.0,-584000000.0,4412000000.0,-106000000.0,-102000000.0,4306000000,4306000000,-656000000.0,3650000000,3656000000,3656000000,8799068000.0,3436711000.0,2068753000.0,15499339000.0,1380776000.0,782315000.0,13543734000.0,15706825000.0,31206164000,4529634000.0,1572079000.0,6227997000.0,7932536000.0,8548825000.0,14776822000,5932513000.0,10199576000.0,16429342000.0,31206164000,3650000000.0,266000000.0,57000000.0,212000000.0,4185000000.0,-91000000.0,-396000000.0,-487000000.0,-1022000000.0,-1146000000.0,-1371000000.0,2327000000,2014-06-30,82.8499984741211,84.44999694824219,82.62999725341797,82.91000366210938,68.294921875,10882500.0
2014-09-30,6042000000.0,-987000000.0,5055000000.0,-1575000000.0,-945000000.0,-630000000.0,3480000000.0,-109000000.0,-104000000.0,3371000000,3371000000,-647000000.0,2724000000,2731000000,2731000000,6316326000.0,2850367000.0,1909584000.0,12562031000.0,1509796000.0,1375400000.0,13397166000.0,16282362000.0,28844393000,4460990000.0,1477082000.0,6054952000.0,7933040000.0,8925831000.0,14980783000,2144606000.0,11247655000.0,13863610000.0,28844393000,2724000000.0,268000000.0,108000000.0,944000000.0,4044000000.0,-135000000.0,-635000000.0,-770000000.0,-422000000.0,-1586000000.0,-5772000000.0,-2522000000,2014-09-30,107.4800033569336,108.0,105.86000061035156,106.4499969482422,87.68534088134766,11622700.0
2014-12-31,7314000000.0,-1063000000.0,6251000000.0,-1921000000.0,-876000000.0,-1045000000.0,4330000000.0,-100000000.0,-130000000.0,4230000000,4230000000,-768000000.0,3462000000,3487000000,3487000000,10128000000.0,4635000000.0,1386000000.0,17714000000.0,1674000000.0,1598000000.0,13678000000.0,16950000000.0,34664000000,5144000000.0,483000000.0,5761000000.0,11921000000.0,13084000000.0,18845000000,2393000000.0,12732000000.0,15819000000.0,34664000000,3462000000.0,275000000.0,-24000000.0,-692000000.0,3021000000.0,-167000000.0,-238000000.0,-405000000.0,2048000000.0,-1945000000.0,1234000000.0,3818000000,2014-12-31,96.0,96.75,94.23999786376952,94.26000213623048,77.64415740966797,13879000.0
2015-03-31,7594000000.0,-882000000.0,6712000000.0,-1341000000.0,-645000000.0,-696000000.0,5371000000.0,-132000000.0,-153000000.0,5239000000,5239000000,-907000000.0,4332000000,4333000000,4333000000,11294000000.0,4835000000.0,1908000000.0,20062000000.0,1765000000.0,3220000000.0,13274000000.0,18259000000.0,38321000000,6795000000.0,442000000.0,7428000000.0,11921000000.0,13305000000.0,20733000000,2725000000.0,13916000000.0,17588000000.0,38321000000,4332000000.0,269000000.0,-32000000.0,1132000000.0,5701000000.0,-124000000.0,-2175000000.0,-2299000000.0,-199000000.0,-2883000000.0,-2722000000.0,608000000,2015-03-31,100.01000213623048,100.1999969482422,98.06999969482422,98.12999725341795,80.83198547363281,13559900.0
2015-06-30,8244000000.0,-998000000.0,7246000000.0,-1630000000.0,-812000000.0,-818000000.0,5616000000.0,-105000000.0,-140000000.0,5511000000,5511000000,-1014000000.0,4497000000,4492000000,4492000000,8611000000.0,5331000000.0,2039000000.0,18093000000.0,1899000000.0,6056000000.0,13119000000.0,21074000000.0,39167000000,8072000000.0,352000000.0,8925000000.0,11922000000.0,13608000000.0,22533000000,2000000.0,16038000000.0,16634000000.0,39167000000,4497000000.0,273000000.0,-13000000.0,901000000.0,5658000000.0,-171000000.0,-3381000000.0,-3552000000.0,-451000000.0,-816000000.0,-5341000000.0,-3218000000,2015-06-30,117.29000091552734,118.3000030517578,116.77999877929688,117.08000183105469,96.79090881347656,11345200.0
2015-09-30,8295000000.0,-1064000000.0,7231000000.0,-1646000000.0,-903000000.0,-743000000.0,5585000000.0,-113000000.0,-165000000.0,5472000000,5472000000,-880000000.0,4592000000,4600000000,4600000000,15714000000.0,6105000000.0,1988000000.0,25910000000.0,2143000000.0,9400000000.0,13184000000.0,24727000000.0,50637000000,8673000000.0,331000000.0,9360000000.0,21894000000.0,23333000000.0,32693000000,286000000.0,16961000000.0,17944000000.0,50637000000,4592000000.0,278000000.0,-77000000.0,-697000000.0,4096000000.0,-286000000.0,-3900000000.0,-4186000000.0,9789000000.0,-2971000000.0,6644000000.0,6548000000,2015-09-30,98.44000244140624,99.72000122070312,96.91999816894531,98.19000244140624,81.49403381347656,15811800.0
2015-12-31,8506000000.0,-1062000000.0,7444000000.0,-1823000000.0,-1066000000.0,-757000000.0,5621000000.0,-184000000.0,-230000000.0,5437000000,5437000000,-752000000.0,4685000000,4683000000,4683000000,14607000000.0,5854000000.0,1955000000.0,24762000000.0,2276000000.0,11601000000.0,13077000000.0,26954000000.0,51716000000,8468000000.0,982000000.0,9890000000.0,21073000000.0,22713000000.0,32603000000,445000000.0,18001000000.0,19113000000.0,51716000000,4685000000.0,278000000.0,88000000.0,-177000000.0,4874000000.0,-166000000.0,-2272000000.0,-2438000000.0,-234000000.0,-3013000000.0,-3544000000.0,-1114000000,2015-12-31,102.36000061035156,102.41999816894531,101.16999816894531,101.19000244140624,84.34652709960938,6245200.0
2016-03-31,7794000000.0,-1193000000.0,6601000000.0,-1950000000.0,-685000000.0,-1265000000.0,4651000000.0,-149000000.0,-230000000.0,4502000000,4502000000,-935000000.0,3567000000,3566000000,3566000000,8319000000.0,6163000000.0,1880000000.0,19267000000.0,2431000000.0,13003000000.0,13064000000.0,28498000000.0,47765000000,8636000000.0,1745000000.0,10910000000.0,21077000000.0,22836000000.0,33746000000,517000000.0,13045000000.0,14019000000.0,47765000000,3567000000.0,283000000.0,285000000.0,-5000000.0,4130000000.0,-177000000.0,-1932000000.0,-2109000000.0,-126000000.0,-7908000000.0,-8613000000.0,-6536000000,2016-03-31,91.9000015258789,92.75,91.54000091552734,91.86000061035156,76.93856048583984,13656300.0
2016-06-30,7776000000.0,-864000000.0,6912000000.0,-2374000000.0,-890000000.0,-1484000000.0,4538000000.0,-139000000.0,-227000000.0,4399000000,4399000000,-902000000.0,3497000000,3497000000,3497000000,8752000000.0,5752000000.0,1862000000.0,18353000000.0,2599000000.0,15864000000.0,13164000000.0,31627000000.0,49980000000,9399000000.0,700000000.0,10444000000.0,21427000000.0,23421000000.0,33865000000,633000000.0,14949000000.0,16115000000.0,49980000000,3497000000.0,284000000.0,14000000.0,1190000000.0,4985000000.0,-204000000.0,-3080000000.0,-3284000000.0,-771000000.0,-973000000.0,-1561000000.0,170000000,2016-06-30,82.2699966430664,83.41999816894531,81.52999877929688,83.41999816894531,70.26274871826172,9706500.0
2016-09-30,7500000000.0,-1129000000.0,6371000000.0,-1972000000.0,-831000000.0,-1141000000.0,4399000000.0,-123000000.0,-242000000.0,4276000000,4276000000,-951000000.0,3325000000,3330000000,3330000000,12266000000.0,5075000000.0,1900000000.0,21425000000.0,2714000000.0,19345000000.0,13125000000.0,35184000000.0,56609000000,10012000000.0,700000000.0,11073000000.0,26371000000.0,28176000000.0,39249000000,322000000.0,16654000000.0,17360000000.0,56609000000,3325000000.0,299000000.0,257000000.0,512000000.0,4393000000.0,-198000000.0,-3719000000.0,-3917000000.0,4939000000.0,-940000000.0,2797000000.0,3324000000,2016-09-30,78.05999755859375,79.62999725341797,78.05000305175781,79.12000274658203,67.04463958740234,11031500.0
2016-12-31,7320000000.0,-1075000000.0,6245000000.0,-2200000000.0,-992000000.0,-1208000000.0,4045000000.0,-125000000.0,-265000000.0,3920000000,3920000000,-821000000.0,3099000000,3108000000,3108000000,11895000000.0,4514000000.0,1587000000.0,19588000000.0,2865000000.0,20485000000.0,14039000000.0,37389000000.0,56977000000,9218000000.0,0.0,9218000000.0,26346000000.0,28396000000.0,37614000000,455000000.0,18154000000.0,19363000000.0,56977000000,3099000000.0,292000000.0,105000000.0,-335000000.0,3161000000.0,-169000000.0,-2506000000.0,-2675000000.0,-730000000.0,-972000000.0,-1970000000.0,-1580000000,2016-12-30,72.02999877929688,72.26000213623047,71.30000305175781,71.61000061035156,61.07150650024414,9220900.0
2017-09-30,6512000000.0,-1032000000.0,5480000000.0,-1668000000.0,-879000000.0,-789000000.0,3812000000.0,-141000000.0,-291000000.0,3671000000,3671000000,-959000000.0,2712000000,2718000000,2718000000,28387000000.0,4122000000.0,1144000000.0,35317000000.0,3100000000.0,12973000000.0,13272000000.0,29345000000.0,64662000000,7850000000.0,1747000000.0,9597000000.0,27515000000.0,29811000000.0,39408000000,907000000.0,23689000000.0,25254000000.0,64662000000,2712000000.0,297000000.0,140000000.0,-455000000.0,2694000000.0,-129000000.0,-1985000000.0,-2114000000.0,2961000000.0,-89000000.0,2170000000.0,2796000000,2017-09-29,81.19999694824219,81.95999908447266,79.30999755859375,81.0199966430664,70.6274642944336,13301300.0
2017-12-31,5949000000.0,-1256000000.0,4693000000.0,-2402000000.0,-1252000000.0,-1150000000.0,2291000000.0,-165000000.0,-297000000.0,2126000000,2126000000,-5962000000.0,-3836000000,-3865000000,-3865000000,25510000000.0,3851000000.0,801000000.0,31823000000.0,3295000000.0,11184000000.0,23981000000.0,38460000000.0,70283000000,8888000000.0,2747000000.0,11635000000.0,30795000000.0,38147000000.0,49782000000,1265000000.0,19012000000.0,20501000000.0,70283000000,-3836000000.0,397000000.0,202000000.0,5990000000.0,2753000000.0,-220000000.0,630000000.0,-10016000000.0,4273000000.0,-55000000.0,3347000000.0,-3920000000,2017-12-29,72.30999755859375,72.75,71.61000061035156,71.63999938964844,62.87759017944336,7370700.0
2018-03-31,5088000000.0,-1001000000.0,4087000000.0,-1934000000.0,-997000000.0,-937000000.0,2153000000.0,-120000000.0,-290000000.0,2033000000,2033000000,-494000000.0,1539000000,1538000000,1538000000,23998000000.0,3775000000.0,885000000.0,30258000000.0,3415000000.0,8104000000.0,23604000000.0,35123000000.0,65381000000,8173000000.0,2497000000.0,10670000000.0,26557000000.0,34060000000.0,44730000000,1565000000.0,19196000000.0,20651000000.0,65381000000,1539000000.0,357000000.0,304000000.0,70000000.0,2270000000.0,-212000000.0,4566000000.0,4354000000.0,-4500000000.0,-928000000.0,-6595000000.0,55000000,2018-03-29,75.13999938964844,76.19000244140625,74.61000061035156,75.38999938964844,66.63727569580078,5694900.0
2018-06-30,5648000000.0,-1196000000.0,4452000000.0,-2172000000.0,-980000000.0,-1192000000.0,2280000000.0,-194000000.0,-266000000.0,2086000000,2086000000,-267000000.0,1819000000,1817000000,1817000000,25917000000.0,3541000000.0,859000000.0,32728000000.0,3659000000.0,5739000000.0,23229000000.0,32627000000.0,65355000000,7914000000.0,2998000000.0,10912000000.0,26062000000.0,32709000000.0,43621000000,1845000000.0,19825000000.0,21734000000.0,65355000000,1819000000.0,356000000.0,315000000.0,-917000000.0,1573000000.0,-297000000.0,5538000000.0,5241000000.0,0.0,-402000000.0,-1152000000.0,5591000000,2018-06-29,70.4800033569336,71.5,70.29000091552734,70.83999633789062,63.12020492553711,6215700.0
2018-09-30,5596000000.0,-1086000000.0,4510000000.0,-1887000000.0,-948000000.0,-939000000.0,2623000000.0,41000000.0,-264000000.0,2664000000,2664000000,-565000000.0,2099000000,2097000000,2097000000,28466000000.0,3465000000.0,816000000.0,34918000000.0,3791000000.0,2378000000.0,23218000000.0,29387000000.0,64305000000,7369000000.0,2747000000.0,10116000000.0,24570000000.0,31182000000.0,41298000000,2119000000.0,20706000000.0,23007000000.0,64305000000,2099000000.0,358000000.0,75000000.0,-320000000.0,2212000000.0,-167000000.0,2192000000.0,2025000000.0,-1750000000.0,-369000000.0,-2901000000.0,1335000000,2018-09-28,76.58000183105469,77.23999786376953,76.12999725341797,77.20999908447266,69.33027648925781,7604800.0
2018-12-31,5795000000.0,-1570000000.0,4225000000.0,-1983000000.0,-1131000000.0,-852000000.0,2242000000.0,-128000000.0,-257000000.0,2114000000,1016000000,-1013000000.0,3000000,3000000,3000000,30089000000.0,3327000000.0,814000000.0,35836000000.0,4006000000.0,1423000000.0,22410000000.0,27839000000.0,63675000000,7857000000.0,2748000000.0,10605000000.0,24574000000.0,31536000000.0,42141000000,2283000000.0,19024000000.0,21534000000.0,63675000000,3000000.0,358000000.0,1756000000.0,228000000.0,2345000000.0,-248000000.0,3173000000.0,2735000000.0,0.0,-912000000.0,-1670000000.0,3371000000,2018-12-31,62.0,63.06999969482422,61.58000183105469,62.54999923706055,56.640220642089844,7584000.0
2019-03-31,5281000000.0,-957000000.0,4324000000.0,-2087000000.0,-1030000000.0,-1057000000.0,2237000000.0,113000000.0,-254000000.0,2350000000,2350000000,-382000000.0,1968000000,1975000000,1975000000,27904000000.0,3283000000.0,898000000.0,34024000000.0,4116000000.0,2221000000.0,22476000000.0,28813000000.0,62837000000,6899000000.0,2498000000.0,9397000000.0,24080000000.0,31349000000.0,40746000000,2495000000.0,19326000000.0,22091000000.0,62837000000,1968000000.0,359000000.0,10000000.0,-893000000.0,1444000000.0,-237000000.0,126000000.0,-111000000.0,-750000000.0,-731000000.0,-2366000000.0,-1013000000,2019-03-29,64.90000152587889,65.62999725341797,64.65000152587889,65.01000213623047,59.43732452392578,9601400.0
2019-06-30,5685000000.0,-1000000000.0,4685000000.0,-2255000000.0,-1095000000.0,-1160000000.0,2430000000.0,-20000000.0,-248000000.0,2410000000,2410000000,-535000000.0,1875000000,1880000000,1880000000,27183000000.0,3396000000.0,884000000.0,33727000000.0,4249000000.0,3051000000.0,22183000000.0,29483000000.0,63210000000,6962000000.0,1999000000.0,8961000000.0,24084000000.0,31498000000.0,40459000000,2685000000.0,19829000000.0,22751000000.0,63210000000,1875000000.0,348000000.0,147000000.0,-149000000.0,2221000000.0,-185000000.0,-5857000000.0,-6042000000.0,-500000000.0,-550000000.0,-1857000000.0,-5687000000,2019-06-28,67.15000152587889,68.01999664306639,66.86000061035156,67.55999755859375,62.35699844360352,19742500.0
2019-09-30,5604000000.0,-1035000000.0,4569000000.0,-2082000000.0,-1052000000.0,-1030000000.0,2487000000.0,-28000000.0,-250000000.0,2459000000,-1501000000,333000000.0,-1168000000,-1165000000,-1165000000,22856000000.0,3315000000.0,882000000.0,28361000000.0,4377000000.0,2195000000.0,24213000000.0,30785000000.0,59146000000,7069000000.0,2498000000.0,9567000000.0,22090000000.0,28843000000.0,38410000000,2871000000.0,17616000000.0,20736000000.0,59146000000,-1168000000.0,347000000.0,3664000000.0,56000000.0,2899000000.0,-200000000.0,2584000000.0,-2095000000.0,-1500000000.0,-181000000.0,-2515000000.0,-1766000000,2019-09-30,63.0,63.81000137329102,62.86000061035156,63.38000106811523,59.04530715942383,8291400.0
2019-12-31,5879000000.0,-1683000000.0,4196000000.0,-2012000000.0,-1204000000.0,-808000000.0,2184000000.0,808000000.0,-243000000.0,2992000000,1901000000,788000000.0,2689000000,2696000000,2696000000,24352000000.0,3582000000.0,922000000.0,30296000000.0,4502000000.0,1488000000.0,25341000000.0,31331000000.0,61627000000,7260000000.0,2499000000.0,9759000000.0,22094000000.0,29218000000.0,38977000000,3052000000.0,19388000000.0,22650000000.0,61627000000,2689000000.0,350000000.0,-647000000.0,188000000.0,2580000000.0,-203000000.0,840000000.0,431000000.0,0.0,-78000000.0,-896000000.0,2157000000,2019-12-31,64.66000366210939,65.05999755859375,64.34999847412111,64.98000335693361,61.10382461547852,6984700.0
2020-03-31,5548000000.0,-969000000.0,4579000000.0,-2080000000.0,-1076000000.0,-1004000000.0,2499000000.0,-399000000.0,-241000000.0,2100000000,2003000000,-465000000.0,1538000000,1551000000,1551000000,20785000000.0,3907000000.0,986000000.0,26950000000.0,4564000000.0,3529000000.0,24698000000.0,32791000000.0,59741000000,6880000000.0,1999000000.0,8879000000.0,22098000000.0,28683000000.0,37562000000,3312000000.0,18709000000.0,22179000000.0,59741000000,1538000000.0,349000000.0,650000000.0,-1101000000.0,1436000000.0,-171000000.0,-61000000.0,-344000000.0,-500000000.0,-1151000000.0,-2611000000.0,-1580000000,2020-03-31,75.94999694824219,76.33000183105469,73.79000091552734,74.76000213623047,70.95510864257812,12111900.0
2020-06-30,5143000000.0,-1064000000.0,4079000000.0,-2538000000.0,-1239000000.0,-1299000000.0,1541000000.0,10000000.0,-240000000.0,1551000000,-2973000000,-373000000.0,-3346000000,-3339000000,-3339000000,18914000000.0,3194000000.0,1052000000.0,24643000000.0,4653000000.0,2276000000.0,24362000000.0,31291000000.0,55934000000,7565000000.0,2999000000.0,10564000000.0,21103000000.0,27228000000.0,37792000000,3512000000.0,14445000000.0,18142000000.0,55934000000,-3346000000.0,349000000.0,4601000000.0,962000000.0,2566000000.0,-143000000.0,-125000000.0,-5023000000.0,0.0,-19000000.0,-874000000.0,-3305000000,2020-06-30,74.33999633789062,77.16000366210938,73.91000366210938,76.94000244140625,73.67420196533203,9402600.0
