Report Date,Revenue,Cost of Revenue,Gross Profit,Operating Expenses,"Selling, General & Administrative",Operating Income (Loss),Non-Operating Income (Loss),"Interest Expense, Net","Pretax Income (Loss), Adj.",Pretax Income (Loss),"Income Tax (Expense) Benefit, Net",Income (Loss) from Continuing Operations,Net Income,Net Income (Common),"Cash, Cash Equivalents & Short Term Investments",Accounts & Notes Receivable,Inventories,Total Current Assets,"Property, Plant & Equipment, Net",Other Long Term Assets,Total Noncurrent Assets,Total Assets,Payables & Accruals,Short Term Debt,Total Current Liabilities,Long Term Debt,Total Noncurrent Liabilities,Total Liabilities,Share Capital & Additional Paid-In Capital,Retained Earnings,Total Equity,Total Liabilities & Equity,Net Cash from Operating Activities,Change in Fixed Assets & Intangibles,Net Change in Long Term Investment,Net Cash from Investing Activities,Dividends Paid,Cash from (Repayment of) Debt,Cash from (Repurchase of) Equity,Net Cash from Financing Activities,Net Change in Cash,Price Date,Open,High,Low,Close,Adj Close,Volume
2011-09-30,36719000000.0,-31971000000.0,4748000000.0,-2942000000.0,-2942000000.0,1806000000.0,428000000.0,-101000000.0,2234000000,2199000000,-107000000.0,2092000000,2107000000,2107000000,31977000000.0,10512000000.0,15220000000.0,64010000000.0,21556000000.0,62931000000.0,84487000000.0,148497000000,50205000000.0,1543000000.0,51748000000.0,2667000000.0,51133000000.0,102881000000,26346000000.0,6595000000.0,45616000000.0,148497000000,2037000000.0,-1729000000.0,562000000.0,-1317000000.0,-214000000.0,-358000000.0,0.0,-576000000.0,-393000000,2011-09-30,20.440000534057614,20.5,20.100000381469727,20.18000030517578,15.59699821472168,10151100.0
2011-12-31,37990000000.0,-33346000000.0,4644000000.0,-3303000000.0,-3303000000.0,1341000000.0,-59000000.0,-135000000.0,1282000000,454000000,293000000.0,747000000,725000000,-665000000,32219000000.0,9964000000.0,14324000000.0,64923000000.0,23005000000.0,56675000000.0,79680000000.0,144603000000,47426000000.0,5800000000.0,53226000000.0,8033000000.0,52386000000.0,105612000000,26407000000.0,7183000000.0,38991000000.0,144603000000,1442000000.0,-2429000000.0,-4489000000.0,-6236000000.0,-267000000.0,543000000.0,0.0,298000000.0,-4533000000,2011-12-30,20.1200008392334,20.3700008392334,20.049999237060547,20.270000457763672,15.66655731201172,6971400.0
2012-09-30,37576000000.0,-33046000000.0,4530000000.0,-2849000000.0,-2849000000.0,1681000000.0,608000000.0,-128000000.0,2289000000,2211000000,-357000000.0,1854000000,1833000000,1476000000,33731000000.0,13015000000.0,15672000000.0,72107000000.0,26578000000.0,56771000000.0,83349000000.0,155456000000,51345000000.0,6278000000.0,57623000000.0,10375000000.0,55204000000.0,112827000000,26459000000.0,11533000000.0,42629000000.0,155456000000,3383000000.0,-2156000000.0,1259000000.0,-3456000000.0,-220000000.0,1397000000.0,0.0,1157000000.0,1136000000,2012-09-28,23.0,23.10000038146973,22.709999084472656,22.75,17.583330154418945,8614500.0
2012-12-31,39307000000.0,-42278000000.0,-2971000000.0,-5362000000.0,-5362000000.0,-8333000000.0,401000000.0,-133000000.0,-7932000000,-34614000000,35645000000.0,1031000000,1194000000,892000000,27410000000.0,10395000000.0,14714000000.0,69996000000.0,24196000000.0,55230000000.0,79426000000.0,149422000000,48474000000.0,5518000000.0,53992000000.0,10532000000.0,58430000000.0,112422000000,23848000000.0,10057000000.0,37000000000.0,149422000000,781000000.0,-2254000000.0,1351000000.0,776000000.0,-260000000.0,-1030000000.0,-5098000000.0,-6464000000.0,-4898000000,2012-12-31,27.76000022888184,28.899999618530273,27.6200008392334,28.82999992370605,22.282527923583984,13243300.0
2013-09-30,38983000000.0,-33791000000.0,5192000000.0,-2876000000.0,-2876000000.0,2316000000.0,289000000.0,-65000000.0,2605000000,2547000000,-842000000.0,1705000000,1717000000,698000000,28570000000.0,11067000000.0,15357000000.0,81164000000.0,26247000000.0,61128000000.0,87375000000.0,168539000000,51124000000.0,11439000000.0,62563000000.0,20684000000.0,68615000000.0,131178000000,23892000000.0,12903000000.0,37361000000.0,168539000000,3860000000.0,-2496000000.0,-1873000000.0,-4788000000.0,-1045000000.0,4983000000.0,-2438000000.0,1466000000.0,658000000,2013-09-30,35.709999084472656,36.310001373291016,35.61999893188477,35.970001220703125,27.800989151000977,17724400.0
2013-12-31,40485000000.0,-36210000000.0,4275000000.0,-3629000000.0,-3629000000.0,646000000.0,996000000.0,-117000000.0,1642000000,1187000000,-134000000.0,1053000000,1040000000,1007000000,28993000000.0,8535000000.0,14039000000.0,81501000000.0,25867000000.0,58976000000.0,84843000000.0,166344000000,48254000000.0,14158000000.0,62412000000.0,22025000000.0,60758000000.0,123170000000,28795000000.0,13816000000.0,43174000000.0,166344000000,3058000000.0,-2231000000.0,-491000000.0,-3773000000.0,-168000000.0,583000000.0,0.0,412000000.0,-334000000,2013-12-31,40.70000076293945,41.040000915527344,40.58000183105469,40.86999893188477,31.588165283203125,11100900.0
2014-03-31,37408000000.0,-35002000000.0,2406000000.0,-2941000000.0,-2941000000.0,-535000000.0,591000000.0,-103000000.0,56000000,56000000,224000000.0,280000000,213000000,125000000,28142000000.0,11734000000.0,14837000000.0,86825000000.0,26367000000.0,60414000000.0,86781000000.0,173606000000,54373000000.0,14849000000.0,69222000000.0,22918000000.0,61544000000.0,130766000000,28794000000.0,13457000000.0,42840000000.0,173606000000,1976000000.0,-2256000000.0,194000000.0,-2837000000.0,-571000000.0,1303000000.0,0.0,718000000.0,-595000000,2014-03-31,34.529998779296875,34.790000915527344,33.950000762939446,34.419998168945305,26.83919334411621,24292600.0
2014-06-30,39649000000.0,-36777000000.0,2872000000.0,-3343000000.0,-3343000000.0,-471000000.0,504000000.0,-100000000.0,33000000,33000000,254000000.0,287000000,278000000,190000000,29799000000.0,11480000000.0,15200000000.0,91643000000.0,27023000000.0,60432000000.0,87455000000.0,179098000000,56544000000.0,15803000000.0,72347000000.0,24273000000.0,64166000000.0,136513000000,28856000000.0,13162000000.0,42585000000.0,179098000000,3830000000.0,-2707000000.0,-1155000000.0,-4763000000.0,-622000000.0,1929000000.0,0.0,1300000000.0,438000000,2014-06-30,36.59000015258789,36.900001525878906,35.97999954223633,36.29999923706055,28.54120635986328,20862200.0
2014-09-30,39255000000.0,-35107000000.0,4148000000.0,-2921000000.0,-2921000000.0,1227000000.0,640000000.0,-96000000.0,1867000000,1869000000,-427000000.0,1442000000,1471000000,1384000000,27630000000.0,10892000000.0,15210000000.0,86640000000.0,27375000000.0,62893000000.0,90268000000.0,176908000000,53943000000.0,13386000000.0,67329000000.0,27719000000.0,66016000000.0,133345000000,28848000000.0,13975000000.0,43563000000.0,176908000000,1088000000.0,-2900000000.0,270000000.0,-3825000000.0,-588000000.0,2154000000.0,-168000000.0,1342000000.0,-1804000000,2014-09-30,32.240001678466804,32.540000915527344,31.670000076293945,31.940000534057607,25.3328914642334,24790800.0
2014-12-31,39617000000.0,-35235000000.0,4382000000.0,-2953000000.0,-2953000000.0,1429000000.0,779000000.0,-104000000.0,2208000000,2288000000,-279000000.0,2009000000,1987000000,1105000000,28176000000.0,9078000000.0,13642000000.0,83626000000.0,27743000000.0,66132000000.0,93875000000.0,177501000000,50713000000.0,14944000000.0,65657000000.0,31721000000.0,75820000000.0,141477000000,28953000000.0,14577000000.0,36024000000.0,177501000000,3167000000.0,-3471000000.0,292000000.0,-3934000000.0,-1384000000.0,6854000000.0,-3109000000.0,2315000000.0,1108000000,2014-12-31,35.2400016784668,35.45000076293945,34.889999389648445,34.90999984741211,27.93552017211914,12004200.0
2015-03-31,35712000000.0,-31842000000.0,3870000000.0,-3117000000.0,-3117000000.0,753000000.0,684000000.0,-110000000.0,1437000000,1437000000,-529000000.0,908000000,945000000,945000000,24185000000.0,11569000000.0,14051000000.0,83231000000.0,27755000000.0,68932000000.0,96687000000.0,179918000000,52991000000.0,14351000000.0,67342000000.0,33907000000.0,75753000000.0,143095000000,28835000000.0,14825000000.0,36823000000.0,179918000000,375000000.0,-3751000000.0,697000000.0,-5468000000.0,-488000000.0,3144000000.0,-300000000.0,2359000000.0,-3178000000,2015-03-31,37.68000030517578,38.040000915527344,37.47000122070313,37.5,30.25444793701172,12633400.0
2015-06-30,38180000000.0,-33915000000.0,4265000000.0,-2977000000.0,-2977000000.0,1288000000.0,429000000.0,-108000000.0,1717000000,1717000000,-577000000.0,1140000000,1117000000,1117000000,24827000000.0,10604000000.0,14218000000.0,84554000000.0,28431000000.0,72827000000.0,101258000000.0,185812000000,55125000000.0,14403000000.0,69528000000.0,39114000000.0,80614000000.0,150142000000,28177000000.0,14512000000.0,35670000000.0,185812000000,5786000000.0,-5774000000.0,1227000000.0,-5855000000.0,-598000000.0,4735000000.0,-1699000000.0,2395000000.0,1851000000,2015-06-30,33.5,33.56999969482422,33.060001373291016,33.330001831054695,27.168643951416016,12911800.0
2015-09-30,38843000000.0,-33564000000.0,5279000000.0,-4282000000.0,-4282000000.0,997000000.0,509000000.0,-112000000.0,1506000000,1506000000,-165000000.0,1341000000,1359000000,1359000000,23462000000.0,10486000000.0,14368000000.0,82341000000.0,29381000000.0,77278000000.0,106659000000.0,189000000000,55737000000.0,17002000000.0,72739000000.0,40401000000.0,81126000000.0,153865000000,27760000000.0,14912000000.0,35135000000.0,189000000000,3308000000.0,-6173000000.0,-894000000.0,-8856000000.0,-592000000.0,5101000000.0,-889000000.0,3590000000.0,-2194000000,2015-09-30,29.6200008392334,30.10000038146973,29.3799991607666,30.020000457763672,24.771602630615234,18931900.0
2015-12-31,22990000000.0,-18978000000.0,4012000000.0,-1512000000.0,-1512000000.0,2500000000.0,762000000.0,-93000000.0,3262000000,3711000000,2490000000.0,6201000000,6266000000,6266000000,23401000000.0,8337000000.0,13764000000.0,69408000000.0,31229000000.0,93701000000.0,124930000000.0,194338000000,51655000000.0,19562000000.0,71217000000.0,43549000000.0,82798000000.0,154015000000,27622000000.0,20285000000.0,40323000000.0,194338000000,2300000000.0,-5116000000.0,-172000000.0,-7531000000.0,-564000000.0,5037000000.0,-632000000.0,5264000000.0,-336000000,2015-12-31,34.209999084472656,34.299999237060554,34.0,34.009998321533196,28.35961723327637,6586000.0
2016-03-31,37265000000.0,-32475000000.0,4790000000.0,-2818000000.0,-2818000000.0,1972000000.0,518000000.0,-127000000.0,2490000000,2490000000,-559000000.0,1931000000,1953000000,1953000000,21431000000.0,8988000000.0,15817000000.0,71034000000.0,32652000000.0,99932000000.0,132584000000.0,203618000000,53399000000.0,21588000000.0,74987000000.0,49561000000.0,87306000000.0,162293000000,27478000000.0,21508000000.0,41325000000.0,203618000000,-108000000.0,-6915000000.0,1686000000.0,-6640000000.0,-588000000.0,7422000000.0,-300000000.0,6427000000.0,-169000000,2016-03-31,31.01000022888184,31.59000015258789,31.0,31.43000030517578,26.53693962097168,10209000.0
2016-06-30,37383000000.0,-31903000000.0,5480000000.0,-2508000000.0,-2508000000.0,2972000000.0,649000000.0,-144000000.0,3621000000,3621000000,-877000000.0,2744000000,2866000000,2866000000,23170000000.0,10461000000.0,15026000000.0,74630000000.0,33510000000.0,102309000000.0,135819000000.0,210449000000,54813000000.0,21230000000.0,76043000000.0,54090000000.0,90403000000.0,166446000000,27750000000.0,23785000000.0,44003000000.0,210449000000,6127000000.0,-6173000000.0,1983000000.0,-5699000000.0,-600000000.0,3411000000.0,0.0,3600000000.0,3931000000,2016-06-30,28.18000030517578,29.65999984741211,27.70000076293945,28.29999923706055,24.198396682739247,15360600.0
2016-09-30,38889000000.0,-33341000000.0,5548000000.0,-2400000000.0,-2400000000.0,3148000000.0,461000000.0,-145000000.0,3609000000,3609000000,-902000000.0,2707000000,2773000000,2773000000,24104000000.0,10737000000.0,15427000000.0,76496000000.0,34713000000.0,106367000000.0,141080000000.0,217576000000,57161000000.0,25374000000.0,82535000000.0,53726000000.0,90026000000.0,172561000000,27256000000.0,25417000000.0,45015000000.0,217576000000,6570000000.0,-6174000000.0,-3595000000.0,-11660000000.0,-594000000.0,4182000000.0,-1201000000.0,2118000000.0,-2975000000,2016-09-30,31.6299991607666,31.95000076293945,31.57999992370605,31.770000457763672,27.49071311950684,9330000.0
2016-12-31,35647000000.0,-32434000000.0,3213000000.0,-2619000000.0,-2619000000.0,594000000.0,1694000000.0,-147000000.0,2288000000,2288000000,-401000000.0,1887000000,1837000000,1837000000,24415000000.0,8700000000.0,11040000000.0,76203000000.0,32603000000.0,112884000000.0,145487000000.0,221690000000,49226000000.0,23797000000.0,85181000000.0,51326000000.0,92434000000.0,177615000000,26998000000.0,26168000000.0,44075000000.0,221690000000,4018000000.0,-6063000000.0,-3775000000.0,-11644000000.0,-586000000.0,6012000000.0,-999000000.0,4932000000.0,-2959000000,2016-12-30,35.209999084472656,35.310001373291016,34.669998168945305,34.84000015258789,30.47423553466797,7646100.0
2017-03-31,37266000000.0,-32327000000.0,4939000000.0,-2356000000.0,-2356000000.0,2583000000.0,890000000.0,-147000000.0,3473000000,3473000000,-787000000.0,2686000000,2608000000,2608000000,23124000000.0,10898000000.0,14686000000.0,79598000000.0,37202000000.0,113993000000.0,151195000000.0,230793000000,57203000000.0,33701000000.0,90904000000.0,57200000000.0,93675000000.0,184579000000,27027000000.0,28195000000.0,46214000000.0,230793000000,2041000000.0,-5378000000.0,1598000000.0,-6805000000.0,-573000000.0,5779000000.0,0.0,5047000000.0,386000000,2017-03-31,35.349998474121094,35.5099983215332,35.27000045776367,35.36000061035156,31.245525360107425,11772800.0
2017-06-30,36984000000.0,-32210000000.0,4774000000.0,-2477000000.0,-2477000000.0,2297000000.0,670000000.0,-132000000.0,2967000000,2967000000,-534000000.0,2433000000,1660000000,1660000000,25731000000.0,9796000000.0,11289000000.0,85081000000.0,34301000000.0,120918000000.0,155219000000.0,240300000000,50005000000.0,30008000000.0,94306000000.0,59081000000.0,100269000000.0,194575000000,26343000000.0,28547000000.0,45725000000.0,240300000000,5518000000.0,-5968000000.0,1125000000.0,-7118000000.0,-572000000.0,7608000000.0,-1496000000.0,5493000000.0,3999000000,2017-06-30,34.970001220703125,35.049999237060554,34.77000045776367,34.93000030517578,31.21001625061035,7679700.0
2017-09-30,33623000000.0,-29744000000.0,3879000000.0,-2303000000.0,-2303000000.0,1576000000.0,854000000.0,-151000000.0,2430000000,2430000000,-2316000000.0,114000000,-2981000000,-2981000000,21246000000.0,10013000000.0,11789000000.0,76618000000.0,35178000000.0,117706000000.0,152884000000.0,229502000000,49868000000.0,25607000000.0,81849000000.0,67066000000.0,104176000000.0,186025000000,25796000000.0,24230000000.0,43477000000.0,229502000000,2881000000.0,-5167000000.0,679000000.0,-8838000000.0,-556000000.0,3253000000.0,-513000000.0,2139000000.0,-3665000000,2017-09-29,40.560001373291016,40.66999816894531,40.27000045776367,40.38000106811523,36.44726943969727,8919400.0
2017-12-31,37715000000.0,-33076000000.0,4639000000.0,-2434000000.0,-2434000000.0,2205000000.0,788000000.0,-145000000.0,2993000000,2993000000,-7896000000.0,-4903000000,-5151000000,-5167000000,23825000000.0,8164000000.0,10663000000.0,68744000000.0,79135000000.0,64603000000.0,143738000000.0,212482000000,49925000000.0,26965000000.0,76890000000.0,67254000000.0,99392000000.0,176282000000,25385000000.0,17627000000.0,36200000000.0,212482000000,6888000000.0,-4453000000.0,102000000.0,-4811000000.0,-532000000.0,1815000000.0,-1498000000.0,-95000000.0,1968000000,2017-12-29,41.52000045776367,41.59000015258789,40.9900016784668,40.9900016784668,37.334449768066406,6581400.0
2018-03-31,36099000000.0,-33198000000.0,2901000000.0,-2372000000.0,-2372000000.0,529000000.0,1047000000.0,-150000000.0,1576000000,1576000000,-466000000.0,1110000000,1046000000,1032000000,21366000000.0,10769000000.0,11461000000.0,71435000000.0,37321000000.0,109970000000.0,147291000000.0,218726000000,53369000000.0,29347000000.0,82716000000.0,69471000000.0,100552000000.0,183268000000,25351000000.0,17028000000.0,35458000000.0,218726000000,448000000.0,-4389000000.0,1148000000.0,-4562000000.0,-566000000.0,4622000000.0,-100000000.0,3769000000.0,-301000000,2018-03-29,35.83000183105469,36.52999877929688,35.689998626708984,36.34000015258789,33.435806274414055,13049800.0
2018-06-30,36760000000.0,-33067000000.0,3693000000.0,-2216000000.0,-2216000000.0,1477000000.0,1408000000.0,-159000000.0,2885000000,2885000000,-519000000.0,2366000000,2390000000,2375000000,22011000000.0,9663000000.0,10833000000.0,70451000000.0,38003000000.0,110187000000.0,148190000000.0,218641000000,52028000000.0,28264000000.0,80292000000.0,69995000000.0,99713000000.0,180005000000,25479000000.0,18873000000.0,38636000000.0,218641000000,5105000000.0,-3781000000.0,167000000.0,-5478000000.0,-538000000.0,339000000.0,1261000000.0,886000000.0,224000000,2018-06-29,40.66999816894531,40.79999923706055,39.36999893188477,39.400001525878906,36.56757736206055,14054900.0
2018-09-30,35791000000.0,-31597000000.0,4194000000.0,-2584000000.0,-2584000000.0,1610000000.0,1020000000.0,-161000000.0,2630000000,2630000000,-100000000.0,2530000000,2534000000,2503000000,24351000000.0,10376000000.0,11334000000.0,74848000000.0,38655000000.0,112208000000.0,150863000000.0,225711000000,53251000000.0,30865000000.0,84116000000.0,71475000000.0,100687000000.0,184803000000,25517000000.0,20865000000.0,40908000000.0,225711000000,3673000000.0,-3349000000.0,1009000000.0,-4535000000.0,-586000000.0,4127000000.0,492000000.0,3957000000.0,3087000000,2018-09-28,33.56999969482422,33.689998626708984,33.290000915527344,33.669998168945305,31.58964538574219,8836700.0
2018-12-31,38399000000.0,-35092000000.0,3307000000.0,-2478000000.0,-2478000000.0,829000000.0,629000000.0,-185000000.0,1458000000,1458000000,611000000.0,2069000000,2044000000,2006000000,26810000000.0,6549000000.0,9816000000.0,75293000000.0,82317000000.0,69729000000.0,152046000000.0,227339000000,50346000000.0,31891000000.0,82237000000.0,73060000000.0,102325000000.0,184562000000,25577000000.0,22322000000.0,42777000000.0,227339000000,6030000000.0,-3114000000.0,-36000000.0,-6188000000.0,-552000000.0,2576000000.0,1209000000.0,2842000000.0,2638000000,2018-12-31,34.0,34.220001220703125,32.919998168945305,33.450000762939446,31.713224411010746,8455500.0
2019-06-30,36060000000.0,-31471000000.0,4589000000.0,-2102000000.0,-2102000000.0,2487000000.0,440000000.0,-195000000.0,2927000000,2927000000,-524000000.0,2403000000,2418000000,2418000000,24121000000.0,10362000000.0,11447000000.0,81306000000.0,38188000000.0,114243000000.0,152431000000.0,233737000000,51145000000.0,33149000000.0,84294000000.0,73412000000.0,102354000000.0,186648000000,25779000000.0,25807000000.0,47089000000.0,233737000000,5076000000.0,-2519000000.0,-970000000.0,-4429000000.0,-558000000.0,-1117000000.0,414000000.0,-1289000000.0,-600000000,2019-06-28,38.33000183105469,38.91999816894531,38.33000183105469,38.52999877929688,37.28733444213867,11480900.0
2019-09-30,35473000000.0,-31161000000.0,4312000000.0,-2008000000.0,-2008000000.0,2304000000.0,278000000.0,-206000000.0,2582000000,2582000000,-271000000.0,2311000000,2351000000,2351000000,26776000000.0,6924000000.0,11797000000.0,80565000000.0,37969000000.0,112995000000.0,150964000000.0,231529000000,49478000000.0,34774000000.0,84252000000.0,69692000000.0,98506000000.0,182758000000,25942000000.0,27609000000.0,48771000000.0,231529000000,6553000000.0,-2136000000.0,426000000.0,-1551000000.0,-608000000.0,-1663000000.0,49000000.0,-2133000000.0,2718000000,2019-09-30,37.52999877929688,37.58000183105469,37.0099983215332,37.47999954223633,36.63525390625,7477000.0
