Report Date,Revenue,Cost of Revenue,Gross Profit,Operating Expenses,"Selling, General & Administrative",Depreciation & Amortization,Operating Income (Loss),Non-Operating Income (Loss),"Interest Expense, Net","Pretax Income (Loss), Adj.",Abnormal Gains (Losses),Pretax Income (Loss),"Income Tax (Expense) Benefit, Net",Income (Loss) from Continuing Operations,Net Income,Net Income (Common),"Cash, Cash Equivalents & Short Term Investments",Accounts & Notes Receivable,Inventories,Total Current Assets,"Property, Plant & Equipment, Net",Long Term Investments & Receivables,Other Long Term Assets,Total Noncurrent Assets,Total Assets,Payables & Accruals,Short Term Debt,Total Current Liabilities,Long Term Debt,Total Noncurrent Liabilities,Total Liabilities,Share Capital & Additional Paid-In Capital,Retained Earnings,Total Equity,Total Liabilities & Equity,Net Income/Starting Line,Depreciation & Amortization.1,Non-Cash Items,Change in Working Capital,Net Cash from Operating Activities,Change in Fixed Assets & Intangibles,Net Cash from Acquisitions & Divestitures,Net Cash from Investing Activities,Cash from (Repayment of) Debt,Cash from (Repurchase of) Equity,Net Cash from Financing Activities,Net Change in Cash,Price Date,Open,High,Low,Close,Adj Close,Volume
2011-03-31,7406000000.0,-1275000000.0,6131000000.0,-4975000000.0,-3295000000.0,-358000000.0,1156000000.0,-457000000.0,-533000000.0,699000000,-182000000.0,517000000,-183000000.0,334000000,240000000,240000000,553000000.0,4060000000.0,881000000.0,6986000000.0,11347000000.0,1442000000.0,4034000000.0,16823000000.0,23809000000,3721000000.0,546000000.0,4267000000.0,24820000000.0,27330000000.0,31597000000,3062000000.0,-11648000000.0,-7788000000.0,23809000000,334000000.0,358000000.0,1000000000.0,-774000000.0,918000000.0,-329000000.0,33000000.0,-273000000.0,-2900000000.0,2506000000.0,-503000000.0,142000000,2011-03-31,34.0,34.110000610351555,33.669998168945305,33.86999893188477,26.221250534057607,1960600.0
2011-06-30,7249000000.0,-1295000000.0,5954000000.0,-4965000000.0,-3320000000.0,-358000000.0,989000000.0,-447000000.0,-520000000.0,542000000,-75000000.0,467000000,-147000000.0,320000000,229000000,229000000,539000000.0,3946000000.0,887000000.0,6891000000.0,11584000000.0,1358000000.0,4044000000.0,16986000000.0,23877000000,3589000000.0,689000000.0,4278000000.0,24631000000.0,27133000000.0,31411000000,3077000000.0,-11419000000.0,-7534000000.0,23877000000,320000000.0,358000000.0,872000000.0,-802000000.0,748000000.0,-447000000.0,-147000000.0,-539000000.0,-132000000.0,0.0,-223000000.0,-14000000,2011-06-30,32.779998779296875,33.389999389648445,32.630001068115234,33.0,25.54772186279297,1479200.0
2011-09-30,7258000000.0,-1263000000.0,5995000000.0,-5013000000.0,-3333000000.0,-362000000.0,982000000.0,-451000000.0,-519000000.0,531000000,-408000000.0,123000000,23000000.0,146000000,61000000,61000000,359000000.0,3925000000.0,891000000.0,6693000000.0,11645000000.0,1382000000.0,4036000000.0,17063000000.0,23756000000,3546000000.0,725000000.0,4271000000.0,25871000000.0,28547000000.0,32818000000,1588000000.0,-11358000000.0,-9062000000.0,23756000000,146000000.0,362000000.0,1132000000.0,-760000000.0,880000000.0,-394000000.0,-40000000.0,-428000000.0,1035000000.0,-1503000000.0,-632000000.0,-180000000,2011-09-30,19.520000457763672,20.309999465942386,19.46999931335449,20.15999984741211,15.607336044311525,4126700.0
2011-12-31,7769000000.0,-1346000000.0,6423000000.0,-5212000000.0,-3492000000.0,-387000000.0,1211000000.0,-424000000.0,-465000000.0,787000000,1667000000.0,2454000000,-412000000.0,2042000000,1935000000,1935000000,373000000.0,4533000000.0,1054000000.0,7233000000.0,12834000000.0,649000000.0,6182000000.0,19665000000.0,26898000000,4147000000.0,1407000000.0,5554000000.0,25645000000.0,28358000000.0,33912000000,1605000000.0,-9423000000.0,-7014000000.0,26898000000,2042000000.0,387000000.0,-425000000.0,-617000000.0,1387000000.0,-509000000.0,-1247000000.0,-1755000000.0,408000000.0,0.0,382000000.0,14000000,2011-12-30,21.21999931335449,22.350000381469727,21.21999931335449,22.030000686645508,17.055036544799805,1972500.0
2013-12-31,8836000000.0,-1564000000.0,7272000000.0,-6019000000.0,-3965000000.0,-461000000.0,1253000000.0,-456000000.0,-456000000.0,797000000,3000000.0,800000000,-246000000.0,554000000,424000000,424000000,414000000.0,5208000000.0,1179000000.0,8037000000.0,13619000000.0,569000000.0,6606000000.0,20794000000.0,28831000000,4909000000.0,786000000.0,5695000000.0,27590000000.0,30064000000.0,35759000000,1390000000.0,-9403000000.0,-6928000000.0,28831000000,554000000.0,461000000.0,1164000000.0,-953000000.0,1226000000.0,-596000000.0,-16000000.0,-672000000.0,-22000000.0,-500000000.0,-624000000.0,-70000000,2013-12-31,47.25,47.97999954223633,47.18000030517578,47.709999084472656,46.087486267089844,1499800.0
2014-06-30,9230000000.0,-1532000000.0,7698000000.0,-6161000000.0,-4098000000.0,-454000000.0,1537000000.0,-418000000.0,-427000000.0,1119000000,-215000000.0,904000000,-272000000.0,632000000,483000000,483000000,658000000.0,5472000000.0,1211000000.0,8772000000.0,13721000000.0,576000000.0,6753000000.0,21050000000.0,29822000000,4849000000.0,1046000000.0,5895000000.0,27942000000.0,30515000000.0,36410000000,781000000.0,-8572000000.0,-6588000000.0,29822000000,632000000.0,454000000.0,754000000.0,-590000000.0,1250000000.0,-513000000.0,1000000.0,-455000000.0,-160000000.0,-750000000.0,-987000000.0,-192000000,2014-06-30,55.61999893188477,56.83000183105469,55.52000045776367,56.38000106811523,54.462646484375,3023600.0
2014-09-30,9220000000.0,-1539000000.0,7681000000.0,-6327000000.0,-4211000000.0,-460000000.0,1354000000.0,-413000000.0,-427000000.0,941000000,-12000000.0,929000000,-318000000.0,611000000,518000000,518000000,515000000.0,5524000000.0,1258000000.0,8527000000.0,13878000000.0,608000000.0,6812000000.0,21298000000.0,29825000000,4588000000.0,1044000000.0,5632000000.0,27426000000.0,30211000000.0,35843000000,876000000.0,-8054000000.0,-6018000000.0,29825000000,611000000.0,460000000.0,851000000.0,-794000000.0,1128000000.0,-569000000.0,-64000000.0,-648000000.0,-543000000.0,0.0,-623000000.0,-143000000,2014-09-30,72.0,72.19000244140625,70.43000030517578,70.5199966430664,68.12176513671875,3417100.0
2014-12-31,9636000000.0,-1659000000.0,7977000000.0,-6491000000.0,-4282000000.0,-459000000.0,1486000000.0,-418000000.0,-429000000.0,1068000000,-100000000.0,968000000,-292000000.0,676000000,527000000,527000000,566000000.0,5694000000.0,1279000000.0,8930000000.0,14355000000.0,659000000.0,7036000000.0,22050000000.0,30980000000,5142000000.0,338000000.0,5480000000.0,29088000000.0,31998000000.0,37478000000,4000000.0,-7575000000.0,-6498000000.0,30980000000,676000000.0,459000000.0,980000000.0,-488000000.0,1627000000.0,-694000000.0,-656000000.0,-1406000000.0,961000000.0,-1000000000.0,-170000000.0,51000000,2014-12-31,74.54000091552734,74.91999816894531,73.30000305175781,73.38999938964844,70.89415740966797,1456300.0
2015-03-31,9676000000.0,-1638000000.0,8038000000.0,-6569000000.0,-4398000000.0,-473000000.0,1469000000.0,-400000000.0,-419000000.0,1069000000,9000000.0,1078000000,-358000000.0,720000000,591000000,591000000,586000000.0,5928000000.0,1287000000.0,9130000000.0,14392000000.0,616000000.0,7150000000.0,22158000000.0,31288000000,5135000000.0,2037000000.0,7172000000.0,27406000000.0,30338000000.0,37510000000,4000000.0,-7280000000.0,-6222000000.0,31288000000,720000000.0,473000000.0,1138000000.0,-1313000000.0,1018000000.0,-446000000.0,-13000000.0,-432000000.0,-51000000.0,-366000000.0,-566000000.0,20000000,2015-03-31,76.05999755859375,76.69000244140625,75.22000122070312,75.2300033569336,72.67159271240234,2111600.0
2015-06-30,9897000000.0,-1670000000.0,8227000000.0,-6698000000.0,-4492000000.0,-469000000.0,1529000000.0,-415000000.0,-425000000.0,1114000000,-130000000.0,984000000,-319000000.0,665000000,507000000,507000000,673000000.0,5804000000.0,1348000000.0,9293000000.0,14560000000.0,586000000.0,7271000000.0,22417000000.0,31710000000,4936000000.0,1374000000.0,6310000000.0,28363000000.0,31355000000.0,37665000000,4000000.0,-7120000000.0,-5955000000.0,31710000000,665000000.0,469000000.0,706000000.0,-783000000.0,1057000000.0,-558000000.0,-60000000.0,-577000000.0,155000000.0,-574000000.0,-393000000.0,87000000,2015-06-30,91.58000183105469,91.58000183105469,90.30999755859376,90.72000122070312,87.63479614257812,4654600.0
2015-09-30,9856000000.0,-1644000000.0,8212000000.0,-6888000000.0,-4619000000.0,-482000000.0,1324000000.0,-402000000.0,-411000000.0,922000000,-79000000.0,843000000,-270000000.0,573000000,449000000,449000000,588000000.0,5827000000.0,1379000000.0,9221000000.0,14704000000.0,595000000.0,7376000000.0,22675000000.0,31896000000,4936000000.0,1377000000.0,6313000000.0,28375000000.0,31395000000.0,37708000000,4000000.0,-6989000000.0,-5812000000.0,31896000000,573000000.0,482000000.0,1283000000.0,-1237000000.0,1101000000.0,-567000000.0,-84000000.0,-622000000.0,-28000000.0,-446000000.0,-564000000.0,-85000000,2015-09-30,75.0,77.9800033569336,74.5,77.36000061035156,74.72916412353516,5821000.0
2015-12-31,10249000000.0,-1686000000.0,8563000000.0,-6920000000.0,-4606000000.0,-480000000.0,1643000000.0,-402000000.0,-410000000.0,1241000000,-189000000.0,1052000000,-314000000.0,738000000,582000000,582000000,741000000.0,5889000000.0,1439000000.0,9232000000.0,15014000000.0,610000000.0,7888000000.0,23512000000.0,32744000000,5283000000.0,233000000.0,5516000000.0,30255000000.0,33274000000.0,38790000000,4000000.0,-7338000000.0,-6046000000.0,32744000000,738000000.0,480000000.0,1243000000.0,-903000000.0,1558000000.0,-804000000.0,-121000000.0,-952000000.0,702000000.0,-1011000000.0,-453000000.0,153000000,2015-12-31,67.94999694824219,68.86000061035156,67.59999847412111,67.62999725341797,65.33003234863281,2320200.0
2016-03-31,10260000000.0,-1714000000.0,8546000000.0,-7034000000.0,-4702000000.0,-479000000.0,1512000000.0,-404000000.0,-416000000.0,1108000000,-13000000.0,1095000000,-284000000.0,811000000,694000000,694000000,852000000.0,5880000000.0,1415000000.0,9201000000.0,15057000000.0,599000000.0,7919000000.0,23575000000.0,32776000000,5172000000.0,226000000.0,5398000000.0,30328000000.0,33377000000.0,38775000000,4000000.0,-7266000000.0,-5999000000.0,32776000000,811000000.0,479000000.0,1255000000.0,-1146000000.0,1399000000.0,-509000000.0,-5000000.0,-496000000.0,59000000.0,-621000000.0,-792000000.0,111000000,2016-03-31,77.91999816894531,78.69999694824219,77.83999633789062,78.05000305175781,75.39569091796875,2312100.0
2016-06-30,10319000000.0,-1718000000.0,8601000000.0,-7048000000.0,-4691000000.0,-489000000.0,1553000000.0,-417000000.0,-427000000.0,1136000000,-4000000.0,1132000000,-341000000.0,791000000,658000000,658000000,691000000.0,5669000000.0,1481000000.0,9095000000.0,15624000000.0,542000000.0,7944000000.0,24110000000.0,33205000000,5172000000.0,224000000.0,5396000000.0,31228000000.0,34307000000.0,39703000000,4000000.0,-7767000000.0,-6498000000.0,33205000000,791000000.0,489000000.0,565000000.0,-496000000.0,1349000000.0,-663000000.0,-411000000.0,-1059000000.0,876000000.0,-1237000000.0,-451000000.0,-161000000,2016-06-30,77.16999816894531,77.5,76.20999908447266,77.01000213623047,74.39105224609375,2473800.0
2016-09-30,10270000000.0,-1699000000.0,8571000000.0,-7131000000.0,-4740000000.0,-495000000.0,1440000000.0,-410000000.0,-432000000.0,1030000000,-12000000.0,1018000000,-273000000.0,745000000,618000000,618000000,677000000.0,5503000000.0,1503000000.0,8843000000.0,15875000000.0,570000000.0,7839000000.0,24284000000.0,33127000000,4939000000.0,216000000.0,5155000000.0,31225000000.0,34135000000.0,39290000000,4000000.0,-7426000000.0,-6163000000.0,33127000000,745000000.0,495000000.0,870000000.0,-904000000.0,1206000000.0,-712000000.0,-29000000.0,-679000000.0,-29000000.0,-355000000.0,-541000000.0,-14000000,2016-09-30,75.5199966430664,75.88999938964844,74.73999786376953,75.62999725341797,73.0579833984375,2572600.0
2016-12-31,10641000000.0,-1802000000.0,8839000000.0,-7146000000.0,-4764000000.0,-503000000.0,1693000000.0,-422000000.0,-432000000.0,1271000000,294000000.0,1565000000,-480000000.0,1085000000,920000000,920000000,646000000.0,5826000000.0,1503000000.0,9086000000.0,16352000000.0,542000000.0,7778000000.0,24672000000.0,33758000000,5618000000.0,216000000.0,5834000000.0,31160000000.0,33557000000.0,39391000000,4000000.0,-6968000000.0,-5633000000.0,33758000000,1085000000.0,503000000.0,780000000.0,-669000000.0,1699000000.0,-876000000.0,-105000000.0,-1006000000.0,-91000000.0,-538000000.0,-724000000.0,-31000000,2016-12-30,73.8499984741211,74.26000213623047,72.86000061035156,74.0199966430664,71.50273895263672,1711100.0
2017-03-31,10623000000.0,-1797000000.0,8826000000.0,-7352000000.0,-4901000000.0,-521000000.0,1474000000.0,-409000000.0,-419000000.0,1065000000,1000000.0,1066000000,-289000000.0,777000000,659000000,659000000,753000000.0,5664000000.0,1501000000.0,9037000000.0,16462000000.0,543000000.0,7753000000.0,24758000000.0,33795000000,5251000000.0,212000000.0,5463000000.0,31302000000.0,33689000000.0,39152000000,4000000.0,-6701000000.0,-5357000000.0,33795000000,777000000.0,521000000.0,1162000000.0,-1180000000.0,1280000000.0,-571000000.0,-86000000.0,-669000000.0,117000000.0,-424000000.0,-504000000.0,107000000,2017-03-31,89.08999633789062,89.29000091552734,88.54000091552734,88.98999786376953,85.96363830566406,1709000.0
2017-06-30,10733000000.0,-1795000000.0,8938000000.0,-7382000000.0,-4896000000.0,-521000000.0,1556000000.0,-398000000.0,-411000000.0,1158000000,2000000.0,1160000000,-365000000.0,795000000,657000000,657000000,705000000.0,5782000000.0,1544000000.0,9337000000.0,16768000000.0,549000000.0,7912000000.0,25229000000.0,34566000000,5558000000.0,213000000.0,5771000000.0,31448000000.0,33874000000.0,39645000000,4000000.0,-6503000000.0,-5079000000.0,34566000000,795000000.0,521000000.0,-697000000.0,785000000.0,1404000000.0,-733000000.0,-195000000.0,-922000000.0,130000000.0,-542000000.0,-530000000.0,-48000000,2017-06-30,87.2300033569336,87.79000091552734,87.0999984741211,87.19999694824219,84.23452758789062,1727900.0
2017-09-30,10696000000.0,-1777000000.0,8919000000.0,-7695000000.0,-5081000000.0,-539000000.0,1224000000.0,-414000000.0,-427000000.0,810000000,-32000000.0,778000000,-248000000.0,530000000,426000000,426000000,718000000.0,5980000000.0,1546000000.0,9448000000.0,17329000000.0,569000000.0,8385000000.0,26283000000.0,35731000000,5409000000.0,202000000.0,5611000000.0,32751000000.0,35186000000.0,40797000000,4000000.0,-6516000000.0,-5066000000.0,35731000000,530000000.0,539000000.0,-167000000.0,106000000.0,1008000000.0,-729000000.0,-837000000.0,-1581000000.0,1205000000.0,-509000000.0,586000000.0,13000000,2017-09-29,79.11000061035156,79.70999908447266,78.97000122070312,79.58999633789062,76.88331604003906,1455800.0
2017-12-31,11562000000.0,-1947000000.0,9615000000.0,-7812000000.0,-5181000000.0,-550000000.0,1803000000.0,-424000000.0,-433000000.0,1379000000,-2000000.0,1377000000,-736000000.0,641000000,474000000,474000000,732000000.0,6501000000.0,1573000000.0,9977000000.0,17895000000.0,617000000.0,8104000000.0,26616000000.0,36593000000,5958000000.0,200000000.0,6158000000.0,32858000000.0,35430000000.0,41588000000,4000000.0,-6532000000.0,-4995000000.0,36593000000,641000000.0,550000000.0,550000000.0,-7000000.0,1734000000.0,-982000000.0,-69000000.0,-1107000000.0,57000000.0,-576000000.0,-613000000.0,14000000,2017-12-29,88.4800033569336,89.05999755859375,87.77999877929688,87.83999633789062,84.85274505615234,1242800.0
2018-03-31,11423000000.0,-1915000000.0,9508000000.0,-7952000000.0,-5289000000.0,-553000000.0,1556000000.0,-422000000.0,-431000000.0,1134000000,405000000.0,1539000000,-257000000.0,1282000000,1144000000,1144000000,1086000000.0,6332000000.0,1677000000.0,10391000000.0,18124000000.0,648000000.0,8136000000.0,26908000000.0,37299000000,5781000000.0,1697000000.0,7478000000.0,31594000000.0,34255000000.0,41733000000,4000000.0,-6051000000.0,-4434000000.0,37299000000,1282000000.0,553000000.0,-67000000.0,-485000000.0,1283000000.0,-694000000.0,388000000.0,-335000000.0,220000000.0,-423000000.0,-611000000.0,354000000,2018-03-29,97.6999969482422,97.81999969482422,95.8000030517578,97.0,94.02527618408205,3301600.0
2018-06-30,11529000000.0,-1917000000.0,9612000000.0,-7954000000.0,-5274000000.0,-562000000.0,1658000000.0,-429000000.0,-436000000.0,1229000000,9000000.0,1238000000,-272000000.0,966000000,820000000,820000000,868000000.0,6592000000.0,1636000000.0,10394000000.0,18544000000.0,648000000.0,8156000000.0,27348000000.0,37742000000,5933000000.0,1692000000.0,7625000000.0,31500000000.0,34242000000.0,41867000000,3000000.0,-5731000000.0,-4125000000.0,37742000000,966000000.0,562000000.0,-29000000.0,83000000.0,1582000000.0,-880000000.0,-127000000.0,-980000000.0,-111000000.0,-470000000.0,-797000000.0,-218000000,2018-06-29,102.88999938964844,103.3499984741211,101.70999908447266,102.5999984741211,99.78646850585938,1258700.0
2018-09-30,11451000000.0,-1890000000.0,9561000000.0,-8056000000.0,-5377000000.0,-582000000.0,1505000000.0,-433000000.0,-442000000.0,1072000000,-3000000.0,1069000000,-173000000.0,896000000,759000000,759000000,578000000.0,6532000000.0,1634000000.0,10010000000.0,19041000000.0,605000000.0,8388000000.0,28034000000.0,38044000000,6040000000.0,191000000.0,6231000000.0,32916000000.0,35543000000.0,41774000000,3000000.0,-5342000000.0,-3730000000.0,38044000000,896000000.0,582000000.0,-12000000.0,255000000.0,1721000000.0,-846000000.0,-515000000.0,-1300000000.0,-91000000.0,-302000000.0,-706000000.0,-290000000,2018-09-28,138.00999450683594,139.3699951171875,136.75999450683594,139.1199951171875,135.665283203125,2013100.0
2018-12-31,12274000000.0,-2002000000.0,10272000000.0,-8349000000.0,-5485000000.0,-581000000.0,1923000000.0,-442000000.0,-446000000.0,1481000000,8000000.0,1489000000,-244000000.0,1245000000,1064000000,1064000000,502000000.0,6789000000.0,1732000000.0,10213000000.0,19757000000.0,594000000.0,8643000000.0,28994000000.0,39207000000,6781000000.0,788000000.0,7569000000.0,32033000000.0,34556000000.0,42125000000,3000000.0,-4572000000.0,-2918000000.0,39207000000,1245000000.0,581000000.0,169000000.0,180000000.0,2175000000.0,-1153000000.0,-191000000.0,-1286000000.0,-362000000.0,-335000000.0,-961000000.0,-76000000,2018-12-31,123.4800033569336,124.86000061035156,123.0999984741211,124.4499969482422,121.65425872802734,1206400.0
2019-03-31,12517000000.0,-2041000000.0,10476000000.0,-8565000000.0,-5647000000.0,-619000000.0,1911000000.0,-450000000.0,-461000000.0,1461000000,-1000000.0,1460000000,-279000000.0,1181000000,1039000000,1039000000,531000000.0,7420000000.0,1778000000.0,11108000000.0,21128000000.0,584000000.0,10559000000.0,32271000000.0,43379000000,6735000000.0,3796000000.0,10531000000.0,31019000000.0,35103000000.0,45634000000,3000000.0,-3983000000.0,-2255000000.0,43379000000,1181000000.0,619000000.0,368000000.0,-1194000000.0,974000000.0,-781000000.0,-1444000000.0,-2165000000.0,1911000000.0,-278000000.0,1216000000.0,29000000,2019-03-29,129.3699951171875,130.77000427246094,128.41000366210938,130.3800048828125,127.8193588256836,1410600.0
2019-06-30,12602000000.0,-2118000000.0,10484000000.0,-8835000000.0,-5837000000.0,-636000000.0,1649000000.0,-469000000.0,-477000000.0,1180000000,18000000.0,1198000000,-271000000.0,927000000,783000000,783000000,2430000000.0,7219000000.0,1826000000.0,12869000000.0,21467000000.0,589000000.0,10524000000.0,32580000000.0,45449000000,6888000000.0,2073000000.0,8961000000.0,34120000000.0,38258000000.0,47219000000,3000000.0,-3474000000.0,-1770000000.0,45449000000,927000000.0,636000000.0,-117000000.0,551000000.0,1997000000.0,-964000000.0,-19000000.0,-948000000.0,1402000000.0,-242000000.0,854000000.0,1899000000,2019-06-28,134.10000610351562,135.61000061035156,132.33000183105472,135.16999816894528,132.94917297363278,1885800.0
2019-09-30,12694000000.0,-2090000000.0,10604000000.0,-8970000000.0,-5971000000.0,-647000000.0,1634000000.0,-444000000.0,-448000000.0,1190000000,-211000000.0,979000000,-215000000.0,764000000,612000000,612000000,559000000.0,7131000000.0,1769000000.0,10769000000.0,22002000000.0,600000000.0,10541000000.0,33143000000.0,43912000000,6976000000.0,148000000.0,7124000000.0,34097000000.0,38235000000.0,45359000000,3000000.0,-3107000000.0,-1447000000.0,43912000000,764000000.0,647000000.0,378000000.0,337000000.0,2126000000.0,-1139000000.0,-80000000.0,-1262000000.0,-2181000000.0,-239000000.0,-2731000000.0,-1871000000,2019-09-30,118.9000015258789,121.66000366210938,118.43000030517578,120.41999816894531,118.83516693115234,2486800.0
2019-12-31,13523000000.0,-2232000000.0,11291000000.0,-9267000000.0,-6105000000.0,-694000000.0,2024000000.0,-418000000.0,-438000000.0,1606000000,1000000.0,1607000000,-334000000.0,1273000000,1071000000,1071000000,621000000.0,7380000000.0,1849000000.0,11196000000.0,22715000000.0,564000000.0,10583000000.0,33862000000.0,45058000000,7612000000.0,145000000.0,7757000000.0,33577000000.0,37866000000.0,45623000000,3000000.0,-2351000000.0,-565000000.0,45058000000,1273000000.0,694000000.0,320000000.0,218000000.0,2505000000.0,-1274000000.0,-78000000.0,-1345000000.0,-565000000.0,-272000000.0,-1110000000.0,62000000,2019-12-31,147.39999389648438,148.10000610351562,147.30999755859375,147.80999755859375,146.28285217285156,811600.0
2020-03-31,12861000000.0,-2123000000.0,10738000000.0,-9219000000.0,-6118000000.0,-674000000.0,1519000000.0,-421000000.0,-428000000.0,1098000000,-288000000.0,810000000,-112000000.0,698000000,581000000,581000000,731000000.0,6890000000.0,1953000000.0,11016000000.0,22985000000.0,563000000.0,10857000000.0,34405000000.0,45421000000,6857000000.0,162000000.0,7019000000.0,34699000000.0,39105000000.0,46124000000,3000000.0,-2394000000.0,-703000000.0,45421000000,698000000.0,674000000.0,519000000.0,-516000000.0,1375000000.0,-853000000.0,-293000000.0,-1145000000.0,813000000.0,-441000000.0,-109000000.0,110000000,2020-03-31,89.61000061035156,91.83999633789062,87.5999984741211,89.8499984741211,89.22291564941406,2929400.0
2020-06-30,11068000000.0,-1748000000.0,9320000000.0,-8168000000.0,-5330000000.0,-691000000.0,1152000000.0,-387000000.0,-388000000.0,765000000,795000000.0,1560000000,-344000000.0,1216000000,1079000000,1079000000,4638000000.0,6139000000.0,1834000000.0,14031000000.0,23071000000.0,639000000.0,10968000000.0,34678000000.0,48709000000,7694000000.0,163000000.0,12856000000.0,30779000000.0,35285000000.0,48141000000,91000000.0,-1315000000.0,568000000.0,48709000000,1216000000.0,691000000.0,5478000000.0,1338000000.0,8723000000.0,-745000000.0,-14000000.0,-808000000.0,-3957000000.0,0.0,-4007000000.0,3907000000,2020-06-30,96.1999969482422,97.62999725341795,93.76000213623048,97.05999755859376,96.38259887695312,1841200.0
