Report Date,Revenue,Cost of Revenue,Gross Profit,Operating Expenses,"Selling, General & Administrative",Depreciation & Amortization,Operating Income (Loss),Non-Operating Income (Loss),"Interest Expense, Net","Pretax Income (Loss), Adj.",Pretax Income (Loss),"Income Tax (Expense) Benefit, Net",Income (Loss) from Continuing Operations,Net Income,Net Income (Common),"Cash, Cash Equivalents & Short Term Investments",Accounts & Notes Receivable,Inventories,Total Current Assets,"Property, Plant & Equipment, Net",Other Long Term Assets,Total Noncurrent Assets,Total Assets,Payables & Accruals,Short Term Debt,Total Current Liabilities,Long Term Debt,Total Noncurrent Liabilities,Total Liabilities,Share Capital & Additional Paid-In Capital,Treasury Stock,Retained Earnings,Total Equity,Total Liabilities & Equity,Net Income/Starting Line,Depreciation & Amortization.1,Non-Cash Items,Change in Working Capital,Net Cash from Operating Activities,Change in Fixed Assets & Intangibles,Net Cash from Investing Activities,Dividends Paid,Cash from (Repayment of) Debt,Cash from (Repurchase of) Equity,Net Cash from Financing Activities,Net Change in Cash,Price Date,Open,High,Low,Close,Adj Close,Volume
2010-01-31,14607000000.0,-9647000000.0,4960000000.0,-4694000000.0,-4251000000.0,-443000000.0,266000000.0,-297000000.0,-134000000.0,-31000000,-31000000,29000000.0,-2000000,-54000000,-54000000,525000000.0,972000000.0,10673000000.0,13362000000.0,26234000000.0,1568000000.0,27802000000.0,41164000000,8221000000.0,1767000000.0,11153000000.0,9667000000.0,12234000000.0,23387000000,6133000000.0,-372000000.0,12093000000.0,17777000000.0,41164000000,-54000000.0,470000000.0,333000000.0,-15000000.0,734000000.0,-417000000.0,-365000000.0,-380000000.0,3000000.0,29000000.0,-685000000.0,-345000000,2010-01-29,27.56999969482422,28.09000015258789,27.3799991607666,28.01000022888184,21.35138320922852,22453800.0
2010-04-30,16175000000.0,-10725000000.0,5450000000.0,-4470000000.0,-4042000000.0,-428000000.0,980000000.0,-175000000.0,-175000000.0,805000000,805000000,-291000000.0,514000000,514000000,514000000,2442000000.0,1342000000.0,11479000000.0,16646000000.0,25404000000.0,1569000000.0,26973000000.0,43619000000,10731000000.0,2021000000.0,13977000000.0,7676000000.0,10271000000.0,24248000000,6407000000.0,-1094000000.0,13552000000.0,19371000000.0,43619000000,514000000.0,453000000.0,-40000000.0,800000000.0,1727000000.0,-102000000.0,-83000000.0,-381000000.0,-4000000.0,2000000.0,43000000.0,1695000000,2010-04-30,35.70000076293945,35.9900016784668,35.22999954223633,35.22999954223633,27.05479621887207,15800700.0
2010-07-31,19071000000.0,-12683000000.0,6388000000.0,-4555000000.0,-4121000000.0,-434000000.0,1833000000.0,-161000000.0,-161000000.0,1672000000,1672000000,-556000000.0,1116000000,1116000000,1116000000,2395000000.0,1218000000.0,10759000000.0,15757000000.0,25190000000.0,1588000000.0,26778000000.0,42535000000,9567000000.0,2022000000.0,12739000000.0,7727000000.0,10351000000.0,23090000000,6497000000.0,-1794000000.0,14350000000.0,19445000000.0,42535000000,1116000000.0,458000000.0,40000000.0,-13000000.0,1601000000.0,-131000000.0,-131000000.0,-381000000.0,-7000000.0,32000000.0,-572000000.0,893000000,2010-07-30,27.75,28.559999465942386,27.6299991607666,28.51000022888184,22.0478630065918,14837700.0
2010-10-31,16361000000.0,-10800000000.0,5561000000.0,-4298000000.0,-3870000000.0,-428000000.0,1263000000.0,-164000000.0,-164000000.0,1099000000,1099000000,-410000000.0,689000000,689000000,689000000,1425000000.0,1295000000.0,10993000000.0,15076000000.0,25050000000.0,1615000000.0,26665000000.0,41741000000,9176000000.0,1023000000.0,11360000000.0,8752000000.0,11266000000.0,22626000000,6541000000.0,-2594000000.0,14793000000.0,19115000000.0,41741000000,689000000.0,453000000.0,29000000.0,165000000.0,1336000000.0,-174000000.0,-171000000.0,-382000000.0,-1004000000.0,-95000000.0,-1570000000.0,-388000000,2010-10-29,31.09000015258789,31.18000030517578,30.8700008392334,30.899999618530273,24.09933662414551,9499200.0
2011-01-31,16390000000.0,-10485000000.0,5905000000.0,-4142000000.0,-3816000000.0,-326000000.0,1763000000.0,-66000000.0,-15000000.0,1697000000,1697000000,-678000000.0,1019000000,1019000000,1019000000,1421000000.0,964000000.0,10188000000.0,13900000000.0,25550000000.0,1427000000.0,26977000000.0,40877000000,8185000000.0,1020000000.0,10363000000.0,8662000000.0,11121000000.0,21484000000,6390000000.0,-585000000.0,13226000000.0,19393000000.0,40877000000,1019000000.0,354000000.0,289000000.0,-1741000000.0,-79000000.0,-605000000.0,-627000000.0,-425000000.0,984000000.0,-2443000000.0,-2352000000.0,-3076000000,2011-01-31,37.13000106811523,37.18000030517578,36.54999923706055,36.77000045776367,28.8996639251709,11189800.0
2011-04-30,16823000000.0,-10995000000.0,5828000000.0,-4406000000.0,-4009000000.0,-397000000.0,1422000000.0,-139000000.0,-139000000.0,1283000000,1283000000,-471000000.0,812000000,812000000,812000000,1806000000.0,1456000000.0,11694000000.0,16161000000.0,24993000000.0,1643000000.0,26636000000.0,42797000000,10167000000.0,43000000.0,11458000000.0,10720000000.0,13141000000.0,24599000000,6455000000.0,-4274000000.0,15404000000.0,18198000000.0,42797000000,812000000.0,424000000.0,68000000.0,794000000.0,2098000000.0,-184000000.0,-184000000.0,-403000000.0,987000000.0,-1267000000.0,-664000000.0,1261000000,2011-04-29,37.459999084472656,37.560001373291016,37.02000045776367,37.150001525878906,29.39765930175781,15945000.0
2011-07-31,20232000000.0,-13356000000.0,6876000000.0,-4582000000.0,-4186000000.0,-396000000.0,2294000000.0,-146000000.0,-146000000.0,2148000000,2148000000,-785000000.0,1363000000,1363000000,1363000000,2551000000.0,1332000000.0,10756000000.0,15857000000.0,24798000000.0,1622000000.0,26420000000.0,42277000000,9725000000.0,44000000.0,10947000000.0,10731000000.0,13097000000.0,24044000000,6751000000.0,-5493000000.0,16372000000.0,18233000000.0,42277000000,1363000000.0,425000000.0,44000000.0,557000000.0,2389000000.0,-258000000.0,-258000000.0,-395000000.0,-7000000.0,-901000000.0,-1376000000.0,745000000,2011-07-29,34.759998321533196,35.2400016784668,34.630001068115234,34.93000030517578,27.84868240356445,12097800.0
2011-10-31,17326000000.0,-11365000000.0,5961000000.0,-4346000000.0,-3956000000.0,-390000000.0,1615000000.0,-158000000.0,-158000000.0,1457000000,1457000000,-523000000.0,934000000,934000000,934000000,2234000000.0,1384000000.0,10717000000.0,15478000000.0,24532000000.0,1489000000.0,26021000000.0,41499000000,9389000000.0,44000000.0,10586000000.0,10739000000.0,13144000000.0,23730000000,6784000000.0,-6294000000.0,16917000000.0,17769000000.0,41499000000,934000000.0,416000000.0,81000000.0,-227000000.0,1204000000.0,-342000000.0,-241000000.0,-389000000.0,-7000000.0,-797000000.0,-1257000000.0,-317000000,2011-10-31,35.84000015258789,36.02000045776367,35.68000030517578,35.79999923706055,28.75380516052246,10288000.0
2012-01-31,16014000000.0,-10417000000.0,5597000000.0,-4267000000.0,-3877000000.0,-390000000.0,1330000000.0,-150000000.0,-150000000.0,1180000000,1180000000,-406000000.0,774000000,774000000,774000000,1987000000.0,1245000000.0,10325000000.0,14520000000.0,24448000000.0,1550000000.0,25998000000.0,40518000000,8199000000.0,30000000.0,9376000000.0,10758000000.0,13244000000.0,22620000000,7053000000.0,-6694000000.0,17246000000.0,17898000000.0,40518000000,774000000.0,417000000.0,192000000.0,-423000000.0,960000000.0,-381000000.0,-446000000.0,-445000000.0,-7000000.0,-199000000.0,-751000000.0,-247000000,2012-01-31,44.86999893188477,45.25,44.2599983215332,44.38999938964844,35.932472229003906,10343500.0
2012-04-30,17808000000.0,-11625000000.0,6183000000.0,-4469000000.0,-4086000000.0,-383000000.0,1714000000.0,-84000000.0,-151000000.0,1630000000,1630000000,-595000000.0,1035000000,1035000000,1035000000,3191000000.0,1519000000.0,11582000000.0,17352000000.0,24371000000.0,1577000000.0,25948000000.0,43300000000,10847000000.0,33000000.0,12099000000.0,10792000000.0,13226000000.0,25325000000,7308000000.0,-7623000000.0,17837000000.0,17975000000.0,43300000000,1035000000.0,410000000.0,43000000.0,1002000000.0,2490000000.0,-221000000.0,-221000000.0,-444000000.0,-7000000.0,-719000000.0,-1083000000.0,1204000000,2012-04-30,51.9000015258789,51.959999084472656,51.58000183105469,51.790000915527344,42.18068313598633,6800700.0
2012-07-31,20570000000.0,-13544000000.0,7026000000.0,-4457000000.0,-4066000000.0,-391000000.0,2569000000.0,-151000000.0,-151000000.0,2418000000,2418000000,-886000000.0,1532000000,1532000000,1532000000,2810000000.0,1505000000.0,10910000000.0,16231000000.0,24154000000.0,1598000000.0,25752000000.0,41983000000,9944000000.0,34000000.0,11234000000.0,10771000000.0,13115000000.0,24349000000,7342000000.0,-8956000000.0,18933000000.0,17634000000.0,41983000000,1532000000.0,423000000.0,42000000.0,-226000000.0,1771000000.0,-315000000.0,-360000000.0,-436000000.0,-9000000.0,-1358000000.0,-1768000000.0,-381000000,2012-07-31,52.97999954223633,53.0,52.11999893188477,52.18000030517578,42.74908447265625,11606100.0
2012-10-31,18130000000.0,-11863000000.0,6267000000.0,-4534000000.0,-4139000000.0,-395000000.0,1733000000.0,-150000000.0,-150000000.0,1583000000,1583000000,-636000000.0,947000000,947000000,947000000,2554000000.0,1645000000.0,10960000000.0,15955000000.0,24124000000.0,1582000000.0,25706000000.0,41661000000,9437000000.0,34000000.0,10666000000.0,10779000000.0,13257000000.0,23923000000,7748000000.0,-9869000000.0,19448000000.0,17738000000.0,41661000000,947000000.0,424000000.0,233000000.0,-481000000.0,1123000000.0,-330000000.0,-406000000.0,-432000000.0,-7000000.0,-556000000.0,-984000000.0,-256000000,2012-10-31,62.7599983215332,63.0,60.88999938964844,61.38000106811523,50.54494094848633,13817800.0
2013-01-31,18246000000.0,-11880000000.0,6366000000.0,-4616000000.0,-4217000000.0,-399000000.0,1750000000.0,-160000000.0,-160000000.0,1590000000,1590000000,-569000000.0,1021000000,1021000000,1021000000,2494000000.0,1395000000.0,10710000000.0,15372000000.0,24069000000.0,1643000000.0,25712000000.0,41084000000,8871000000.0,1321000000.0,11462000000.0,9475000000.0,11845000000.0,23307000000,8036000000.0,-10694000000.0,20038000000.0,17777000000.0,41084000000,1021000000.0,427000000.0,104000000.0,39000000.0,1591000000.0,-396000000.0,-445000000.0,-431000000.0,-9000000.0,-567000000.0,-1199000000.0,-60000000,2013-01-31,67.23000335693361,67.55999755859375,66.91999816894531,66.91999816894531,55.35522079467773,5615900.0
2013-04-30,19124000000.0,-12445000000.0,6679000000.0,-4585000000.0,-4183000000.0,-402000000.0,2094000000.0,-161000000.0,-161000000.0,1933000000,1933000000,-707000000.0,1226000000,1226000000,1226000000,4337000000.0,1658000000.0,11825000000.0,18620000000.0,23906000000.0,1669000000.0,25575000000.0,44195000000,11309000000.0,1332000000.0,14018000000.0,11460000000.0,13784000000.0,27802000000,7878000000.0,-12605000000.0,20687000000.0,16393000000.0,44195000000,1226000000.0,435000000.0,-24000000.0,1060000000.0,2697000000.0,-263000000.0,-276000000.0,-577000000.0,1986000000.0,-2132000000.0,-589000000.0,1843000000,2013-04-30,73.5,74.01000213623047,73.22000122070312,73.3499984741211,61.00764465332031,6601900.0
2013-07-31,22522000000.0,-14801000000.0,7721000000.0,-4703000000.0,-4294000000.0,-409000000.0,3018000000.0,-172000000.0,-172000000.0,2846000000,2846000000,-1051000000.0,1795000000,1795000000,1795000000,3419000000.0,1542000000.0,11086000000.0,16895000000.0,23650000000.0,1647000000.0,25297000000.0,42192000000,10308000000.0,1308000000.0,12995000000.0,11450000000.0,13719000000.0,26714000000,8089000000.0,-14808000000.0,21916000000.0,15478000000.0,42192000000,1795000000.0,442000000.0,62000000.0,-278000000.0,2021000000.0,-320000000.0,-320000000.0,-566000000.0,-9000000.0,-2064000000.0,-2619000000.0,-918000000,2013-07-31,78.69000244140625,79.7300033569336,78.69000244140625,79.02999877929688,66.05764770507811,5915000.0
2013-10-31,19470000000.0,-12672000000.0,6798000000.0,-4505000000.0,-4096000000.0,-409000000.0,2293000000.0,-188000000.0,-188000000.0,2105000000,2105000000,-754000000.0,1351000000,1351000000,1351000000,4853000000.0,1606000000.0,11348000000.0,18598000000.0,23557000000.0,1659000000.0,25216000000.0,43814000000,9920000000.0,1317000000.0,12529000000.0,14692000000.0,17071000000.0,29600000000,8067000000.0,-16818000000.0,22711000000.0,14214000000.0,43814000000,1351000000.0,440000000.0,102000000.0,-630000000.0,1263000000.0,-347000000.0,-349000000.0,-556000000.0,3220000000.0,-2086000000.0,528000000.0,1434000000,2013-10-31,77.98999786376953,78.44999694824219,77.5199966430664,77.88999938964844,65.44743347167969,7577600.0
2014-01-31,17696000000.0,-11504000000.0,6192000000.0,-4431000000.0,-4024000000.0,-407000000.0,1761000000.0,-178000000.0,-178000000.0,1583000000,1583000000,-570000000.0,1013000000,1013000000,1013000000,1929000000.0,1398000000.0,11057000000.0,15279000000.0,23348000000.0,1891000000.0,25239000000.0,40518000000,9379000000.0,33000000.0,10749000000.0,14691000000.0,17247000000.0,27996000000,8490000000.0,-19194000000.0,23180000000.0,12522000000.0,40518000000,1013000000.0,440000000.0,57000000.0,137000000.0,1647000000.0,-371000000.0,-562000000.0,-544000000.0,-1264000000.0,-2023000000.0,-3972000000.0,-2924000000,2014-01-31,76.19999694824219,77.47000122070312,75.8499984741211,76.8499984741211,64.89081573486328,10592200.0
2014-04-30,19687000000.0,-12802000000.0,6885000000.0,-4608000000.0,-4194000000.0,-414000000.0,2277000000.0,-91000000.0,-91000000.0,2186000000,2186000000,-807000000.0,1379000000,1379000000,1379000000,2511000000.0,1831000000.0,12343000000.0,17515000000.0,23238000000.0,1876000000.0,25114000000.0,42629000000,11790000000.0,34000000.0,13265000000.0,14707000000.0,17218000000.0,30483000000,8589000000.0,-20444000000.0,23913000000.0,12146000000.0,42629000000,1379000000.0,447000000.0,131000000.0,611000000.0,2568000000.0,-280000000.0,-280000000.0,-646000000.0,-12000000.0,-1181000000.0,-1706000000.0,582000000,2014-04-30,79.73999786376953,79.73999786376953,78.7300033569336,79.51000213623047,67.52305603027344,8524700.0
2014-07-31,23811000000.0,-15650000000.0,8161000000.0,-4713000000.0,-4298000000.0,-415000000.0,3448000000.0,-191000000.0,-191000000.0,3257000000,3257000000,-1207000000.0,2050000000,2050000000,2050000000,4216000000.0,1637000000.0,11665000000.0,18491000000.0,23126000000.0,1862000000.0,24988000000.0,43479000000,11302000000.0,34000000.0,12839000000.0,16702000000.0,19183000000.0,32022000000,8305000000.0,-22263000000.0,25324000000.0,11457000000.0,43479000000,2050000000.0,449000000.0,42000000.0,176000000.0,2717000000.0,-335000000.0,-223000000.0,-639000000.0,1972000000.0,-2171000000.0,-790000000.0,1705000000,2014-07-31,81.08999633789062,81.58000183105469,80.8499984741211,80.8499984741211,69.06257629394531,5748900.0
2014-10-31,20516000000.0,-13331000000.0,7185000000.0,-4632000000.0,-4217000000.0,-415000000.0,2553000000.0,-113000000.0,-113000000.0,2440000000,2440000000,-903000000.0,1537000000,1537000000,1537000000,2181000000.0,1611000000.0,12008000000.0,16749000000.0,22940000000.0,1823000000.0,24763000000.0,41512000000,10802000000.0,34000000.0,12260000000.0,16693000000.0,19142000000.0,31402000000,8830000000.0,-24936000000.0,26234000000.0,10110000000.0,41512000000,1537000000.0,449000000.0,26000000.0,-1050000000.0,962000000.0,-364000000.0,-264000000.0,-627000000.0,-9000000.0,-2048000000.0,-2715000000.0,-2035000000,2014-10-31,98.77999877929688,99.26000213623048,97.33000183105469,97.5199966430664,83.7230453491211,6335900.0
2015-01-31,14798000000.0,-10114000000.0,4684000000.0,-3796000000.0,-3413000000.0,-383000000.0,888000000.0,-304000000.0,-304000000.0,584000000,584000000,-165000000.0,419000000,419000000,419000000,1723000000.0,1484000000.0,11079000000.0,15302000000.0,22720000000.0,1924000000.0,24644000000.0,39946000000,9473000000.0,328000000.0,11269000000.0,16869000000.0,19355000000.0,30624000000,8973000000.0,-26194000000.0,26995000000.0,9322000000.0,39946000000,419000000.0,412000000.0,-2000000.0,552000000.0,1381000000.0,-322000000.0,-740000000.0,-331000000.0,1982000000.0,-2905000000.0,-1441000000.0,-817000000,2015-01-30,106.36000061035156,106.86000061035156,104.37999725341795,104.41999816894531,90.07498168945312,7000000.0
2015-04-30,19687000000.0,-12930000000.0,6757000000.0,-4480000000.0,-4067000000.0,-413000000.0,2277000000.0,-91000000.0,-91000000.0,2186000000,2186000000,-807000000.0,1379000000,1379000000,1379000000,2827000000.0,1839000000.0,12306000000.0,17995000000.0,22562000000.0,1953000000.0,24515000000.0,42510000000,12348000000.0,3054000000.0,17005000000.0,13818000000.0,16301000000.0,33306000000,9045000000.0,-27319000000.0,27805000000.0,9204000000.0,42510000000,1379000000.0,447000000.0,131000000.0,611000000.0,2568000000.0,-280000000.0,-280000000.0,-646000000.0,-12000000.0,-1181000000.0,-1706000000.0,582000000,2015-04-30,108.55999755859376,109.20999908447266,106.62000274658205,106.9800033569336,92.75817108154295,9041600.0
2015-07-31,23811000000.0,-15804000000.0,8007000000.0,-4559000000.0,-4146000000.0,-413000000.0,3448000000.0,-191000000.0,-191000000.0,3257000000,3257000000,-1207000000.0,2050000000,2050000000,2050000000,4936000000.0,1696000000.0,11859000000.0,19531000000.0,22302000000.0,1965000000.0,24267000000.0,43798000000,11690000000.0,3057000000.0,16399000000.0,16318000000.0,18762000000.0,35161000000,9060000000.0,-29116000000.0,29275000000.0,8637000000.0,43798000000,2050000000.0,449000000.0,-70000000.0,288000000.0,2717000000.0,-335000000.0,-223000000.0,-639000000.0,1972000000.0,-2171000000.0,-790000000.0,1705000000,2015-07-31,116.9800033569336,118.12999725341795,116.37000274658205,117.02999877929688,102.0110855102539,4301200.0
2015-10-31,20516000000.0,-13473000000.0,7043000000.0,-4490000000.0,-4080000000.0,-410000000.0,2553000000.0,-113000000.0,-113000000.0,2440000000,2440000000,-903000000.0,1537000000,1537000000,1537000000,3040000000.0,1942000000.0,12495000000.0,18606000000.0,22194000000.0,3352000000.0,25546000000.0,44152000000,11416000000.0,3047000000.0,15976000000.0,17815000000.0,20557000000.0,36533000000,9054000000.0,-31019000000.0,30246000000.0,7619000000.0,44152000000,1537000000.0,449000000.0,-74000000.0,-950000000.0,962000000.0,-364000000.0,-264000000.0,-627000000.0,-9000000.0,-2048000000.0,-2715000000.0,-2035000000,2015-10-30,123.2699966430664,124.75,123.2699966430664,123.63999938964844,108.3215789794922,4991500.0
2016-01-31,24505000000.0,-16047000000.0,8458000000.0,-4962000000.0,-4508000000.0,-454000000.0,3496000000.0,-358000000.0,-358000000.0,3138000000,3138000000,-1095000000.0,2043000000,2043000000,2043000000,1723000000.0,1484000000.0,11079000000.0,15302000000.0,22720000000.0,1924000000.0,24644000000.0,39946000000,9473000000.0,328000000.0,11269000000.0,16869000000.0,19355000000.0,30624000000,8973000000.0,-26194000000.0,26995000000.0,9322000000.0,39946000000,2043000000.0,518000000.0,128000000.0,437000000.0,3126000000.0,-481000000.0,-2215000000.0,-1119000000.0,2061000000.0,-1372000000.0,-576000000.0,241000000,2016-01-29,123.16999816894531,125.76000213623048,122.75,125.76000213623048,110.66661071777344,7616200.0
2016-04-30,20891000000.0,-13712000000.0,7179000000.0,-4582000000.0,-4163000000.0,-419000000.0,2597000000.0,-193000000.0,-193000000.0,2404000000,2404000000,-825000000.0,1579000000,1579000000,1579000000,3257000000.0,1989000000.0,13219000000.0,19010000000.0,22243000000.0,3323000000.0,25566000000.0,44576000000,13498000000.0,44000000.0,15149000000.0,20904000000.0,23092000000.0,38241000000,9450000000.0,-34444000000.0,31907000000.0,6335000000.0,44576000000,1579000000.0,454000000.0,-31000000.0,1402000000.0,3404000000.0,-317000000.0,-317000000.0,-769000000.0,-300000000.0,-1078000000.0,-2001000000.0,1104000000,2016-04-29,132.71000671386722,134.30000305175778,131.75,133.88999938964844,118.46874237060548,4610100.0
2016-10-31,23154000000.0,-15112000000.0,8042000000.0,-4722000000.0,-4280000000.0,-442000000.0,3320000000.0,-236000000.0,-236000000.0,3084000000,3084000000,-1115000000.0,1969000000,1969000000,1969000000,3589000000.0,1995000000.0,13241000000.0,19348000000.0,21840000000.0,3314000000.0,25154000000.0,44502000000,12256000000.0,543000000.0,14431000000.0,22338000000.0,24449000000.0,38880000000,9716000000.0,-37823000000.0,34612000000.0,5622000000.0,44502000000,2400000000.0,559000000.0,171000000.0,-1145000000.0,1985000000.0,-418000000.0,-562000000.0,-1034000000.0,-608000000.0,-1448000000.0,-3284000000.0,-1840000000,2016-10-31,123.3499984741211,123.5,121.62000274658205,122.01000213623048,109.07259368896484,5671500.0
2017-01-31,25721000000.0,-16994000000.0,8727000000.0,-4864000000.0,-4390000000.0,-474000000.0,3863000000.0,-423000000.0,-423000000.0,3440000000,3440000000,-1265000000.0,2175000000,2175000000,2175000000,2538000000.0,2029000000.0,12549000000.0,17724000000.0,21914000000.0,3328000000.0,25242000000.0,42966000000,11212000000.0,1252000000.0,14133000000.0,22349000000.0,24500000000.0,38633000000,9875000000.0,-40194000000.0,35519000000.0,4333000000.0,42966000000,1744000000.0,499000000.0,82000000.0,-461000000.0,1864000000.0,-468000000.0,-468000000.0,-837000000.0,699000000.0,-2263000000.0,-2446000000.0,-1051000000,2017-01-31,137.6300048828125,138.6199951171875,136.85000610351562,137.58000183105472,123.6446762084961,3227000.0
2017-04-30,23887000000.0,-15733000000.0,8154000000.0,-4805000000.0,-4361000000.0,-444000000.0,3349000000.0,-241000000.0,-241000000.0,3108000000,3108000000,-1094000000.0,2014000000,2014000000,2014000000,3565000000.0,2164000000.0,13609000000.0,19896000000.0,21789000000.0,3259000000.0,25048000000.0,44944000000,14062000000.0,544000000.0,16438000000.0,22393000000.0,24544000000.0,40982000000,9868000000.0,-41444000000.0,36461000000.0,3962000000.0,44944000000,2014000000.0,505000000.0,16000000.0,2029000000.0,4564000000.0,-445000000.0,-445000000.0,-1069000000.0,-721000000.0,-1258000000.0,-3081000000.0,1027000000,2017-04-28,156.00999450683594,156.25,154.10000610351562,156.10000610351562,141.14256286621094,4983000.0
2017-10-31,25026000000.0,-16378000000.0,8648000000.0,-4968000000.0,-4514000000.0,-454000000.0,3680000000.0,-247000000.0,-247000000.0,3433000000,3433000000,-1268000000.0,2165000000,2165000000,2165000000,3549000000.0,2166000000.0,13419000000.0,19682000000.0,21960000000.0,3381000000.0,25341000000.0,45023000000,12891000000.0,1323000000.0,16002000000.0,24266000000.0,26478000000.0,42480000000,9972000000.0,-45993000000.0,39193000000.0,2543000000.0,45023000000,2165000000.0,518000000.0,69000000.0,-873000000.0,1879000000.0,-493000000.0,-485000000.0,-1044000000.0,609000000.0,-2126000000.0,-2604000000.0,-1281000000,2017-10-31,165.39999389648438,166.33999633789062,165.10000610351562,165.77999877929688,151.65280151367188,2922400.0
2018-01-31,23883000000.0,-15790000000.0,8093000000.0,-4904000000.0,-4440000000.0,-464000000.0,3189000000.0,-246000000.0,-246000000.0,2943000000,2943000000,-1164000000.0,1779000000,1779000000,1779000000,3595000000.0,1952000000.0,12748000000.0,18933000000.0,22075000000.0,3521000000.0,25596000000.0,44529000000,11628000000.0,2761000000.0,16194000000.0,24267000000.0,26881000000.0,43075000000,10281000000.0,-48196000000.0,39935000000.0,1454000000.0,44529000000,1779000000.0,529000000.0,227000000.0,-245000000.0,2290000000.0,-534000000.0,-652000000.0,-1038000000.0,1426000000.0,-1835000000.0,-1617000000.0,46000000,2018-01-31,203.22000122070312,205.0800018310547,200.22999572753903,200.8999938964844,184.7110595703125,4547300.0
2018-04-30,24947000000.0,-16330000000.0,8617000000.0,-5236000000.0,-4779000000.0,-457000000.0,3381000000.0,-239000000.0,-239000000.0,3142000000,3142000000,-738000000.0,2404000000,2404000000,2404000000,3599000000.0,2296000000.0,14432000000.0,21214000000.0,21928000000.0,3508000000.0,25436000000.0,46650000000,14673000000.0,1549000000.0,18133000000.0,24244000000.0,26830000000.0,44963000000,10106000000.0,-49044000000.0,41221000000.0,1687000000.0,46650000000,2404000000.0,532000000.0,75000000.0,970000000.0,3981000000.0,-548000000.0,-548000000.0,-1189000000.0,-1219000000.0,-1107000000.0,-3400000000.0,4000000,2018-04-30,186.9900054931641,187.8000030517578,184.8000030517578,184.8000030517578,170.87741088867188,4173200.0
2018-07-31,30463000000.0,-20098000000.0,10365000000.0,-5464000000.0,-5004000000.0,-460000000.0,4901000000.0,-246000000.0,-246000000.0,4655000000,4655000000,-1149000000.0,3506000000,3506000000,3506000000,3490000000.0,2164000000.0,14044000000.0,20802000000.0,21909000000.0,3521000000.0,25430000000.0,46232000000,14234000000.0,2203000000.0,18426000000.0,23295000000.0,25797000000.0,44223000000,10168000000.0,-50928000000.0,43543000000.0,2009000000.0,46232000000,3506000000.0,530000000.0,-51000000.0,-59000000.0,3926000000.0,-527000000.0,-527000000.0,-1184000000.0,-368000000.0,-1889000000.0,-3414000000.0,-109000000,2018-07-31,197.69000244140625,198.02999877929688,196.8699951171875,197.5200042724609,183.66163635253903,2795900.0
2018-10-31,26302000000.0,-17151000000.0,9151000000.0,-5281000000.0,-4808000000.0,-473000000.0,3870000000.0,-224000000.0,-224000000.0,3646000000,3646000000,-779000000.0,2867000000,2867000000,2867000000,1764000000.0,2171000000.0,14754000000.0,19809000000.0,22054000000.0,3337000000.0,25391000000.0,45200000000,13886000000.0,2452000000.0,18196000000.0,23332000000.0,25684000000.0,43880000000,10498000000.0,-53696000000.0,45235000000.0,1320000000.0,45200000000,2867000000.0,541000000.0,116000000.0,-1395000000.0,2129000000.0,-615000000.0,-618000000.0,-1175000000.0,234000000.0,-2382000000.0,-3366000000.0,-1726000000,2018-10-31,177.97999572753906,178.85000610351562,175.58999633789062,175.8800048828125,164.3782501220703,6339500.0
2019-01-31,26491000000.0,-17464000000.0,9027000000.0,-5402000000.0,-4922000000.0,-480000000.0,3625000000.0,-265000000.0,-249000000.0,3360000000,3113000000,-769000000.0,2344000000,2344000000,2344000000,1778000000.0,1936000000.0,13925000000.0,18529000000.0,22375000000.0,3099000000.0,25474000000.0,44003000000,12539000000.0,2395000000.0,16716000000.0,26807000000.0,29165000000.0,45881000000,10667000000.0,-58196000000.0,46423000000.0,-1878000000.0,44003000000,2344000000.0,549000000.0,389000000.0,-153000000.0,3129000000.0,-752000000.0,-723000000.0,-1156000000.0,3390000000.0,-4349000000.0,-2367000000.0,14000000,2019-01-31,181.5,184.6699981689453,181.05999755859366,183.52999877929688,172.55398559570312,5138000.0
2019-04-30,26381000000.0,-17364000000.0,9017000000.0,-5420000000.0,-4940000000.0,-480000000.0,3597000000.0,-273000000.0,-273000000.0,3324000000,3324000000,-811000000.0,2513000000,2513000000,2513000000,1882000000.0,2317000000.0,15495000000.0,20553000000.0,22270000000.0,8692000000.0,30962000000.0,51515000000,15409000000.0,1456000000.0,19673000000.0,26804000000.0,33985000000.0,53658000000,10679000000.0,-59446000000.0,47459000000.0,-2143000000.0,51515000000,2513000000.0,547000000.0,182000000.0,1333000000.0,4575000000.0,-675000000.0,-688000000.0,-1499000000.0,-982000000.0,-1334000000.0,-3775000000.0,104000000,2019-04-30,201.5500030517578,203.75,200.7899932861328,203.6999969482422,192.9438323974609,3415600.0
2019-07-31,30839000000.0,-20407000000.0,10432000000.0,-5536000000.0,-5044000000.0,-492000000.0,4896000000.0,-283000000.0,-283000000.0,4613000000,4613000000,-1134000000.0,3479000000,3479000000,3479000000,2547000000.0,2274000000.0,14741000000.0,20699000000.0,22387000000.0,8924000000.0,31311000000.0,52010000000,14419000000.0,1315000000.0,18798000000.0,27064000000.0,34372000000.0,53170000000,10866000000.0,-60696000000.0,49446000000.0,-1160000000.0,52010000000,3479000000.0,560000000.0,94000000.0,-211000000.0,3922000000.0,-560000000.0,-561000000.0,-1492000000.0,17000000.0,-1128000000.0,-2713000000.0,665000000,2019-07-31,216.3500061035156,217.8000030517578,212.1699981689453,213.69000244140625,203.8260498046875,3426400.0
2019-10-31,27223000000.0,-17836000000.0,9387000000.0,-5440000000.0,-4942000000.0,-498000000.0,3947000000.0,-280000000.0,-280000000.0,3667000000,3667000000,-898000000.0,2769000000,2769000000,2769000000,2193000000.0,2231000000.0,15711000000.0,21174000000.0,22472000000.0,8663000000.0,31135000000.0,52309000000,14103000000.0,2513000000.0,19565000000.0,26597000000.0,33826000000.0,53391000000,10836000000.0,-61846000000.0,50729000000.0,-1082000000.0,52309000000,2769000000.0,594000000.0,92000000.0,-1159000000.0,2296000000.0,-635000000.0,-631000000.0,-1486000000.0,679000000.0,-1262000000.0,-2119000000.0,-354000000,2019-10-31,236.8600006103516,237.38999938964844,233.22000122070312,234.5800018310547,225.11813354492188,2824100.0
2020-01-31,25782000000.0,-17046000000.0,8736000000.0,-5333000000.0,-4814000000.0,-519000000.0,3403000000.0,-292000000.0,-292000000.0,3111000000,3111000000,-630000000.0,2481000000,2481000000,2481000000,2133000000.0,2106000000.0,14531000000.0,19810000000.0,22770000000.0,8656000000.0,31426000000.0,51236000000,12618000000.0,2813000000.0,18375000000.0,28670000000.0,35977000000.0,54352000000,11090000000.0,-65196000000.0,51729000000.0,-3116000000.0,51236000000,2481000000.0,595000000.0,-117000000.0,-65000000.0,2894000000.0,-808000000.0,-773000000.0,-1481000000.0,2271000000.0,-2961000000.0,-2191000000.0,-60000000,2020-01-31,232.9600067138672,233.22999572753903,227.88999938964844,228.1000061035156,220.2995758056641,5304700.0
2020-04-30,28260000000.0,-18635000000.0,9625000000.0,-6349000000.0,-5829000000.0,-520000000.0,3276000000.0,-307000000.0,-307000000.0,2969000000,2969000000,-724000000.0,2245000000,2245000000,2245000000,8696000000.0,2610000000.0,14989000000.0,27277000000.0,22697000000.0,8763000000.0,31460000000.0,58737000000,16116000000.0,4200000000.0,23348000000.0,31622000000.0,38879000000.0,62227000000,11097000000.0,-65793000000.0,52354000000.0,-3490000000.0,58737000000,2245000000.0,607000000.0,88000000.0,2797000000.0,5737000000.0,-586000000.0,-578000000.0,-1611000000.0,3959000000.0,-773000000.0,1450000000.0,6563000000,2020-04-30,216.7899932861328,222.1100006103516,216.5200042724609,219.8300018310547,213.73284912109366,5152700.0
2020-07-31,38053000000.0,-25112000000.0,12941000000.0,-6874000000.0,-6355000000.0,-519000000.0,6067000000.0,-337000000.0,-337000000.0,5730000000,5730000000,-1398000000.0,4332000000,4332000000,4332000000,14139000000.0,2562000000.0,13498000000.0,31361000000.0,23387000000.0,8601000000.0,31988000000.0,63349000000,18381000000.0,2476000000.0,24199000000.0,32370000000.0,39564000000.0,63763000000,11317000000.0,-65793000000.0,55074000000.0,-414000000.0,63349000000,4332000000.0,615000000.0,108000000.0,4037000000.0,9092000000.0,-434000000.0,-442000000.0,-1612000000.0,-1779000000.0,146000000.0,-3247000000.0,5443000000,2020-07-31,265.0,267.17001342773443,260.6099853515625,265.489990234375,259.66769409179693,3640600.0
