Report Date,Revenue,Cost of Revenue,Gross Profit,Operating Expenses,"Selling, General & Administrative",Operating Income (Loss),Non-Operating Income (Loss),"Interest Expense, Net","Pretax Income (Loss), Adj.",Pretax Income (Loss),"Income Tax (Expense) Benefit, Net",Income (Loss) from Continuing Operations,Net Income,Net Income (Common),"Cash, Cash Equivalents & Short Term Investments",Accounts & Notes Receivable,Inventories,Total Current Assets,"Property, Plant & Equipment, Net",Other Long Term Assets,Total Noncurrent Assets,Total Assets,Payables & Accruals,Total Current Liabilities,Long Term Debt,Total Noncurrent Liabilities,Total Liabilities,Share Capital & Additional Paid-In Capital,Retained Earnings,Total Equity,Total Liabilities & Equity,Net Income/Starting Line,Depreciation & Amortization.1,Non-Cash Items,Change in Working Capital,Net Cash from Operating Activities,Change in Fixed Assets & Intangibles,Net Cash from Acquisitions & Divestitures,Net Cash from Investing Activities,Dividends Paid,Cash from (Repurchase of) Equity,Net Cash from Financing Activities,Net Change in Cash,Price Date,Open,High,Low,Close,Adj Close,Volume
2010-07-31,1730451000.0,-1445536000.0,284915000.0,-146523000.0,-146523000.0,138392000.0,-3961000.0,-6493000.0,134431000,134431000,-48067000.0,86364000,85370000,85370000,427131000.0,383892000.0,790875000.0,1710582000.0,928163000.0,1206281000.0,2134444000.0,3845026000,666111000.0,1016111000.0,0.0,521193000.0,1537304000,7798000.0,2483635000.0,2307722000.0,3845026000,86364000.0,30647000.0,-1845000.0,-22882000.0,92284000.0,-22799000.0,166000.0,-22458000.0,-28029000.0,-20766000.0,-48090000.0,21736000,2010-07-30,10.595000267028807,10.760000228881836,10.56999969482422,10.729999542236328,8.72541332244873,2092000.0
2011-04-30,1959041000.0,-1632814000.0,326227000.0,-160136000.0,-160136000.0,166091000.0,1457000.0,-7187000.0,167548000,167548000,-56846000.0,110702000,109579000,109579000,964706000.0,405792000.0,810388000.0,2287204000.0,905521000.0,1258692000.0,2164213000.0,4451417000,655936000.0,1005936000.0,250000000.0,802233000.0,1808169000,27798000.0,2759116000.0,2643248000.0,4451417000,110702000.0,31084000.0,-16554000.0,-14645000.0,110587000.0,-18264000.0,0.0,-13942000.0,-34021000.0,-1238000.0,217758000.0,314891000,2011-04-29,14.625,14.739999771118164,14.595000267028807,14.704999923706055,12.129798889160154,1140000.0
2011-07-31,1910592000.0,-1612737000.0,297855000.0,-156595000.0,-156595000.0,141260000.0,78000.0,-5623000.0,141338000,141338000,-41374000.0,99964000,98481000,98481000,573489000.0,427927000.0,865875000.0,1977121000.0,895895000.0,1276513000.0,2172408000.0,4149529000,700963000.0,700963000.0,250000000.0,781951000.0,1482914000,7803000.0,2806391000.0,2666615000.0,4149529000,99964000.0,30646000.0,3032000.0,-90136000.0,43506000.0,-19036000.0,0.0,-40491000.0,-34066000.0,-39154000.0,-419977000.0,-416340000,2011-07-29,14.515000343322756,14.625,14.399999618530273,14.484999656677244,11.999286651611328,1953200.0
2011-10-31,2103898000.0,-1767872000.0,336026000.0,-156694000.0,-156694000.0,179332000.0,1007000.0,-3273000.0,180339000,180339000,-61844000.0,118495000,117309000,117309000,539207000.0,461110000.0,885823000.0,1998231000.0,907090000.0,1339070000.0,2246160000.0,4244391000,778186000.0,778186000.0,250000000.0,806389000.0,1584575000,7734000.0,2824331000.0,2659816000.0,4244391000,118495000.0,31238000.0,-1856000.0,23177000.0,171054000.0,-39768000.0,0.0,-98031000.0,-33984000.0,-69042000.0,-106410000.0,-34234000,2011-10-31,14.890000343322756,14.954999923706055,14.729999542236328,14.734999656677244,12.260501861572266,1378400.0
2012-01-31,2039439000.0,-1702030000.0,337409000.0,-152477000.0,-152477000.0,184932000.0,9377000.0,-3214000.0,194309000,194309000,-64976000.0,129333000,128395000,128395000,625001000.0,422505000.0,882828000.0,2021731000.0,908282000.0,1340281000.0,2248563000.0,4270294000,724586000.0,724586000.0,250000000.0,806602000.0,1531188000,7731000.0,2912503000.0,2739106000.0,4270294000,129333000.0,30815000.0,3052000.0,-11040000.0,152160000.0,-29403000.0,-168000.0,-28573000.0,-33600000.0,-7232000.0,-38903000.0,85488000,2012-01-31,14.4350004196167,14.5600004196167,14.350000381469727,14.390000343322756,12.035154342651367,2215400.0
2012-04-30,2012859000.0,-1677252000.0,335607000.0,-148684000.0,-148684000.0,186923000.0,6871000.0,-3283000.0,193794000,193794000,-64859000.0,128935000,127887000,127887000,601590000.0,439348000.0,912672000.0,2060075000.0,908529000.0,1346059000.0,2254588000.0,4314663000,699968000.0,699968000.0,250000000.0,808872000.0,1508840000,7713000.0,2980353000.0,2805823000.0,4314663000,128935000.0,28892000.0,-7595000.0,-89361000.0,60871000.0,-27011000.0,0.0,-23263000.0,-39586000.0,-24828000.0,-61709000.0,-23839000,2012-04-30,14.510000228881836,14.529999732971193,14.414999961853027,14.529999732971193,12.217002868652346,1057000.0
2012-07-31,2008188000.0,-1701132000.0,307056000.0,-145022000.0,-145022000.0,162034000.0,7460000.0,-3207000.0,169494000,169494000,-57087000.0,112407000,111167000,111167000,610230000.0,474425000.0,927047000.0,2117258000.0,915792000.0,1349569000.0,2265361000.0,4382619000,676710000.0,676710000.0,250000000.0,809710000.0,1486420000,7713000.0,3050070000.0,2896199000.0,4382619000,112407000.0,28920000.0,1286000.0,-71591000.0,71022000.0,-33991000.0,0.0,-21076000.0,-39497000.0,-4722000.0,-41252000.0,8438000,2012-07-31,14.050000190734865,14.079999923706055,13.9350004196167,13.954999923706055,11.794963836669922,2042000.0
2012-10-31,2170184000.0,-1818405000.0,351779000.0,-159685000.0,-159685000.0,192094000.0,8644000.0,-3155000.0,200738000,200738000,-66452000.0,134286000,132601000,132601000,759775000.0,507041000.0,950521000.0,2320684000.0,924480000.0,1318802000.0,2243282000.0,4563966000,786300000.0,786300000.0,250000000.0,952741000.0,1739041000,7707000.0,3135317000.0,2824925000.0,4563966000,134286000.0,30867000.0,10521000.0,58054000.0,233728000.0,-37334000.0,0.0,-33852000.0,-39521000.0,-9884000.0,-50885000.0,149171000,2012-10-31,14.774999618530273,14.880000114440918,14.65999984741211,14.765000343322756,12.54304313659668,1601200.0
2013-04-30,2152686000.0,-1799885000.0,352801000.0,-173066000.0,-173066000.0,179735000.0,5168000.0,-3142000.0,184903000,184903000,-58262000.0,126641000,125520000,125520000,262748000.0,462239000.0,998931000.0,1832340000.0,957759000.0,1877542000.0,2835301000.0,4667641000,707894000.0,707894000.0,250000000.0,941915000.0,1649809000,34434000.0,3300597000.0,3017832000.0,4667641000,126641000.0,31317000.0,5868000.0,-48081000.0,115745000.0,-22049000.0,-663128000.0,-698112000.0,-44967000.0,-2535000.0,-42625000.0,-624929000,2013-04-30,20.584999084472656,20.645000457763672,20.440000534057614,20.63500022888184,17.690196990966797,2103800.0
2013-07-31,2159525000.0,-1829219000.0,330306000.0,-150999000.0,-150999000.0,179307000.0,-2231000.0,-3122000.0,177076000,177076000,-63171000.0,113905000,113635000,113635000,329496000.0,514398000.0,1003736000.0,1951590000.0,949021000.0,1860638000.0,2809659000.0,4761249000,789484000.0,789484000.0,250000000.0,917881000.0,1707365000,7737000.0,3363363000.0,3053884000.0,4761249000,113905000.0,31825000.0,11415000.0,14146000.0,171291000.0,-21029000.0,-2287000.0,-23110000.0,-45021000.0,-37087000.0,-81316000.0,66748000,2013-07-31,21.09000015258789,21.26499938964844,20.989999771118164,21.174999237060547,18.228429794311523,1078600.0
2013-10-31,2323202000.0,-1937686000.0,385516000.0,-147444000.0,-147444000.0,238072000.0,1535000.0,-3095000.0,239607000,239607000,-81122000.0,158485000,157340000,157340000,434014000.0,551500000.0,967977000.0,2047413000.0,955333000.0,1913134000.0,2868467000.0,4915880000,784009000.0,784009000.0,250000000.0,815292000.0,1599301000,7725000.0,3452529000.0,3316579000.0,4915880000,158485000.0,31864000.0,-1088000.0,19695000.0,208956000.0,-34386000.0,0.0,-36195000.0,-44894000.0,-24207000.0,-68625000.0,104518000,2013-10-31,21.809999465942386,21.809999465942386,21.575000762939453,21.729999542236328,18.780025482177734,1036200.0
2014-01-31,2242672000.0,-1844030000.0,398642000.0,-166189000.0,-166189000.0,232453000.0,2818000.0,-3094000.0,235271000,235271000,-80813000.0,154458000,153348000,153348000,639844000.0,505024000.0,924500000.0,2166833000.0,967521000.0,1932816000.0,2900337000.0,5067170000,824525000.0,824525000.0,250000000.0,818214000.0,1642739000,15527000.0,3553213000.0,3424431000.0,5067170000,154458000.0,31760000.0,6055000.0,122019000.0,314292000.0,-32760000.0,-41401000.0,-70133000.0,-44833000.0,3437000.0,-37285000.0,205830000,2014-01-31,22.34499931335449,22.88500022888184,22.21999931335449,22.71999931335449,19.720191955566406,2226000.0
2014-04-30,2244866000.0,-1866108000.0,378758000.0,-165785000.0,-165785000.0,212973000.0,184000.0,-3093000.0,213157000,213157000,-72451000.0,140706000,140090000,140090000,499330000.0,515161000.0,1053501000.0,2172612000.0,976247000.0,1936965000.0,2913212000.0,5085824000,751994000.0,751994000.0,250000000.0,820686000.0,1572680000,7770000.0,3640464000.0,3513144000.0,5085824000,140706000.0,31924000.0,-2034000.0,-209853000.0,-39257000.0,-38072000.0,-101000.0,-42312000.0,-52761000.0,-13017000.0,-59851000.0,-140514000,2014-04-30,23.690000534057607,23.854999542236328,23.61000061035156,23.84499931335449,20.78446388244629,1402200.0
2014-07-31,2284947000.0,-1920948000.0,363999000.0,-153035000.0,-153035000.0,210964000.0,2018000.0,-3125000.0,212982000,212982000,-73968000.0,139014000,137975000,137975000,530977000.0,536505000.0,1076892000.0,2245041000.0,978150000.0,1965242000.0,2943392000.0,5188433000,785099000.0,785099000.0,250000000.0,823754000.0,1608853000,7735000.0,3715339000.0,3579580000.0,5188433000,139014000.0,33450000.0,-2597000.0,-50536000.0,119331000.0,-32427000.0,-374000.0,-31785000.0,-52766000.0,-9992000.0,-54982000.0,31647000,2014-07-31,23.15500068664551,23.15500068664551,22.625,22.6299991607666,19.807689666748047,1998400.0
2014-10-31,2543771000.0,-2120187000.0,423584000.0,-165939000.0,-165939000.0,257645000.0,3097000.0,-3392000.0,260742000,260742000,-88894000.0,171848000,171264000,171264000,334174000.0,609526000.0,1054552000.0,2132771000.0,1001767000.0,2321081000.0,3322848000.0,5455619000,954692000.0,954692000.0,250000000.0,888871000.0,1843563000,7724000.0,3805654000.0,3612056000.0,5455619000,171848000.0,32910000.0,261000.0,147494000.0,352513000.0,-45594000.0,-424328000.0,-472545000.0,-52796000.0,-28842000.0,-77252000.0,-196803000,2014-10-31,26.92499923706055,26.97500038146973,26.709999084472656,26.95499992370605,23.68647766113281,1652200.0
2015-07-31,2188587000.0,-1779197000.0,409390000.0,-184627000.0,-184627000.0,224763000.0,3456000.0,-3129000.0,228219000,228219000,-81263000.0,146956000,146938000,146938000,349169000.0,549056000.0,984452000.0,2003776000.0,1001810000.0,3085495000.0,4087305000.0,6091081000,895107000.0,1245107000.0,250000000.0,909962000.0,2155069000,18063000.0,4106566000.0,3936012000.0,6091081000,146956000.0,33300000.0,14960000.0,49292000.0,244508000.0,-37844000.0,-768339000.0,-808138000.0,-66046000.0,1838000.0,289171000.0,-275226000,2015-07-31,29.795000076293945,29.815000534057607,29.524999618530273,29.604999542236328,26.37221336364746,2027800.0
2015-10-31,2400858000.0,-1905828000.0,495030000.0,-188952000.0,-188952000.0,306078000.0,4615000.0,-3821000.0,310693000,289156000,-101713000.0,187443000,187231000,187231000,347239000.0,605689000.0,993265000.0,2063032000.0,1011739000.0,3065060000.0,4076799000.0,6139831000,1029025000.0,1214025000.0,250000000.0,924413000.0,2138438000,7741000.0,4216125000.0,4001393000.0,6139831000,187443000.0,34407000.0,18342000.0,61555000.0,301747000.0,-43784000.0,-2248000.0,-54254000.0,-66073000.0,-22297000.0,-244559000.0,-1930000,2015-10-30,33.790000915527344,34.075000762939446,33.735000610351555,33.775001525878906,30.20356559753418,3541800.0
2016-07-31,2302376000.0,-1827091000.0,475285000.0,-206876000.0,-206876000.0,268409000.0,5708000.0,-3147000.0,274117000,274117000,-78341000.0,195776000,195654000,195654000,379597000.0,564922000.0,1034307000.0,2010105000.0,1052918000.0,3325274000.0,4378192000.0,6388297000,983727000.0,1128727000.0,250000000.0,865623000.0,1994350000,7752000.0,4607360000.0,4393947000.0,6388297000,195776000.0,32612000.0,8801000.0,-24638000.0,212551000.0,-66095000.0,-171506000.0,-242914000.0,-76866000.0,-37755000.0,33113000.0,-284000,2016-07-29,36.70000076293945,37.45000076293945,36.70000076293945,37.349998474121094,33.780975341796875,5806200.0
2016-10-31,2627941000.0,-2029421000.0,598520000.0,-244006000.0,-244006000.0,354514000.0,10219000.0,-3288000.0,364733000,364733000,-120543000.0,244190000,243940000,243940000,415143000.0,591310000.0,985683000.0,2029912000.0,1105449000.0,3234706000.0,4340155000.0,6370067000,1053196000.0,1053196000.0,250000000.0,865465000.0,1918661000,7742000.0,4736567000.0,4451406000.0,6370067000,244190000.0,35448000.0,43482000.0,48042000.0,371162000.0,-86059000.0,766000.0,-81080000.0,-76749000.0,-40067000.0,-253349000.0,35546000,2016-10-31,38.22000122070313,38.63000106811523,38.08000183105469,38.5,34.954296112060554,2666000.0
2017-01-31,2280227000.0,-1727947000.0,552280000.0,-210217000.0,-210217000.0,342063000.0,12722000.0,-3026000.0,354785000,354785000,-119482000.0,235303000,235147000,235147000,609821000.0,530851000.0,958130000.0,2119586000.0,1035275000.0,3211537000.0,4246812000.0,6366398000,919762000.0,919762000.0,250000000.0,871339000.0,1791101000,7747000.0,4866374000.0,4575297000.0,6366398000,235303000.0,31319000.0,-11960000.0,-77043000.0,177619000.0,-33969000.0,135944000.0,105571000.0,-76629000.0,-23190000.0,-82189000.0,194678000,2017-01-31,36.310001373291016,36.43000030517578,36.06999969482422,36.29999923706055,33.117443084716804,3585700.0
2017-04-30,2187309000.0,-1700389000.0,486920000.0,-181009000.0,-181009000.0,305911000.0,9916000.0,-3023000.0,315827000,315827000,-104941000.0,210886000,210926000,210926000,548901000.0,525322000.0,988408000.0,2125791000.0,1043566000.0,3216350000.0,4259916000.0,6385707000,824587000.0,824587000.0,250000000.0,874692000.0,1699279000,7743000.0,4974512000.0,4686428000.0,6385707000,210886000.0,32009000.0,22926000.0,-162888000.0,102933000.0,-41849000.0,0.0,-41468000.0,-89878000.0,-17514000.0,-125022000.0,-60920000,2017-04-28,34.950000762939446,35.11999893188477,34.889999389648445,35.080001831054695,32.16405868530273,2166700.0
2017-07-31,2207375000.0,-1754966000.0,452409000.0,-176660000.0,-176660000.0,275749000.0,2275000.0,-3057000.0,278024000,278024000,-95473000.0,182551000,182508000,182508000,633341000.0,549011000.0,1013214000.0,2217095000.0,1054096000.0,3236774000.0,4290870000.0,6507965000,877771000.0,877771000.0,250000000.0,877014000.0,1754785000,7732000.0,5033945000.0,4753180000.0,6507965000,182551000.0,32793000.0,869000.0,34628000.0,250841000.0,-40417000.0,0.0,-43922000.0,-89834000.0,-39446000.0,-125711000.0,84440000,2017-07-31,34.150001525878906,34.34000015258789,33.970001220703125,34.169998168945305,31.49382972717285,1796300.0
2017-10-31,2492608000.0,-1981054000.0,511554000.0,-194218000.0,-194218000.0,317336000.0,12853000.0,-3577000.0,330189000,330009000,-111646000.0,218363000,218154000,218154000,444122000.0,618351000.0,921022000.0,2026523000.0,1203251000.0,3746134000.0,4949385000.0,6975908000,1058212000.0,1058212000.0,250000000.0,977999000.0,2036211000,21411000.0,5162571000.0,4939697000.0,6975908000,218363000.0,34856000.0,45577000.0,203696000.0,502492000.0,-101297000.0,-520463000.0,-611814000.0,-89669000.0,7389000.0,-81395000.0,-189219000,2017-10-31,30.520000457763672,31.20000076293945,30.440000534057607,31.15999984741211,28.87990760803223,4948600.0
2018-01-31,2331293000.0,-1829114000.0,502179000.0,-219122000.0,-219122000.0,283057000.0,22108000.0,-4729000.0,305165000,305165000,-1954000.0,303211000,303107000,303107000,385775000.0,569099000.0,973221000.0,1948269000.0,1293066000.0,4617513000.0,5910579000.0,7858848000,1068514000.0,1323514000.0,624726000.0,1379960000.0,2703474000,27006000.0,5366501000.0,5155374000.0,7858848000,303211000.0,39123000.0,-97036000.0,58879000.0,304177000.0,-52943000.0,-858102000.0,-905299000.0,-89814000.0,-1744000.0,538168000.0,-58347000,2018-01-31,34.790000915527344,34.790000915527344,34.029998779296875,34.330001831054695,31.98786544799805,4753300.0
2018-04-30,2330568000.0,-1833882000.0,496686000.0,-203799000.0,-203799000.0,292887000.0,3996000.0,-7001000.0,296883000,296883000,-59361000.0,237522000,237384000,237384000,261571000.0,551392000.0,1011215000.0,1850780000.0,1353853000.0,4625116000.0,5978969000.0,7829749000,963461000.0,1148461000.0,624763000.0,1389655000.0,2538116000,18737000.0,5504221000.0,5291633000.0,7829749000,237522000.0,41193000.0,-2887000.0,-136664000.0,139164000.0,-81778000.0,429000.0,-81161000.0,-99325000.0,-13019000.0,-182307000.0,-124204000,2018-04-30,36.599998474121094,36.61999893188477,36.15999984741211,36.25,33.958812713623054,3541900.0
2018-07-31,2359142000.0,-1899970000.0,459172000.0,-210747000.0,-210747000.0,248425000.0,9307000.0,-8435000.0,257732000,257732000,-47379000.0,210353000,210243000,210243000,268982000.0,559181000.0,1001044000.0,1854310000.0,1410310000.0,4630753000.0,6041063000.0,7895373000,1001831000.0,1096831000.0,624801000.0,1402774000.0,2499605000,35756000.0,5615053000.0,5395768000.0,7895373000,210353000.0,40792000.0,20308000.0,28411000.0,299864000.0,-102012000.0,5000.0,-109510000.0,-99376000.0,10754000.0,-178584000.0,7411000,2018-07-31,35.79999923706055,36.18000030517578,35.439998626708984,35.970001220703125,33.86602783203125,2883400.0
2018-10-31,2524697000.0,-2003261000.0,521436000.0,-207537000.0,-207537000.0,313899000.0,24884000.0,21488000.0,338783000,321504000,-60008000.0,261496000,261406000,261406000,459136000.0,600438000.0,963527000.0,2050100000.0,1512600000.0,4579592000.0,6092192000.0,8142292000,1138914000.0,1138914000.0,624840000.0,1398560000.0,2537474000,114353000.0,5729956000.0,5604818000.0,8142292000,261496000.0,40750000.0,70324000.0,125954000.0,498524000.0,-143125000.0,0.0,-139398000.0,-99592000.0,28914000.0,-165639000.0,190154000,2018-10-31,43.0,43.88999938964844,42.66999816894531,43.63999938964844,41.276100158691406,4954900.0
2019-01-31,2360355000.0,-1872021000.0,488334000.0,-193544000.0,-193544000.0,294790000.0,12185000.0,-6147000.0,306975000,306975000,-65456000.0,241519000,241425000,241425000,512689000.0,565060000.0,994428000.0,2100686000.0,1483681000.0,4571031000.0,6054712000.0,8155398000,1060934000.0,1435812000.0,250000000.0,1013807000.0,2449619000,138022000.0,5856029000.0,5705779000.0,8155398000,241519000.0,40018000.0,-12453000.0,-81659000.0,187425000.0,-9125000.0,0.0,-1679000.0,-100125000.0,-28812000.0,-128899000.0,53553000,2019-01-31,41.54999923706055,42.33000183105469,41.36000061035156,42.31999969482422,40.22290802001953,4112800.0
2019-04-30,2344744000.0,-1875595000.0,469149000.0,-170076000.0,-170076000.0,299073000.0,18973000.0,-5615000.0,318046000,318046000,-35410000.0,282636000,282429000,282429000,646002000.0,537447000.0,1030574000.0,2250667000.0,1494567000.0,4190511000.0,5685078000.0,7935745000,1051676000.0,1051676000.0,250000000.0,982285000.0,2033961000,171834000.0,6003637000.0,5901784000.0,7935745000,282636000.0,40725000.0,-60365000.0,-84828000.0,178168000.0,-47329000.0,473885000.0,426506000.0,-112162000.0,5467000.0,-481573000.0,126638000,2019-04-30,39.599998474121094,40.099998474121094,39.40999984741211,39.93999862670898,38.15362930297852,4314400.0
2019-07-31,2290705000.0,-1857263000.0,433442000.0,-180169000.0,-180169000.0,253273000.0,7727000.0,-3213000.0,261000000,261000000,-61573000.0,199427000,199449000,199449000,574263000.0,528583000.0,1108514000.0,2245968000.0,1516386000.0,4192222000.0,5708608000.0,7954576000,1073087000.0,1073087000.0,250000000.0,990154000.0,2063241000,177961000.0,5984305000.0,5891335000.0,7954576000,199427000.0,41472000.0,6178000.0,-39758000.0,207319000.0,-61519000.0,0.0,-69886000.0,-112684000.0,-102794000.0,-215478000.0,-79128000,2019-07-31,41.45000076293945,41.7400016784668,40.560001373291016,40.9900016784668,39.357181549072266,2202400.0
2019-10-31,2501513000.0,-2007790000.0,493723000.0,-183795000.0,-183795000.0,309928000.0,13766000.0,28425000.0,323694000,323694000,-68128000.0,255566000,255503000,255503000,687637000.0,574396000.0,1042362000.0,2361413000.0,1629111000.0,3829323000.0,5747591000.0,8109004000,891534000.0,1105049000.0,250000000.0,1078420000.0,2183469000,192751000.0,6128207000.0,5925535000.0,8109004000,255566000.0,42994000.0,60827000.0,-9303000.0,350084000.0,-138463000.0,5921000.0,-134788000.0,-112082000.0,11788000.0,-100294000.0,112702000,2019-10-31,40.95000076293945,41.2599983215332,40.72999954223633,40.88999938964844,39.4639892578125,2208600.0
2020-04-30,2422465000.0,-1945113000.0,477352000.0,-193912000.0,-193912000.0,283440000.0,3050000.0,-6971000.0,286490000,286490000,-58873000.0,227617000,227736000,227736000,622914000.0,536009000.0,1048992000.0,2248896000.0,1750165000.0,4396120000.0,6146285000.0,8395181000,1066298000.0,1324593000.0,56861000.0,904384000.0,2228977000,273024000.0,6336946000.0,6166202000.0,8395179000,227615000.0,50588000.0,15895000.0,65774000.0,359872000.0,-80345000.0,-268878000.0,-362631000.0,-124501000.0,15659000.0,-110816000.0,-118346000,2020-04-30,47.7400016784668,47.86999893188477,46.18999862670898,46.849998474121094,45.678871154785156,5039400.0
2020-07-31,2381457000.0,-1959032000.0,422425000.0,-181085000.0,-181085000.0,241340000.0,18024000.0,-5724000.0,259364000,259364000,-56103000.0,203261000,203120000,203120000,1746932000.0,648991000.0,982355000.0,3409774000.0,1800012000.0,4390686000.0,6190698000.0,9600472000,1168363000.0,1427051000.0,1046821000.0,1901674000.0,3328725000,284494000.0,6414813000.0,6271747000.0,9600472000,203260000.0,49857000.0,-6249000.0,82927000.0,329795000.0,-87922000.0,-1911000.0,-82904000.0,-125253000.0,7746000.0,872723000.0,1123294000,2020-07-31,50.459999084472656,51.16999816894531,50.25,50.86000061035156,49.83563232421875,2196000.0
