Report Date,Revenue,Cost of Revenue,Gross Profit,Operating Expenses,"Selling, General & Administrative",Research & Development,Operating Income (Loss),Non-Operating Income (Loss),"Interest Expense, Net","Pretax Income (Loss), Adj.",Pretax Income (Loss),"Income Tax (Expense) Benefit, Net",Income (Loss) from Continuing Operations,Net Income,Net Income (Common),"Cash, Cash Equivalents & Short Term Investments",Accounts & Notes Receivable,Inventories,Total Current Assets,"Property, Plant & Equipment, Net",Other Long Term Assets,Total Noncurrent Assets,Total Assets,Payables & Accruals,Total Current Liabilities,Long Term Debt,Total Noncurrent Liabilities,Total Liabilities,Share Capital & Additional Paid-In Capital,Retained Earnings,Total Equity,Total Liabilities & Equity,Net Income/Starting Line,Depreciation & Amortization.1,Non-Cash Items,Change in Working Capital,Net Cash from Operating Activities,Change in Fixed Assets & Intangibles,Net Change in Long Term Investment,Net Cash from Investing Activities,Cash from (Repurchase of) Equity,Net Cash from Financing Activities,Net Change in Cash,Price Date,Open,High,Low,Close,Adj Close,Volume
2012-06-30,86542000.0,-16000.0,86526000.0,-71307000.0,-19719000.0,-51588000.0,15219000.0,-11115000.0,-11115000.0,4104000,4104000,-67000.0,4037000,4037000,4037000,261807000.0,13841000.0,188000.0,294158000.0,6515000.0,11298000.0,17813000.0,311971000,54082000.0,139731000.0,318630000.0,389428000.0,529159000,1432051000.0,-1650959000.0,-217188000.0,311971000,4037000.0,7404000.0,9911000.0,-12628000.0,8724000.0,-1007000.0,97000.0,-910000.0,17894000.0,17894000.0,25708000,2012-06-29,22.940000534057607,23.06999969482422,22.440000534057614,22.70000076293945,22.70000076293945,743300.0
2012-09-30,60492000.0,-31000.0,60461000.0,-70599000.0,-20520000.0,-50079000.0,-10138000.0,-11546000.0,-11546000.0,-21684000,-21684000,-26000.0,-21710000,-21710000,-21710000,243599000.0,16540000.0,190000.0,278728000.0,6169000.0,11638000.0,17807000.0,296535000,60852000.0,137641000.0,324783000.0,378844000.0,516485000,1450570000.0,-1672669000.0,-219950000.0,296535000,-21710000.0,7576000.0,9583000.0,-22594000.0,-27145000.0,-406000.0,157000.0,-249000.0,8914000.0,8914000.0,-18480000,2012-09-28,17.75,18.1299991607666,17.709999084472656,18.049999237060547,18.049999237060547,1055100.0
2012-12-31,113846000.0,-99000.0,113747000.0,-83492000.0,-23728000.0,-59764000.0,30255000.0,-11395000.0,-11395000.0,18860000,18860000,-81000.0,18779000,18779000,18779000,228418000.0,70951000.0,278000.0,309514000.0,6348000.0,14557000.0,20905000.0,330419000,69995000.0,136074000.0,331076000.0,369302000.0,505376000,1477055000.0,-1653890000.0,-174957000.0,330419000,18779000.0,7765000.0,8515000.0,-57067000.0,-22008000.0,-930000.0,430000.0,-500000.0,7482000.0,7482000.0,-15026000,2012-12-31,16.079999923706055,16.65999984741211,15.989999771118164,16.610000610351562,16.610000610351562,1735400.0
2013-03-31,71077000.0,-150000.0,70927000.0,-75024000.0,-22261000.0,-52763000.0,-4097000.0,-11529000.0,-11529000.0,-15626000,-15626000,-43000.0,-15669000,-15669000,-15669000,270179000.0,28041000.0,189000.0,309113000.0,6485000.0,14684000.0,21169000.0,330282000,68729000.0,121283000.0,337513000.0,372525000.0,493808000,1504034000.0,-1669559000.0,-163526000.0,330282000,-15669000.0,7734000.0,9182000.0,23491000.0,24738000.0,-894000.0,136000.0,-758000.0,17777000.0,17777000.0,41757000,2013-03-28,22.61000061035156,23.440000534057607,22.59000015258789,23.40999984741211,23.40999984741211,903700.0
2013-06-30,101675000.0,-157000.0,101518000.0,-84199000.0,-23249000.0,-60950000.0,17319000.0,-10048000.0,-10048000.0,7271000,-2500000,-71000.0,-2571000,-2571000,-2571000,277453000.0,27522000.0,133000.0,313369000.0,6236000.0,14614000.0,20850000.0,334219000,63929000.0,102958000.0,223817000.0,259047000.0,362005000,1642351000.0,-1672130000.0,-27786000.0,334219000,-2571000.0,8053000.0,19719000.0,-17120000.0,8081000.0,-553000.0,-15149000.0,-15702000.0,9780000.0,9000.0,-7612000,2013-06-28,21.450000762939453,22.3799991607666,21.309999465942386,22.0,22.0,1401400.0
2013-09-30,85123000.0,-155000.0,84968000.0,-98151000.0,-26447000.0,-71704000.0,-13183000.0,-7314000.0,-7314000.0,-20497000,-21988000,-49000.0,-22037000,-22037000,-22037000,291174000.0,33197000.0,359000.0,333743000.0,6201000.0,17456000.0,23657000.0,357400000,83995000.0,109498000.0,187136000.0,219111000.0,328609000,1720949000.0,-1694166000.0,28791000.0,357400000,-22036000.0,4568000.0,10938000.0,-5420000.0,-11950000.0,-789000.0,-214000.0,-1003000.0,28364000.0,26873000.0,13920000,2013-09-30,37.08000183105469,38.86999893188477,36.93000030517578,38.150001525878906,38.150001525878906,1322600.0
2013-12-31,97072000.0,-168000.0,96904000.0,-113045000.0,-38026000.0,-75019000.0,-16141000.0,-8437000.0,-8437000.0,-24578000,-42734000,-136000.0,-42870000,-42870000,-42870000,509004000.0,35374000.0,406000.0,555799000.0,26848000.0,46921000.0,73769000.0,629568000,95152000.0,108042000.0,661567000.0,714634000.0,822676000,1541936000.0,-1737037000.0,-193108000.0,629568000,-42871000.0,8852000.0,27763000.0,-5433000.0,-11689000.0,-2031000.0,-17903000.0,-19934000.0,17236000.0,230930000.0,199307000,2013-12-31,50.7400016784668,51.25,50.2400016784668,50.63000106811523,50.63000106811523,603400.0
2014-03-31,89792000.0,-168000.0,89624000.0,-112559000.0,-36974000.0,-75585000.0,-22935000.0,-10708000.0,-10708000.0,-33643000,-33908000,-49000.0,-33957000,-33957000,-33957000,519231000.0,46394000.0,347000.0,581170000.0,38654000.0,47002000.0,85656000.0,666826000,94057000.0,106944000.0,665222000.0,722304000.0,829248000,1606532000.0,-1770994000.0,-162422000.0,666826000,-33957000.0,9623000.0,15643000.0,-23003000.0,-31694000.0,-2663000.0,-45024000.0,-47687000.0,44833000.0,44537000.0,-34844000,2014-03-31,50.34000015258789,53.81000137329102,50.27000045776367,53.52000045776367,53.52000045776367,2245000.0
2014-06-30,99582000.0,-187000.0,99395000.0,-125582000.0,-40899000.0,-84683000.0,-26187000.0,-10616000.0,-10616000.0,-36803000,-36803000,-70000.0,-36873000,-36873000,-36873000,508753000.0,47205000.0,269000.0,577145000.0,55607000.0,46355000.0,101962000.0,679107000,99662000.0,112547000.0,673315000.0,737558000.0,850105000,1634789000.0,-1807867000.0,-170998000.0,679107000,-36873000.0,9698000.0,15478000.0,-2860000.0,-14557000.0,-8699000.0,-19844000.0,-28543000.0,12779000.0,12779000.0,-30321000,2014-06-30,55.84000015258789,57.25,55.7400016784668,56.43999862670898,56.43999862670898,1022200.0
2014-09-30,198147000.0,-221000.0,197926000.0,-127983000.0,-39446000.0,-88537000.0,69943000.0,-10578000.0,-10578000.0,59365000,59365000,-72000.0,59293000,59293000,59293000,532359000.0,109599000.0,402000.0,662614000.0,75258000.0,47393000.0,122651000.0,785265000,111778000.0,124660000.0,681313000.0,750196000.0,874856000,1657070000.0,-1748575000.0,-89591000.0,785265000,59292000.0,9871000.0,15323000.0,-56699000.0,27787000.0,-10659000.0,-48032000.0,-58691000.0,6539000.0,6644000.0,-24260000,2014-09-30,50.77000045776367,50.84000015258789,49.02000045776367,49.04999923706055,49.04999923706055,995000.0
2014-12-31,123974000.0,-2428000.0,121546000.0,-147171000.0,-48453000.0,-98718000.0,-25625000.0,-11576000.0,-11576000.0,-37201000,-37201000,257000.0,-36944000,-36944000,-36944000,600263000.0,57933000.0,358000.0,679573000.0,81790000.0,35114000.0,116904000.0,796477000,122995000.0,221061000.0,589981000.0,657044000.0,878105000,1702075000.0,-1785518000.0,-81628000.0,796477000,-36943000.0,12221000.0,15999000.0,53443000.0,44720000.0,-5855000.0,2337000.0,-3518000.0,28693000.0,29097000.0,70293000,2014-12-31,73.0999984741211,74.72000122070312,72.0,73.11000061035156,73.11000061035156,1063900.0
2015-03-31,159275000.0,-2974000.0,156301000.0,-163236000.0,-44871000.0,-118365000.0,-6935000.0,-11057000.0,-11057000.0,-17992000,-17992000,-367000.0,-18359000,-18359000,-18359000,585424000.0,69604000.0,2414000.0,692145000.0,80667000.0,49983000.0,170479000.0,862624000,125401000.0,225595000.0,610210000.0,678442000.0,904037000,1760206000.0,-1803877000.0,-41413000.0,862624000,-18359000.0,11835000.0,13725000.0,-11787000.0,-4586000.0,-3553000.0,-15193000.0,-58575000.0,29180000.0,32686000.0,-30475000,2015-03-31,92.9000015258789,93.97000122070312,91.5,91.66000366210938,91.66000366210938,1038300.0
2015-06-30,162984000.0,-6254000.0,156730000.0,-164124000.0,-51679000.0,-112445000.0,-7394000.0,-10350000.0,-10350000.0,-17744000,9430000,-136000.0,9294000,9294000,9294000,627469000.0,75122000.0,1897000.0,732990000.0,81602000.0,48742000.0,197347000.0,930337000,136675000.0,192472000.0,617025000.0,682691000.0,875163000,1847806000.0,-1794581000.0,55174000.0,930337000,9296000.0,11266000.0,-7822000.0,650000.0,13390000.0,-2196000.0,-24495000.0,-26691000.0,33778000.0,31160000.0,17859000,2015-06-30,103.01000213623048,104.33999633789062,101.70999908447266,104.20999908447266,104.20999908447266,1182300.0
2015-09-30,187611000.0,-8040000.0,179571000.0,-179672000.0,-47599000.0,-132073000.0,-101000.0,-8183000.0,-8183000.0,-8284000,-39573000,-9000.0,-39582000,-39582000,-39582000,635045000.0,86966000.0,2428000.0,757914000.0,83186000.0,55118000.0,174018000.0,931932000,142961000.0,155823000.0,623928000.0,687372000.0,843195000,1923175000.0,-1834163000.0,88737000.0,931932000,-39582000.0,11178000.0,47063000.0,-10936000.0,7723000.0,-13358000.0,-1857000.0,-15215000.0,13913000.0,13612000.0,6120000,2015-09-30,103.0,110.75,102.79000091552734,110.33000183105469,110.33000183105469,3168000.0
2015-12-31,243881000.0,-9704000.0,234177000.0,-169096000.0,-52465000.0,-116631000.0,65081000.0,-8924000.0,-8924000.0,56157000,55691000,-513000.0,55178000,55178000,55178000,707783000.0,114450000.0,1783000.0,842375000.0,86006000.0,43811000.0,165065000.0,1007440000,155495000.0,168007000.0,619893000.0,668278000.0,836285000,1950951000.0,-1778987000.0,171155000.0,1007440000,55176000.0,10604000.0,19875000.0,-12774000.0,72881000.0,-6896000.0,2367000.0,-4529000.0,9565000.0,7286000.0,75638000,2015-12-31,108.23999786376952,109.91999816894531,108.23999786376952,108.4499969482422,108.4499969482422,872200.0
2016-03-31,263464000.0,-6005000.0,257459000.0,-221420000.0,-64596000.0,-156824000.0,36039000.0,-8642000.0,-8642000.0,27397000,24447000,-400000.0,24047000,24047000,24047000,810669000.0,101280000.0,1309000.0,935581000.0,92622000.0,43441000.0,168361000.0,1103942000,191022000.0,200319000.0,627642000.0,675875000.0,876194000,1982291000.0,-1754940000.0,227748000.0,1103942000,24047000.0,11058000.0,23897000.0,38533000.0,97535000.0,-5562000.0,34319000.0,28757000.0,10219000.0,9884000.0,136176000,2016-03-31,68.58000183105469,74.19000244140625,68.51000213623047,72.47000122070312,72.47000122070312,2164700.0
2016-06-30,246288000.0,-12367000.0,233921000.0,-187061000.0,-66792000.0,-120269000.0,46860000.0,-8525000.0,-8525000.0,38335000,35210000,-785000.0,34425000,34425000,34425000,629191000.0,129486000.0,6124000.0,792130000.0,138513000.0,455888000.0,625845000.0,1417975000,175215000.0,198986000.0,635491000.0,921926000.0,1120912000,2016916000.0,-1720515000.0,297063000.0,1417975000,34425000.0,12850000.0,24500000.0,-54203000.0,17572000.0,-82214000.0,11778000.0,-215281000.0,13886000.0,27763000.0,-169961000,2016-06-30,78.87999725341797,80.43000030517578,77.8499984741211,79.9800033569336,79.9800033569336,1063000.0
2016-09-30,269469000.0,-20205000.0,249264000.0,-218960000.0,-75776000.0,-143184000.0,30304000.0,-8291000.0,-8291000.0,22013000,38302000,-1425000.0,36877000,36877000,36877000,716585000.0,131523000.0,4078000.0,886660000.0,151942000.0,449848000.0,657535000.0,1544195000,219823000.0,240545000.0,643434000.0,933664000.0,1174209000,2053234000.0,-1683638000.0,369986000.0,1544195000,36877000.0,16951000.0,10312000.0,31131000.0,95271000.0,-16629000.0,4797000.0,-9952000.0,8363000.0,7126000.0,92445000,2016-09-30,92.70999908447266,94.66000366210938,90.56999969482422,94.29000091552734,94.29000091552734,1707600.0
2016-12-31,326498000.0,-19610000.0,306888000.0,-257671000.0,-96087000.0,-161584000.0,49217000.0,-8875000.0,-8875000.0,40342000,9445000,-572000.0,8873000,8873000,8873000,808546000.0,148758000.0,4106000.0,994178000.0,167679000.0,444753000.0,644419000.0,1638597000,253962000.0,273501000.0,651481000.0,945629000.0,1219130000,2097118000.0,-1674765000.0,419467000.0,1638597000,8873000.0,17566000.0,58647000.0,9292000.0,94378000.0,-15872000.0,-20249000.0,-36012000.0,17505000.0,-151000.0,58221000,2016-12-30,101.93000030517578,102.3499984741211,99.25,100.2699966430664,100.2699966430664,953800.0
2017-03-31,384082000.0,-14824000.0,369258000.0,-495149000.0,-87229000.0,-407920000.0,-125891000.0,-4792000.0,-5939000.0,-130683000,-197983000,10900000.0,-187083000,-187083000,-187083000,511955000.0,244975000.0,3961000.0,819175000.0,193211000.0,436639000.0,788172000.0,1607347000,283188000.0,304716000.0,41604000.0,336697000.0,641413000,2824503000.0,-1863946000.0,965934000.0,1607347000,-187083000.0,15027000.0,97984000.0,-99566000.0,-173638000.0,-20967000.0,6039000.0,-138819000.0,33736000.0,21960000.0,-290504000,2017-03-31,137.80000305175778,138.72999572753906,133.25999450683594,133.66999816894528,133.66999816894528,2554800.0
2017-06-30,326444000.0,-20260000.0,306184000.0,-291852000.0,-90066000.0,-201786000.0,14332000.0,3682000.0,-384000.0,18014000,-9384000,-3100000.0,-12484000,-12484000,-12484000,608606000.0,169516000.0,2930000.0,844803000.0,218878000.0,431337000.0,794640000.0,1639443000,270382000.0,293161000.0,23428000.0,319447000.0,612608000,2892297000.0,-1876430000.0,1026835000.0,1639443000,-12484000.0,12352000.0,61218000.0,55708000.0,116794000.0,-30499000.0,-6819000.0,-37318000.0,15725000.0,10532000.0,89972000,2017-06-30,129.74000549316406,129.83000183105472,125.87000274658205,125.91000366210938,125.91000366210938,1369900.0
2017-09-30,381534000.0,-22036000.0,359498000.0,-360822000.0,-91265000.0,-269557000.0,-1324000.0,5290000.0,-204000.0,3966000,43354000,-7300000.0,36054000,36054000,36054000,1281389000.0,198345000.0,3261000.0,1541322000.0,246825000.0,417134000.0,832979000.0,2374301000,295605000.0,319935000.0,23711000.0,296616000.0,616551000,3585614000.0,-1840376000.0,1757750000.0,2374301000,36054000.0,11940000.0,7611000.0,-2482000.0,53123000.0,-34304000.0,3465000.0,-30839000.0,658480000.0,653994000.0,676275000,2017-09-29,113.26000213623048,116.9000015258789,113.1500015258789,116.73999786376952,116.73999786376952,2291100.0
2017-12-31,444156000.0,-22359000.0,421797000.0,-544597000.0,-97726000.0,-446871000.0,-122800000.0,6073000.0,16780000.0,-116727000,-148277000,-1352000.0,-149629000,-149629000,-149629000,1169645000.0,266299000.0,6482000.0,1504854000.0,259763000.0,403609000.0,797728000.0,2302582000,341155000.0,375396000.0,16608000.0,296557000.0,671953000,3627644000.0,-1990005000.0,1630629000.0,2302582000,-149629000.0,12859000.0,65392000.0,-17889000.0,-89267000.0,-25251000.0,-117751000.0,-143002000.0,8210000.0,3724000.0,-228538000,2017-12-29,95.54000091552734,96.1500015258789,94.6999969482422,94.70999908447266,94.70999908447266,1236900.0
2018-03-31,382282000.0,-18106000.0,364176000.0,-424601000.0,-121498000.0,-303103000.0,-60425000.0,4077000.0,-385000.0,-56348000,-40354000,-786000.0,-41140000,-41140000,-41140000,1171059000.0,220190000.0,4632000.0,1469555000.0,264610000.0,405875000.0,836457000.0,2306012000,345437000.0,381072000.0,16811000.0,296896000.0,677968000,3666558000.0,-2028392000.0,1628044000.0,2306012000,-41140000.0,13424000.0,20317000.0,28237000.0,20838000.0,-12590000.0,-7001000.0,-28528000.0,2595000.0,2595000.0,-5060000,2018-03-29,85.05999755859375,85.68000030517578,83.30999755859375,83.33000183105469,83.33000183105469,1592500.0
2018-06-30,521516000.0,-24856000.0,496660000.0,-406118000.0,-108029000.0,-298089000.0,90542000.0,5410000.0,-398000.0,95952000,54008000,-1614000.0,52394000,52394000,52394000,1198382000.0,316310000.0,5869000.0,1598084000.0,267586000.0,400157000.0,799073000.0,2397157000,331184000.0,368239000.0,17016000.0,295995000.0,664234000,3718730000.0,-1975998000.0,1732923000.0,2397157000,52394000.0,13501000.0,78634000.0,-112126000.0,32403000.0,-10791000.0,6868000.0,-3922000.0,15448000.0,5562000.0,34143000,2018-06-29,65.68000030517578,68.27999877929689,65.54000091552734,67.0,67.0,1623800.0
2018-09-30,449683000.0,-24795000.0,424888000.0,-389049000.0,-96522000.0,-292527000.0,35839000.0,9806000.0,-405000.0,45645000,30976000,-1800000.0,29176000,29176000,29176000,1375313000.0,247736000.0,5993000.0,1700359000.0,300767000.0,397440000.0,819588000.0,2519947000,385176000.0,422489000.0,17224000.0,294559000.0,717048000,3759243000.0,-1946822000.0,1802899000.0,2519947000,29176000.0,13818000.0,52756000.0,103398000.0,199148000.0,-24821000.0,6945000.0,-17876000.0,2437000.0,2437000.0,183671000,2018-09-28,68.80999755859375,69.93000030517578,68.55999755859375,69.08000183105469,69.08000183105469,1312900.0
2018-12-31,528402000.0,-26366000.0,502036000.0,-412596000.0,-108358000.0,-304238000.0,89440000.0,10924000.0,-355000.0,100364000,70717000,-1654000.0,69063000,69063000,69063000,1438323000.0,307598000.0,6967000.0,1832254000.0,319751000.0,394558000.0,813508000.0,2645762000,393433000.0,425277000.0,17434000.0,294518000.0,719795000,3813891000.0,-1877759000.0,1925967000.0,2645762000,69063000.0,14226000.0,66597000.0,-66048000.0,83838000.0,-25281000.0,-10816000.0,-36097000.0,9462000.0,4063000.0,51798000,2018-12-31,62.79999923706055,64.54000091552734,62.65999984741211,63.59000015258789,63.59000015258789,1074800.0
2019-03-31,497857000.0,-22588000.0,475269000.0,-394528000.0,-123983000.0,-270545000.0,80741000.0,9038000.0,-335000.0,89779000,104097000,-1785000.0,102312000,102312000,102312000,1581024000.0,244081000.0,7129000.0,1904500000.0,338331000.0,391142000.0,849661000.0,2754161000,330276000.0,364515000.0,17647000.0,304079000.0,668594000,3870166000.0,-1775352000.0,2085567000.0,2754161000,102312000.0,13891000.0,26378000.0,13082000.0,155663000.0,-18267000.0,-6296000.0,-24563000.0,15481000.0,4487000.0,135713000,2019-03-29,86.5199966430664,86.77999877929688,85.87999725341797,86.01000213623047,86.01000213623047,1199800.0
2019-06-30,529932000.0,-29406000.0,500526000.0,-395306000.0,-105943000.0,-289363000.0,105220000.0,14684000.0,-316000.0,119904000,108671000,-3353000.0,105318000,105318000,105318000,1695855000.0,302680000.0,6527000.0,2058625000.0,339122000.0,434323000.0,889008000.0,2947633000,330385000.0,367105000.0,17862000.0,333337000.0,700442000,3926190000.0,-1670034000.0,2247191000.0,2947633000,105318000.0,13435000.0,51971000.0,-17764000.0,152960000.0,-47294000.0,2147000.0,-45147000.0,15191000.0,9010000.0,116539000,2019-06-28,84.58999633789062,85.27999877929688,83.37000274658203,84.95999908447266,84.95999908447266,1616400.0
2019-09-30,551581000.0,-30040000.0,521541000.0,-383944000.0,-102608000.0,-281336000.0,137597000.0,11364000.0,-597000.0,148961000,148019000,-19748000.0,128271000,128271000,128271000,1986218000.0,276116000.0,7365000.0,2319595000.0,347250000.0,430071000.0,895223000.0,3214818000,425824000.0,461683000.0,18080000.0,330608000.0,792291000,3972904000.0,-1541763000.0,2422527000.0,3214818000,128271000.0,13862000.0,44430000.0,83852000.0,270415000.0,16812000.0,-4528000.0,12284000.0,3111000.0,2894000.0,285780000,2019-09-30,72.93000030517578,74.87999725341797,72.77999877929688,74.2300033569336,74.2300033569336,1224700.0
