Report Date,Revenue,Cost of Revenue,Gross Profit,Operating Expenses,"Selling, General & Administrative",Research & Development,Operating Income (Loss),Non-Operating Income (Loss),"Interest Expense, Net","Pretax Income (Loss), Adj.",Pretax Income (Loss),"Income Tax (Expense) Benefit, Net",Income (Loss) from Continuing Operations,Net Income,Net Income (Common),"Cash, Cash Equivalents & Short Term Investments",Accounts & Notes Receivable,Inventories,Total Current Assets,"Property, Plant & Equipment, Net",Other Long Term Assets,Total Noncurrent Assets,Total Assets,Payables & Accruals,Short Term Debt,Total Current Liabilities,Long Term Debt,Total Noncurrent Liabilities,Total Liabilities,Share Capital & Additional Paid-In Capital,Retained Earnings,Total Equity,Total Liabilities & Equity,Net Income/Starting Line,Depreciation & Amortization.1,Non-Cash Items,Change in Working Capital,Net Cash from Operating Activities,Change in Fixed Assets & Intangibles,Net Cash from Acquisitions & Divestitures,Net Cash from Investing Activities,Cash from (Repayment of) Debt,Cash from (Repurchase of) Equity,Net Cash from Financing Activities,Net Change in Cash,Price Date,Open,High,Low,Close,Adj Close,Volume
2011-09-30,129064000.0,-58605000.0,70459000.0,-23154000.0,-16653000.0,-6501000.0,47305000.0,1863000.0,-209000.0,49168000,49168000,-14899000.0,34269000,32869000,32869000,196586000.0,80361000.0,117276000.0,431612000.0,143339000.0,21373000.0,164712000.0,596324000,95518000.0,1546000.0,110658000.0,16296000.0,21052000.0,131710000,329421000.0,91753000.0,464614000.0,596324000,34269000.0,6227000.0,-1345000.0,-10148000.0,29003000.0,-11964000.0,0.0,-11887000.0,71000.0,4491000.0,1825000.0,8390000,2011-09-30,45.43999862670898,45.75,42.65999984741211,43.43999862670898,43.43999862670898,595600.0
2011-12-31,123524000.0,-57100000.0,66424000.0,-21803000.0,-15223000.0,-6580000.0,44621000.0,1561000.0,-96000.0,46182000,46182000,-14327000.0,31855000,31086000,31086000,205685000.0,75755000.0,116978000.0,434457000.0,155202000.0,18473000.0,173675000.0,608132000,79637000.0,1613000.0,93712000.0,15726000.0,24687000.0,118399000,332590000.0,122833000.0,489733000.0,608132000,31855000.0,5780000.0,3415000.0,-9694000.0,31356000.0,-18257000.0,-300000.0,-44088000.0,-928000.0,777000.0,372000.0,-16352000,2011-12-30,34.630001068115234,35.09000015258789,33.759998321533196,33.86999893188477,33.86999893188477,255700.0
2012-03-31,123192000.0,-54508000.0,68684000.0,-22221000.0,-15081000.0,-7140000.0,46463000.0,-2509000.0,-129000.0,43954000,43954000,-13406000.0,30548000,29915000,29915000,395522000.0,88426000.0,123430000.0,647678000.0,169876000.0,17351000.0,187227000.0,834905000,82222000.0,1575000.0,103139000.0,15132000.0,25013000.0,128152000,504248000.0,153241000.0,706753000.0,834905000,30548000.0,6215000.0,9362000.0,-19120000.0,27005000.0,-13779000.0,0.0,-6629000.0,2334000.0,749000.0,171699000.0,196837000,2012-03-30,52.11999893188477,52.540000915527344,51.5,52.04999923706055,52.04999923706055,297700.0
2012-06-30,137927000.0,-63017000.0,74910000.0,-21819000.0,-14590000.0,-7229000.0,53091000.0,3877000.0,615000.0,56968000,56968000,-17119000.0,39849000,37742000,37742000,355343000.0,86132000.0,121979000.0,602957000.0,177441000.0,17616000.0,195057000.0,798014000,90616000.0,1580000.0,103778000.0,14671000.0,24505000.0,128283000,499956000.0,190983000.0,669731000.0,798014000,39849000.0,6143000.0,1780000.0,3678000.0,51450000.0,-22187000.0,0.0,-13689000.0,-6553000.0,1500000.0,-60652000.0,-31493000,2012-06-29,44.560001373291016,46.1500015258789,43.43000030517578,43.59000015258789,43.59000015258789,952600.0
2012-09-30,156379000.0,-70420000.0,85959000.0,-24156000.0,-16394000.0,-7762000.0,61803000.0,-1536000.0,55000.0,60267000,60267000,-17832000.0,42435000,42435000,42435000,372569000.0,110649000.0,135121000.0,661106000.0,195153000.0,22126000.0,217279000.0,878385000,107628000.0,1572000.0,121281000.0,14341000.0,27532000.0,148813000,506859000.0,233418000.0,729572000.0,878385000,42435000.0,6810000.0,10335000.0,-21530000.0,38050000.0,-15749000.0,-11596000.0,-17854000.0,413000.0,2026000.0,5155000.0,26991000,2012-09-28,57.06000137329102,57.86999893188477,56.79999923706055,57.29999923706055,57.29999923706055,510800.0
2012-12-31,145030000.0,-69856000.0,75174000.0,-26281000.0,-17011000.0,-9270000.0,48893000.0,-867000.0,-222000.0,48026000,48026000,-13114000.0,34912000,34912000,34912000,384053000.0,96630000.0,139618000.0,664959000.0,210563000.0,19976000.0,230539000.0,895498000,111677000.0,1505000.0,125455000.0,14014000.0,27116000.0,152571000,511044000.0,234977000.0,742927000.0,895498000,34912000.0,6976000.0,9153000.0,7730000.0,58771000.0,-16469000.0,0.0,-17085000.0,-2741000.0,1205000.0,-34115000.0,11484000,2012-12-31,64.23000335693361,67.0,64.22000122070311,66.65000152587889,66.65000152587889,416500.0
2013-03-31,141852000.0,-66211000.0,75641000.0,-26476000.0,-17678000.0,-8798000.0,49165000.0,498000.0,-53000.0,49663000,49663000,-14536000.0,35127000,35127000,35127000,355715000.0,102793000.0,142096000.0,649371000.0,218995000.0,23892000.0,242887000.0,892258000,73904000.0,1529000.0,88110000.0,12525000.0,30923000.0,119033000,515760000.0,270104000.0,773225000.0,892258000,35127000.0,7217000.0,8600000.0,-62283000.0,-11339000.0,-17657000.0,-5555000.0,-22837000.0,5842000.0,720000.0,8026000.0,-28338000,2013-03-28,66.01000213623047,67.12999725341797,65.48999786376953,66.41000366210939,66.41000366210939,289500.0
2013-06-30,168171000.0,-78249000.0,89922000.0,-30157000.0,-19674000.0,-10483000.0,59765000.0,-164000.0,-35000.0,59601000,59601000,-17881000.0,41720000,41720000,41720000,369484000.0,114498000.0,154093000.0,691585000.0,225195000.0,22475000.0,247670000.0,939255000,89836000.0,1333000.0,95202000.0,12000000.0,28086000.0,123288000,521049000.0,311824000.0,815967000.0,939255000,41720000.0,7668000.0,1255000.0,-15030000.0,35613000.0,-16440000.0,0.0,-16408000.0,-8648000.0,1457000.0,-6299000.0,13769000,2013-06-28,59.93999862670898,60.88000106811523,59.31999969482422,60.72999954223633,60.72999954223633,333000.0
2013-09-30,172152000.0,-79339000.0,92813000.0,-31477000.0,-19976000.0,-11501000.0,61336000.0,-1282000.0,63000.0,60054000,60054000,-17716000.0,42338000,42338000,42338000,398355000.0,120640000.0,171268000.0,749208000.0,236507000.0,24081000.0,260588000.0,1009796000,100877000.0,1333000.0,105807000.0,11667000.0,28302000.0,134109000,526486000.0,354162000.0,875687000.0,1009796000,42338000.0,8529000.0,7092000.0,-21272000.0,36687000.0,-14034000.0,0.0,-13999000.0,-608000.0,1051000.0,1697000.0,28871000,2013-09-30,56.90999984741211,56.90999984741211,56.06000137329102,56.349998474121094,56.349998474121094,487700.0
2013-12-31,165859000.0,-84337000.0,81522000.0,-31105000.0,-20227000.0,-10878000.0,50417000.0,-1434000.0,24000.0,48983000,48983000,-12388000.0,36595000,36595000,36595000,448776000.0,103803000.0,172700000.0,786343000.0,252245000.0,22628000.0,274873000.0,1061216000,93341000.0,1333000.0,100079000.0,11333000.0,33168000.0,133247000,538913000.0,390757000.0,927969000.0,1061216000,36595000.0,8110000.0,9533000.0,4168000.0,58406000.0,-22552000.0,0.0,-22642000.0,1414000.0,4047000.0,10725000.0,50421000,2013-12-31,77.48999786376953,78.30999755859375,76.69000244140625,77.61000061035156,77.61000061035156,413400.0
2014-03-31,170575000.0,-81291000.0,89284000.0,-32865000.0,-20081000.0,-12784000.0,56419000.0,1565000.0,-139000.0,57984000,57984000,-17453000.0,40531000,40531000,40531000,480609000.0,107598000.0,170556000.0,825133000.0,249361000.0,22519000.0,271880000.0,1097013000,96541000.0,1333000.0,103278000.0,11000000.0,32419000.0,135697000,544356000.0,431288000.0,961316000.0,1097013000,40531000.0,8102000.0,3443000.0,-8685000.0,43391000.0,-11337000.0,0.0,-11305000.0,-1305000.0,611000.0,871000.0,31833000,2014-03-31,69.86000061035156,71.12000274658203,68.75,71.08000183105469,71.08000183105469,440200.0
2014-06-30,192204000.0,-87977000.0,104227000.0,-34533000.0,-21171000.0,-13362000.0,69694000.0,-706000.0,0.0,68988000,68988000,-20705000.0,48283000,48283000,48283000,483432000.0,124144000.0,178925000.0,854092000.0,268122000.0,36172000.0,304294000.0,1158386000,95261000.0,12000000.0,113172000.0,0.0,21354000.0,134526000,551890000.0,479571000.0,1023860000.0,1158386000,48283000.0,8986000.0,6727000.0,-30512000.0,33484000.0,-34190000.0,0.0,-34180000.0,103000.0,2768000.0,3732000.0,2823000,2014-06-30,67.81999969482422,69.11000061035156,67.80999755859375,68.80000305175781,68.80000305175781,308700.0
2014-09-30,199651000.0,-90561000.0,109090000.0,-35115000.0,-21668000.0,-13447000.0,73975000.0,3772000.0,-4000.0,77747000,77747000,-22547000.0,55200000,55200000,55200000,487518000.0,136629000.0,179476000.0,863254000.0,271286000.0,50848000.0,322134000.0,1185388000,110919000.0,11667000.0,128013000.0,0.0,20672000.0,148685000,556406000.0,534771000.0,1036703000.0,1185388000,55200000.0,9321000.0,8070000.0,-25379000.0,47212000.0,-28778000.0,0.0,-28754000.0,-583000.0,351000.0,38000.0,4086000,2014-09-30,67.79000091552734,68.81999969482422,67.27999877929689,68.77999877929689,68.77999877929689,310800.0
2014-12-31,207402000.0,-93485000.0,113917000.0,-36865000.0,-23055000.0,-13810000.0,77052000.0,2703000.0,66000.0,79755000,79755000,-23324000.0,56431000,56431000,56431000,522150000.0,143109000.0,171009000.0,893838000.0,275082000.0,41967000.0,317049000.0,1210887000,102870000.0,13333000.0,122075000.0,19667000.0,42251000.0,164326000,567622000.0,591202000.0,1046561000.0,1210887000,56431000.0,9203000.0,14465000.0,-24081000.0,56018000.0,-15862000.0,0.0,-15841000.0,-223000.0,3828000.0,6888000.0,34632000,2014-12-31,75.86000061035156,75.86000061035156,74.5999984741211,74.91999816894531,74.91999816894531,290700.0
2015-03-31,198960000.0,-91133000.0,107827000.0,-34557000.0,-20327000.0,-14230000.0,73270000.0,8653000.0,-184000.0,81923000,81923000,-24577000.0,57346000,57359000,57359000,541474000.0,149781000.0,174140000.0,931028000.0,274145000.0,44087000.0,318232000.0,1249260000,103731000.0,13000000.0,123130000.0,19167000.0,45611000.0,168741000,580931000.0,648561000.0,1080519000.0,1249260000,57346000.0,9743000.0,7714000.0,-22795000.0,52008000.0,-13896000.0,-4958000.0,-18794000.0,-2705000.0,4409000.0,6477000.0,19324000,2015-03-31,95.5,95.5,91.66000366210938,92.6999969482422,92.6999969482422,689000.0
2015-06-30,235138000.0,-106435000.0,128703000.0,-38093000.0,-22979000.0,-15114000.0,90610000.0,-3118000.0,-112000.0,87492000,87492000,-26248000.0,61244000,61299000,61299000,571508000.0,169828000.0,190848000.0,1002370000.0,288553000.0,43618000.0,332171000.0,1334541000,118501000.0,2000000.0,125771000.0,18667000.0,45015000.0,170786000,591723000.0,709860000.0,1163755000.0,1334541000,61244000.0,10433000.0,8852000.0,-31127000.0,49402000.0,-18571000.0,0.0,-18545000.0,-10405000.0,5165000.0,-4348000.0,30034000,2015-06-30,82.9000015258789,85.83999633789062,82.9000015258789,85.18000030517578,85.18000030517578,655100.0
2015-09-30,243541000.0,-110237000.0,133304000.0,-38617000.0,-22396000.0,-16221000.0,94687000.0,-5033000.0,-40000.0,89654000,89654000,-26897000.0,62757000,62791000,62791000,651220000.0,154814000.0,197635000.0,1078072000.0,286514000.0,43620000.0,330134000.0,1408206000,142859000.0,2000000.0,148850000.0,18167000.0,43470000.0,192320000,597808000.0,772652000.0,1215886000.0,1408206000,62759000.0,10903000.0,10055000.0,9484000.0,93201000.0,-18061000.0,0.0,-18084000.0,-1997000.0,915000.0,-925000.0,79712000,2015-09-30,75.19999694824219,77.2699966430664,73.43000030517578,75.97000122070312,75.97000122070312,533200.0
2015-12-31,223626000.0,-101583000.0,122043000.0,-41127000.0,-23358000.0,-17769000.0,80916000.0,1632000.0,35000.0,82548000,82548000,-21868000.0,60680000,60705000,60705000,689116000.0,150479000.0,203738000.0,1102589000.0,288604000.0,62236000.0,350840000.0,1453429000,139790000.0,2000000.0,141790000.0,17667000.0,50974000.0,192764000,607654000.0,833356000.0,1260665000.0,1453429000,60678000.0,11336000.0,20219000.0,-23362000.0,68871000.0,-19427000.0,0.0,-126144000.0,-566000.0,3643000.0,-2745000.0,-68688000,2015-12-31,90.08999633789062,91.0,88.87999725341797,89.16000366210938,89.16000366210938,187100.0
2016-06-30,252787000.0,-115084000.0,137703000.0,-44252000.0,-25840000.0,-18412000.0,93451000.0,1967000.0,270000.0,95418000,95418000,-28387000.0,67031000,67058000,67058000,714080000.0,151476000.0,241282000.0,1197247000.0,350432000.0,81628000.0,432060000.0,1629307000,127636000.0,3188000.0,134976000.0,39229000.0,71168000.0,206144000,629699000.0,949741000.0,1423163000.0,1629307000,67032000.0,12259000.0,8039000.0,-43923000.0,43407000.0,-45848000.0,-46527000.0,-92941000.0,23259000.0,5935000.0,28244000.0,-26406000,2016-06-30,79.9800033569336,80.62999725341797,79.81999969482422,80.0,80.0,643200.0
2016-09-30,266017000.0,-121226000.0,144791000.0,-47800000.0,-27257000.0,-20543000.0,96991000.0,-2338000.0,373000.0,94653000,94653000,-25426000.0,69227000,69235000,69235000,772528000.0,162725000.0,242370000.0,1276498000.0,367474000.0,83326000.0,450800000.0,1727298000,148392000.0,3188000.0,155627000.0,38432000.0,68655000.0,224282000,635783000.0,1018976000.0,1503016000.0,1727298000,69227000.0,13993000.0,19627000.0,-15306000.0,87541000.0,-29148000.0,0.0,-29279000.0,-797000.0,-2876000.0,-3673000.0,58272000,2016-09-30,82.05000305175781,82.77999877929688,81.79000091552734,82.3499984741211,82.3499984741211,144200.0
2016-12-31,280121000.0,-124785000.0,155336000.0,-51955000.0,-29847000.0,-22108000.0,103381000.0,2895000.0,469000.0,106276000,106276000,-31146000.0,75130000,75133000,75133000,830634000.0,155901000.0,239010000.0,1300962000.0,379375000.0,109662000.0,489037000.0,1789999000,155087000.0,3188000.0,158275000.0,37635000.0,74000000.0,232275000,650979000.0,1094108000.0,1557724000.0,1789999000,75129000.0,13829000.0,16529000.0,-3636000.0,101851000.0,-26557000.0,-1265000.0,-107504000.0,-797000.0,1534000.0,737000.0,-21703000,2016-12-30,100.4000015258789,100.58999633789062,98.47000122070312,98.70999908447266,98.70999908447266,247700.0
2017-06-30,369373000.0,-163077000.0,206296000.0,-57971000.0,-32011000.0,-25960000.0,148325000.0,-6692000.0,468000.0,141633000,141633000,-37530000.0,104103000,104116000,104116000,930415000.0,237332000.0,260661000.0,1510774000.0,389853000.0,129915000.0,519768000.0,2030542000,155597000.0,1188000.0,156785000.0,21375000.0,69400000.0,226185000,681268000.0,1275314000.0,1804357000.0,2030542000,104103000.0,15210000.0,21707000.0,-58738000.0,82282000.0,-6572000.0,-11307000.0,24330000.0,-17463000.0,-4021000.0,-21681000.0,110333000,2017-06-30,144.85000610351562,146.5,143.44000244140625,145.10000610351562,145.10000610351562,319500.0
2017-09-30,392615000.0,-168060000.0,224555000.0,-60416000.0,-34875000.0,-25541000.0,164139000.0,-3583000.0,-125000.0,160556000,160556000,-44959000.0,115597000,115597000,115597000,1045922000.0,226756000.0,282495000.0,1642539000.0,441494000.0,162032000.0,603526000.0,2246065000,178615000.0,3576000.0,182191000.0,46296000.0,104775000.0,286966000,693342000.0,1390911000.0,1959099000.0,2246065000,115597000.0,16702000.0,30537000.0,912000.0,163748000.0,-55436000.0,-39287000.0,-138020000.0,27309000.0,3345000.0,30654000.0,72156000,2017-09-29,183.3699951171875,185.2100067138672,181.52999877929688,185.05999755859366,185.05999755859366,317100.0
2017-12-31,361055000.0,-152262000.0,208793000.0,-61619000.0,-35030000.0,-26589000.0,147174000.0,1248000.0,86000.0,148422000,148422000,-95466000.0,52956000,52956000,52956000,1116157000.0,237278000.0,307712000.0,1754010000.0,460206000.0,153039000.0,613245000.0,2367255000,195299000.0,3604000.0,198903000.0,45378000.0,146030000.0,344933000,704732000.0,1443867000.0,2022322000.0,2367255000,52956000.0,18152000.0,24706000.0,12731000.0,108545000.0,-26869000.0,-9889000.0,-77489000.0,-891000.0,-7718000.0,-8609000.0,29633000,2017-12-29,215.6100006103516,216.1999969482422,212.42999267578125,214.1300048828125,214.1300048828125,459600.0
2018-06-30,413613000.0,-178638000.0,234975000.0,-70466000.0,-38653000.0,-31813000.0,164509000.0,-1003000.0,729000.0,163506000,163506000,-41889000.0,121617000,121617000,121617000,1125762000.0,242128000.0,376019000.0,1836035000.0,514767000.0,179676000.0,694443000.0,2530478000,206642000.0,3637000.0,210279000.0,43551000.0,148042000.0,358321000,729087000.0,1672424000.0,2172157000.0,2530478000,121617000.0,19504000.0,17529000.0,-49752000.0,108898000.0,-56972000.0,-4422000.0,-188878000.0,-899000.0,-23475000.0,-24374000.0,-152331000,2018-06-29,216.1699981689453,222.8999938964844,214.30999755859366,220.6300048828125,220.6300048828125,656900.0
2018-09-30,356346000.0,-161162000.0,195184000.0,-69633000.0,-38724000.0,-30909000.0,125551000.0,2619000.0,3884000.0,128170000,128170000,-27418000.0,100752000,100517000,100517000,1122028000.0,251613000.0,397409000.0,1882285000.0,529163000.0,150651000.0,679814000.0,2562099000,214331000.0,3654000.0,217985000.0,42631000.0,137306000.0,355291000,738290000.0,1772941000.0,2206808000.0,2562099000,100752000.0,20167000.0,12588000.0,-61807000.0,71700000.0,-36725000.0,-1000.0,-188547000.0,-902000.0,-59378000.0,-59902000.0,-169186000,2018-09-28,155.07000732421875,157.5,154.3000030517578,156.07000732421875,156.07000732421875,824000.0
2018-12-31,330051000.0,-163304000.0,166747000.0,-75357000.0,-43856000.0,-31501000.0,91390000.0,9475000.0,4133000.0,100865000,100865000,-25399000.0,75466000,75559000,75559000,1044790000.0,255509000.0,403579000.0,1805424000.0,543068000.0,225958000.0,769026000.0,2574450000,242103000.0,3671000.0,245774000.0,41707000.0,122441000.0,368215000,744942000.0,1848500000.0,2206235000.0,2574450000,75466000.0,21377000.0,4793000.0,11414000.0,113050000.0,-26717000.0,-104692000.0,-146131000.0,-908000.0,-76254000.0,-64518000.0,-103248000,2018-12-31,115.75,117.0500030517578,111.43000030517578,113.29000091552734,113.29000091552734,300900.0
2019-03-31,315047000.0,-166136000.0,148911000.0,-78983000.0,-46487000.0,-32496000.0,69928000.0,2330000.0,3952000.0,72258000,72258000,-17342000.0,54916000,55159000,55159000,1030077000.0,231850000.0,417817000.0,1792094000.0,570756000.0,265886000.0,836642000.0,2628736000,206128000.0,3688000.0,209816000.0,40779000.0,150632000.0,360448000,746931000.0,1903659000.0,2268288000.0,2628736000,54916000.0,22802000.0,27639000.0,-61702000.0,43655000.0,-32807000.0,-15115000.0,-23152000.0,-911000.0,-6149000.0,-7060000.0,7446000,2019-03-29,149.69000244140625,152.1999969482422,148.5399932861328,151.77999877929688,151.77999877929688,509200.0
2019-06-30,363769000.0,-183532000.0,180237000.0,-84073000.0,-49201000.0,-34872000.0,96164000.0,-365000.0,4051000.0,95799000,95799000,-23278000.0,72521000,72272000,72272000,1042829000.0,273697000.0,425996000.0,1863082000.0,600977000.0,273357000.0,874334000.0,2737416000,218523000.0,3705000.0,222228000.0,39846000.0,147827000.0,370055000,761941000.0,1975931000.0,2367361000.0,2737416000,72521000.0,24684000.0,19072000.0,-58153000.0,58124000.0,-53397000.0,0.0,-83106000.0,-916000.0,3833000.0,2917000.0,-18827000,2019-06-28,151.74000549316406,155.11000061035156,151.74000549316406,154.25,154.25,983500.0
2019-09-30,329138000.0,-176280000.0,152858000.0,-77905000.0,-45745000.0,-32160000.0,74953000.0,2406000.0,3734000.0,77359000,77359000,-20232000.0,57127000,57253000,57253000,1078837000.0,252926000.0,417163000.0,1865515000.0,596138000.0,269251000.0,865389000.0,2730904000,201841000.0,3722000.0,205563000.0,38909000.0,144681000.0,350244000,772157000.0,2033184000.0,2380660000.0,2730904000,57127000.0,25045000.0,21281000.0,-11650000.0,91803000.0,-20988000.0,0.0,-4979000.0,-920000.0,-21961000.0,-22881000.0,50141000,2019-09-30,134.19999694824222,136.0,133.0,135.60000610351562,135.60000610351562,272700.0
2019-12-31,306627000.0,-182424000.0,124203000.0,-74378000.0,-43909000.0,-30469000.0,49825000.0,-2615000.0,2501000.0,47210000,2960000,-7263000.0,-4303000,-4450000,-4450000,1182616000.0,238479000.0,380790000.0,1896634000.0,600852000.0,232950000.0,833802000.0,2730436000,188164000.0,3740000.0,191904000.0,37968000.0,136089000.0,327993000,785641000.0,2028734000.0,2402443000.0,2730436000,-4303000.0,23737000.0,70428000.0,40077000.0,129939000.0,-25683000.0,0.0,-28738000.0,-924000.0,-16455000.0,-10043000.0,99866000,2019-12-31,142.6300048828125,145.32000732421875,142.6300048828125,144.9199981689453,144.9199981689453,231400.0
