Report Date,Revenue,Cost of Revenue,Gross Profit,Operating Expenses,"Selling, General & Administrative",Operating Income (Loss),Non-Operating Income (Loss),"Interest Expense, Net","Pretax Income (Loss), Adj.",Pretax Income (Loss),"Income Tax (Expense) Benefit, Net",Income (Loss) from Continuing Operations,Net Income,Net Income (Common),"Cash, Cash Equivalents & Short Term Investments",Accounts & Notes Receivable,Total Current Assets,"Property, Plant & Equipment, Net",Other Long Term Assets,Total Noncurrent Assets,Total Assets,Payables & Accruals,Short Term Debt,Total Current Liabilities,Long Term Debt,Total Noncurrent Liabilities,Total Liabilities,Share Capital & Additional Paid-In Capital,Retained Earnings,Total Equity,Total Liabilities & Equity,Net Income/Starting Line,Depreciation & Amortization.1,Non-Cash Items,Change in Working Capital,Net Cash from Operating Activities,Change in Fixed Assets & Intangibles,Net Cash from Acquisitions & Divestitures,Net Cash from Investing Activities,Cash from (Repayment of) Debt,Cash from (Repurchase of) Equity,Net Cash from Financing Activities,Net Change in Cash,Price Date,Open,High,Low,Close,Adj Close,Volume
2009-06-30,2706724000.0,-2334861000.0,371863000.0,-225189000.0,-225189000.0,146674000.0,1393000.0,2063000.0,148067000,148067000,-53381000.0,94686000,94900000,94900000,1059470000.0,1650998000.0,2893060000.0,243431000.0,1289045000.0,1532476000.0,4425536000,1126018000.0,34530000.0,1426331000.0,13275000.0,378916000.0,1805247000,809066000.0,1938226000.0,2620289000.0,4425536000,94900000.0,19239000.0,7782000.0,158100000.0,280021000.0,-10263000.0,0.0,-37203000.0,15981000.0,10295000.0,27541000.0,286818000,2009-06-30,42.33000183105469,43.2400016784668,41.5,42.09000015258789,40.35908889770508,1587800.0
2009-09-30,2552547000.0,-2204570000.0,347977000.0,-225834000.0,-225834000.0,122143000.0,1714000.0,3001000.0,123857000,123857000,-44616000.0,79241000,79317000,79317000,1033619000.0,1618561000.0,2818449000.0,240350000.0,1369815000.0,1610165000.0,4428614000,1026257000.0,17495000.0,1295901000.0,737000.0,501238000.0,1797139000,828090000.0,2009338000.0,2631475000.0,4428614000,78676000.0,29699000.0,6492000.0,-64359000.0,50508000.0,-8327000.0,-22296000.0,-38757000.0,-27261000.0,10910000.0,-66223000.0,-25851000,2009-09-30,46.63000106811523,46.959999084472656,45.06000137329102,45.95000076293945,44.06034851074219,1240000.0
2009-12-31,2477785000.0,-2128576000.0,349209000.0,-235728000.0,-235728000.0,113481000.0,-333000.0,226000.0,113148000,113148000,-40747000.0,72401000,72437000,72437000,1055038000.0,1549760000.0,2772872000.0,221575000.0,1686089000.0,1907664000.0,4680536000,1060021000.0,113459000.0,1450312000.0,628000.0,506810000.0,1957122000,842741000.0,2081354000.0,2723414000.0,4680536000,72437000.0,22779000.0,5282000.0,139871000.0,240369000.0,3921000.0,-220131000.0,-327208000.0,97416000.0,7938000.0,107411000.0,21419000,2009-12-31,37.95000076293945,38.2400016784668,37.56999969482422,37.61000061035156,36.063323974609375,1046100.0
2010-03-31,2586974000.0,-2223793000.0,363181000.0,-241177000.0,-241177000.0,122004000.0,-844000.0,91000.0,121160000,121160000,-43593000.0,77567000,77500000,77500000,839057000.0,1698774000.0,2710330000.0,223776000.0,1716716000.0,1940492000.0,4650822000,1019442000.0,95579000.0,1352706000.0,561000.0,485829000.0,1838535000,860107000.0,2156895000.0,2812287000.0,4650822000,77531000.0,22062000.0,6214000.0,-229009000.0,-123202000.0,-15114000.0,-41719000.0,-78851000.0,-18348000.0,10124000.0,-14651000.0,-215981000,2010-03-31,45.20000076293945,45.5099983215332,45.0,45.18999862670898,43.33160400390625,1030700.0
2010-06-30,2507725000.0,-2235537000.0,272188000.0,-227105000.0,-227105000.0,45083000.0,-7844000.0,-6200000.0,37239000,37239000,-17999000.0,19240000,19043000,19043000,941680000.0,1661767000.0,2773201000.0,220153000.0,1667422000.0,1887575000.0,4660776000,1069212000.0,93610000.0,1366698000.0,517000.0,476286000.0,1842984000,878235000.0,2174378000.0,2817792000.0,4660776000,19240000.0,20873000.0,8170000.0,71760000.0,120043000.0,-16262000.0,3052000.0,9428000.0,-1996000.0,9580000.0,8954000.0,102623000,2010-06-30,36.61000061035156,37.47000122070313,36.36999893188477,36.43999862670898,34.94144058227539,1442200.0
2010-09-30,2343033000.0,-1995006000.0,348027000.0,-228512000.0,-228512000.0,119515000.0,872000.0,800000.0,120387000,120387000,-43308000.0,77079000,76994000,76994000,938842000.0,1659844000.0,2767042000.0,215032000.0,1701843000.0,1916875000.0,4683917000,965155000.0,79399000.0,1239453000.0,509000.0,579536000.0,1818989000,893423000.0,2251366000.0,2864928000.0,4683917000,77079000.0,22781000.0,27565000.0,-141014000.0,-13589000.0,-7241000.0,-694000.0,-1855000.0,-19199000.0,8567000.0,-8600000.0,-2838000,2010-09-30,39.02000045776367,39.27999877929688,38.400001525878906,38.70000076293945,37.10850524902344,1391000.0
2010-12-31,2356175000.0,-2025137000.0,331038000.0,-227419000.0,-227419000.0,103619000.0,104000.0,97000.0,103723000,103723000,-37026000.0,66697000,65823000,65823000,1039683000.0,1617830000.0,2837209000.0,207092000.0,1862335000.0,2069427000.0,4906636000,974070000.0,70587000.0,1254925000.0,11837000.0,696800000.0,1951725000,911448000.0,2317182000.0,2954911000.0,4906636000,66697000.0,20233000.0,6710000.0,52130000.0,145770000.0,-5078000.0,-57993000.0,-60783000.0,3527000.0,11074000.0,14902000.0,100841000,2010-12-31,45.81999969482422,46.11000061035156,45.70000076293945,45.849998474121094,43.96445846557617,491200.0
2011-03-31,2558016000.0,-2168835000.0,389181000.0,-261166000.0,-261166000.0,128015000.0,-1534000.0,-1571000.0,126481000,126481000,-45140000.0,81341000,80250000,80250000,747911000.0,1984258000.0,2933514000.0,234548000.0,2469551000.0,2704099000.0,5637613000,1140991000.0,54538000.0,1486324000.0,379696000.0,1101835000.0,2588159000,938519000.0,2386861000.0,3049454000.0,5637613000,81341000.0,23734000.0,-512000.0,-186536000.0,-81973000.0,-10591000.0,-555174000.0,-567065000.0,343536000.0,11078000.0,358143000.0,-291772000,2011-03-31,51.0,51.4900016784668,50.7400016784668,51.43000030517578,49.31499481201172,1299900.0
2011-06-30,2744178000.0,-2331466000.0,412712000.0,-273332000.0,-273332000.0,139380000.0,1921000.0,-1251000.0,141301000,141301000,-49365000.0,91936000,90676000,90676000,773819000.0,2177632000.0,3124726000.0,292870000.0,2621721000.0,2914591000.0,6039317000,1300008000.0,548743000.0,2129815000.0,2455000.0,756324000.0,2886139000,968101000.0,2470018000.0,3153178000.0,6039317000,91936000.0,25176000.0,-5835000.0,-50885000.0,60392000.0,-64843000.0,-92987000.0,-155162000.0,111302000.0,14014000.0,128250000.0,25908000,2011-06-30,42.540000915527344,43.459999084472656,42.41999816894531,43.25,41.47138977050781,1080700.0
2011-09-30,2723295000.0,-2296733000.0,426562000.0,-278658000.0,-278658000.0,147904000.0,-2748000.0,-1157000.0,145156000,145156000,-49909000.0,95247000,94280000,94280000,905633000.0,2077494000.0,3180091000.0,284633000.0,2734502000.0,3019135000.0,6199226000,1325756000.0,566031000.0,2168526000.0,2042000.0,707315000.0,2875841000,986245000.0,2564281000.0,3323385000.0,6199226000,95247000.0,26227000.0,17309000.0,-26482000.0,112301000.0,-14377000.0,-600000.0,-18826000.0,45788000.0,9777000.0,55638000.0,131814000,2011-09-30,33.939998626708984,34.189998626708984,32.240001678466804,32.290000915527344,30.962106704711914,2845000.0
2011-12-31,2631768000.0,-2210726000.0,421042000.0,-279090000.0,-279090000.0,141952000.0,-2398000.0,-2267000.0,139554000,139554000,-48118000.0,91436000,89710000,89710000,959237000.0,2026973000.0,3158521000.0,291429000.0,2676325000.0,2967754000.0,6126275000,1191190000.0,535724000.0,2023345000.0,0.0,650187000.0,2673532000,1014481000.0,2648454000.0,3452743000.0,6126275000,91436000.0,25236000.0,-3932000.0,33442000.0,146182000.0,-19979000.0,-65806000.0,-85841000.0,-22732000.0,9653000.0,-12380000.0,53604000,2011-12-30,40.810001373291016,41.0,40.54999923706055,40.58000183105469,38.91120147705078,921700.0
2012-03-31,2702851000.0,-2276647000.0,426204000.0,-293066000.0,-293066000.0,133138000.0,-823000.0,-933000.0,132315000,132315000,-44869000.0,87446000,83933000,83933000,921507000.0,2146879000.0,3265222000.0,297403000.0,2769145000.0,3066548000.0,6331770000,1318252000.0,255778000.0,1828971000.0,285385000.0,940384000.0,2769355000,1044411000.0,2718508000.0,3562415000.0,6331770000,87446000.0,25272000.0,1673000.0,-138537000.0,-24146000.0,-17591000.0,-3463000.0,-21694000.0,-12201000.0,11066000.0,3084000.0,-37730000,2012-03-30,45.13000106811523,45.47000122070313,44.36999893188477,44.36999893188477,42.54533004760742,1629500.0
2012-06-30,2772874000.0,-2339793000.0,433081000.0,-279715000.0,-279715000.0,153366000.0,-1995000.0,-665000.0,151371000,151371000,-50381000.0,100990000,97900000,97900000,898588000.0,2208374000.0,3305469000.0,311311000.0,2865787000.0,3177098000.0,6482567000,1333702000.0,1800000.0,1571176000.0,510645000.0,1212512000.0,2783688000,1064803000.0,2812306000.0,3698879000.0,6482567000,100990000.0,24673000.0,6857000.0,-112861000.0,19659000.0,-32492000.0,-4144000.0,-36723000.0,-11909000.0,12738000.0,-1844000.0,-22919000,2012-06-29,37.33000183105469,37.86000061035156,37.02000045776367,37.86000061035156,36.30304718017578,1205900.0
2012-09-30,2786285000.0,-2339623000.0,446662000.0,-279045000.0,-279045000.0,167617000.0,-3813000.0,-1772000.0,163804000,170096000,-59014000.0,111082000,107411000,107411000,1032457000.0,2348892000.0,3612077000.0,331131000.0,2896225000.0,3227356000.0,6839433000,1483777000.0,0.0,1747052000.0,528260000.0,1324598000.0,3071650000,1083919000.0,2920441000.0,3767783000.0,6839433000,111082000.0,25643000.0,2538000.0,18847000.0,158110000.0,-19467000.0,-18147000.0,-36869000.0,-1898000.0,10111000.0,8416000.0,133869000,2012-09-28,40.58000183105469,40.650001525878906,40.0099983215332,40.43000030517578,38.76734924316406,759300.0
2012-12-31,2759641000.0,-2323918000.0,435723000.0,-275454000.0,-275454000.0,160269000.0,-3958000.0,-2604000.0,156311000,156311000,-51788000.0,104523000,99010000,99010000,1241745000.0,2223859000.0,3695372000.0,340956000.0,2900350000.0,3241306000.0,6936678000,1449511000.0,5124000.0,1750800000.0,513113000.0,1308946000.0,3059746000,1103064000.0,3017617000.0,3876932000.0,6936678000,104523000.0,24475000.0,9931000.0,107758000.0,246687000.0,-24956000.0,11000.0,-25353000.0,-16054000.0,9461000.0,-10512000.0,209288000,2012-12-31,41.61999893188477,42.61999893188477,41.5,42.56999969482422,40.8193473815918,634500.0
2013-03-31,2835084000.0,-2370183000.0,464901000.0,-299698000.0,-299698000.0,165203000.0,-3295000.0,-1936000.0,161908000,161908000,-54819000.0,107089000,104401000,104401000,1166207000.0,2274362000.0,3641501000.0,358846000.0,2871384000.0,3230230000.0,6871731000,1392869000.0,3600000.0,1654244000.0,447213000.0,1219461000.0,2873705000,1157914000.0,3085322000.0,3998026000.0,6871731000,107089000.0,23297000.0,3660000.0,-124674000.0,9372000.0,-37633000.0,0.0,-37227000.0,-49466000.0,14340000.0,-39746000.0,-75538000,2013-03-28,55.77000045776367,56.52999877929688,55.22999954223633,56.2400016784668,53.92718505859375,1213100.0
2013-06-30,3080995000.0,-2613991000.0,467004000.0,-298645000.0,-298645000.0,168359000.0,64000.0,-1454000.0,168423000,168423000,-56334000.0,112089000,108871000,108871000,1295517000.0,2317917000.0,3800257000.0,361266000.0,2888226000.0,3249492000.0,7049749000,1431841000.0,12275000.0,1733323000.0,432701000.0,1194585000.0,2927908000,1201330000.0,3190981000.0,4121841000.0,7049749000,112089000.0,24383000.0,9311000.0,39687000.0,185470000.0,-25370000.0,-22313000.0,-47688000.0,-9621000.0,11426000.0,-922000.0,129310000,2013-06-28,55.56999969482422,55.63999938964844,55.04999923706055,55.13000106811523,52.86284255981445,587200.0
2013-09-30,3142656000.0,-2667965000.0,474691000.0,-299543000.0,-299543000.0,175148000.0,-242000.0,-1517000.0,174906000,174906000,-58425000.0,116481000,110811000,110811000,1256405000.0,2548990000.0,4039558000.0,379296000.0,2855290000.0,3234586000.0,7274144000,1519739000.0,22783000.0,1887619000.0,415086000.0,1138190000.0,3025809000,1216263000.0,3300961000.0,4248335000.0,7274144000,116481000.0,26719000.0,5860000.0,-136729000.0,12331000.0,-35035000.0,-17116000.0,-52159000.0,-19458000.0,10852000.0,-8527000.0,-39112000,2013-09-30,57.209999084472656,58.20000076293945,57.209999084472656,58.18000030517578,55.78741073608398,1077600.0
2013-12-31,3068891000.0,-2615200000.0,453691000.0,-308644000.0,-308644000.0,145047000.0,1874000.0,1987000.0,146921000,146921000,-47972000.0,98949000,93732000,93732000,1011236000.0,2690289000.0,3944244000.0,468335000.0,4028573000.0,4496908000.0,8441152000,1659116000.0,53075000.0,2162119000.0,1041480000.0,1917954000.0,4080073000,1243143000.0,3394616000.0,4361079000.0,8441152000,98949000.0,28286000.0,16032000.0,183213000.0,326480000.0,-37877000.0,-1132933000.0,-1196286000.0,620550000.0,9587000.0,628084000.0,-245169000,2013-12-31,61.88000106811523,63.06000137329102,61.7400016784668,62.9900016784668,60.39959716796875,643800.0
2014-03-31,3176033000.0,-2659480000.0,516553000.0,-394119000.0,-394119000.0,122434000.0,-2187000.0,-2112000.0,120247000,132394000,-41594000.0,90800000,83460000,83460000,691256000.0,2718216000.0,3648773000.0,471902000.0,4115374000.0,4587276000.0,8236049000,1540116000.0,64183000.0,1982803000.0,932154000.0,1789412000.0,3772215000,1278373000.0,3460619000.0,4463834000.0,8236049000,90801000.0,38419000.0,-14896000.0,-245069000.0,-130745000.0,-27590000.0,-64604000.0,-92158000.0,-100904000.0,12532000.0,-89707000.0,-319980000,2014-03-31,63.68999862670898,63.81000137329102,63.31000137329102,63.5,60.88861846923828,758700.0
2014-06-30,3231791000.0,-2670052000.0,561739000.0,-437802000.0,-437802000.0,123937000.0,-5891000.0,-2941000.0,118046000,118046000,-46737000.0,71309000,64842000,64842000,772613000.0,2736010000.0,3753116000.0,455626000.0,4123837000.0,4579463000.0,8332579000,1761607000.0,41351000.0,2169938000.0,789416000.0,1629983000.0,3799921000,1300231000.0,3504788000.0,4532658000.0,8332579000,71308000.0,39325000.0,3532000.0,175313000.0,289478000.0,-25600000.0,-28815000.0,-54514000.0,-167467000.0,12056000.0,-158206000.0,81357000,2014-06-30,53.56999969482422,53.7599983215332,52.91999816894531,53.27999877929688,51.08891677856445,855100.0
2014-09-30,3218442000.0,-2676641000.0,541801000.0,-405151000.0,-405151000.0,136650000.0,8155000.0,1322000.0,144805000,144805000,-53751000.0,91054000,86074000,86074000,732647000.0,2867555000.0,3892071000.0,456797000.0,4104791000.0,4561588000.0,8453659000,1902431000.0,36732000.0,2349846000.0,764075000.0,1598153000.0,3947999000,1305611000.0,3527193000.0,4505660000.0,8453659000,91054000.0,39382000.0,55406000.0,50661000.0,236503000.0,-18294000.0,-157932000.0,-175824000.0,-6139000.0,-67870000.0,-75251000.0,-39966000,2014-09-30,49.36999893188477,49.84000015258789,48.59000015258789,48.81999969482422,46.81232070922852,1354400.0
2014-12-31,3187005000.0,-2667559000.0,519446000.0,-361223000.0,-361223000.0,158223000.0,-3528000.0,-3042000.0,154695000,154695000,-48500000.0,106195000,100079000,100079000,670081000.0,2733511000.0,3685784000.0,447144000.0,4109720000.0,4556864000.0,8242648000,1776916000.0,44332000.0,2238655000.0,706610000.0,1531310000.0,3769965000,1300197000.0,3539510000.0,4472683000.0,8242648000,106195000.0,38987000.0,9014000.0,-15225000.0,138971000.0,-30401000.0,13000.0,-30388000.0,-27763000.0,-105679000.0,-140393000.0,-62566000,2014-12-31,45.25,45.349998474121094,44.59000015258789,44.68999862670898,42.85216522216797,1041000.0
2015-03-31,2903332000.0,-2412388000.0,490944000.0,-357899000.0,-357899000.0,133045000.0,-4083000.0,-2968000.0,128962000,128962000,-40852000.0,88110000,81967000,81967000,464950000.0,2700104000.0,3415950000.0,433836000.0,4081524000.0,4515360000.0,7931310000,1618824000.0,42714000.0,2004538000.0,712712000.0,1517894000.0,3522432000,1282983000.0,3514557000.0,4408878000.0,7931310000,88110000.0,37703000.0,28686000.0,-189289000.0,-34790000.0,-23738000.0,0.0,-23738000.0,36920000.0,-131373000.0,-94453000.0,-205131000,2015-03-31,44.650001525878906,45.31999969482422,44.4900016784668,45.15999984741211,43.30284118652344,874400.0
2015-06-30,2907541000.0,-2422944000.0,484597000.0,-384163000.0,-384163000.0,100434000.0,-3246000.0,-3812000.0,97188000,97188000,120000.0,97308000,91062000,91062000,553561000.0,2679176000.0,3473841000.0,421314000.0,4063906000.0,4485220000.0,7959061000,1678196000.0,38359000.0,2092638000.0,646391000.0,1466892000.0,3559530000,1260086000.0,3513867000.0,4399531000.0,7959061000,97308000.0,37118000.0,7922000.0,140224000.0,282572000.0,-9620000.0,0.0,-9620000.0,-81898000.0,-110836000.0,-192281000.0,88611000,2015-06-30,41.11999893188477,41.27999877929688,40.52000045776367,40.61999893188477,38.94954299926758,1666900.0
2015-09-30,3116954000.0,-2643603000.0,473351000.0,-419526000.0,-419526000.0,53825000.0,-1624000.0,-2419000.0,52201000,49292000,-12023000.0,37269000,29863000,29863000,460859000.0,2548743000.0,3122678000.0,381238000.0,4282010000.0,4663248000.0,7785926000,1657851000.0,13364000.0,1981166000.0,584434000.0,1448302000.0,3429468000,1260297000.0,3496212000.0,4356458000.0,7785926000,37269000.0,35484000.0,31058000.0,-5992000.0,97819000.0,-24276000.0,-8101000.0,-32377000.0,-85486000.0,-41206000.0,-126187000.0,-92702000,2015-09-30,37.650001525878906,37.95000076293945,36.86999893188477,37.43000030517578,35.89072799682617,2873200.0
2015-12-31,2847934000.0,-2407460000.0,440474000.0,-381024000.0,-381024000.0,59450000.0,-1663000.0,-1323000.0,57787000,57787000,-7481000.0,50306000,46514000,46514000,443725000.0,2424447000.0,3112296000.0,361006000.0,4142549000.0,4503555000.0,7615851000,1455112000.0,2833000.0,1784976000.0,621899000.0,1460616000.0,3245592000,1264787000.0,3511197000.0,4370259000.0,7615851000,50306000.0,33893000.0,7314000.0,-64796000.0,26717000.0,-15854000.0,-10500000.0,-26354000.0,32533000.0,-33327000.0,-3498000.0,-17134000,2015-12-31,42.209999084472656,42.599998474121094,41.95000076293945,41.95000076293945,40.22484970092773,510900.0
2016-03-31,2781763000.0,-2337547000.0,444216000.0,-357435000.0,-357435000.0,86781000.0,3675000.0,64000.0,90456000,90456000,-27067000.0,63389000,65250000,65250000,559722000.0,2415092000.0,3072828000.0,343550000.0,4300427000.0,4643977000.0,7716805000,1542039000.0,2727000.0,1918415000.0,530000000.0,1359416000.0,3277831000,1271923000.0,3554291000.0,4438974000.0,7716805000,63389000.0,32784000.0,418000.0,140992000.0,237583000.0,-13205000.0,0.0,-16611000.0,-96071000.0,-23229000.0,-119276000.0,115997000,2016-03-31,43.72000122070313,43.790000915527344,43.400001525878906,43.54999923706055,41.75904083251953,627800.0
2016-06-30,2693873000.0,-2242424000.0,451449000.0,-341893000.0,-341893000.0,109556000.0,-6749000.0,-3948000.0,102807000,102807000,-31870000.0,70937000,69055000,69055000,616391000.0,2234178000.0,2928589000.0,325130000.0,4167073000.0,4492203000.0,7420792000,1499979000.0,8941000.0,1806440000.0,479000000.0,1125070000.0,2931510000,1277768000.0,3600121000.0,4489282000.0,7420792000,70937000.0,32269000.0,-6443000.0,84685000.0,181448000.0,-10609000.0,-39214000.0,-49823000.0,-39116000.0,-19385000.0,-58353000.0,56669000,2016-06-30,48.88999938964844,49.9900016784668,48.5099983215332,49.81000137329102,47.761619567871094,1172100.0
2016-09-30,2640587000.0,-2208895000.0,431692000.0,-348881000.0,-348881000.0,82811000.0,-5728000.0,-2205000.0,77083000,35673000,-5790000.0,29883000,29644000,29644000,655716000.0,2115663000.0,2864470000.0,319673000.0,4175879000.0,4495552000.0,7360022000,1460805000.0,2421000.0,1782686000.0,385330000.0,1247154000.0,3029840000,1289223000.0,3586647000.0,4330182000.0,7360022000,29883000.0,31025000.0,44212000.0,129305000.0,234425000.0,-27568000.0,-229000.0,-46833000.0,-99484000.0,-33469000.0,-135899000.0,39325000,2016-09-30,51.97000122070313,52.18999862670898,51.68000030517578,51.72000122070313,49.59306716918945,1165600.0
2017-03-31,2302567000.0,-1883283000.0,419284000.0,-351111000.0,-351111000.0,68173000.0,-7682000.0,-1667000.0,60491000,60491000,-16326000.0,44165000,50018000,50018000,674596000.0,2058005000.0,2821146000.0,316077000.0,3948780000.0,4264857000.0,7086003000,1340996000.0,2941000.0,1733216000.0,334925000.0,1178531000.0,2911747000,1337702000.0,3611953000.0,4174256000.0,7086003000,44165000.0,29157000.0,-14635000.0,31935000.0,90622000.0,-24661000.0,-26818000.0,-49443000.0,-54145000.0,-41438000.0,-108406000.0,-61950000,2017-03-31,55.0,55.81999969482422,54.84000015258789,55.27999877929688,53.14522171020508,640000.0
2017-06-30,2514751000.0,-2055386000.0,459365000.0,-330890000.0,-330890000.0,128475000.0,-1079000.0,-1931000.0,127396000,127396000,-38767000.0,88629000,89032000,89032000,758296000.0,2086331000.0,2940235000.0,329128000.0,3975396000.0,4304524000.0,7244759000,1439959000.0,3020000.0,1839802000.0,282000000.0,1120028000.0,2959830000,1344072000.0,3664970000.0,4284929000.0,7244759000,88629000.0,29917000.0,2306000.0,58686000.0,179538000.0,-26567000.0,0.0,-26567000.0,-61684000.0,-9627000.0,-92609000.0,83700000,2017-06-30,53.84000015258789,54.68999862670898,53.68999862670898,54.38999938964844,52.43913269042969,902300.0
2017-09-30,2653866000.0,-2179575000.0,474291000.0,-367298000.0,-367298000.0,106993000.0,1577000.0,2343000.0,108570000,119450000,-26022000.0,93428000,94141000,94141000,774151000.0,2102543000.0,2996180000.0,349911000.0,4034768000.0,4384679000.0,7380859000,1623292000.0,3071000.0,1926227000.0,235000000.0,967281000.0,2893508000,1360168000.0,3721698000.0,4487351000.0,7380859000,93428000.0,34904000.0,60752000.0,5210000.0,194294000.0,-43395000.0,-125408000.0,-137102000.0,-48301000.0,9355000.0,-56893000.0,15855000,2017-09-29,58.18000030517578,58.29999923706055,57.66999816894531,58.27000045776367,56.33867645263672,588200.0
2017-12-31,2750311000.0,-2263131000.0,487180000.0,-439536000.0,-439536000.0,47644000.0,-5728000.0,-3258000.0,41916000,41916000,-39355000.0,2561000,2163000,2163000,1059839000.0,3293502000.0,4546955000.0,574034000.0,7570768000.0,8144802000.0,12691757000,2420064000.0,5450000.0,3063056000.0,2587933000.0,3666954000.0,6730010000,2769569000.0,3728527000.0,5961747000.0,12691757000,2561000.0,39527000.0,12610000.0,-7812000.0,46886000.0,-22583000.0,-1365809000.0,-1388762000.0,1643146000.0,14454000.0,1625677000.0,285688000,2017-12-29,66.56999969482422,66.80999755859375,65.94000244140625,65.95999908447266,63.93913650512695,519500.0
2018-03-31,3935028000.0,-3161663000.0,773365000.0,-627079000.0,-627079000.0,146286000.0,-24119000.0,-17443000.0,122167000,122167000,-70235000.0,51932000,48587000,48587000,835415000.0,3421230000.0,4457271000.0,504412000.0,7640183000.0,8144595000.0,12601866000,2395312000.0,5559000.0,2983233000.0,2511800000.0,3593157000.0,6576390000,2797980000.0,3755651000.0,6025476000.0,12601866000,51932000.0,55660000.0,49594000.0,-149868000.0,7318000.0,-21834000.0,-115605000.0,-144765000.0,-80945000.0,9200000.0,-101164000.0,-224424000,2018-03-29,58.0,59.52000045776367,57.709999084472656,59.1500015258789,57.47319412231445,1408800.0
2018-06-30,4156663000.0,-3380254000.0,776409000.0,-563680000.0,-563680000.0,212729000.0,-19946000.0,-22510000.0,192783000,192783000,-42712000.0,150071000,150222000,150222000,824370000.0,3463697000.0,4476045000.0,471104000.0,7604663000.0,8075767000.0,12551812000,2527323000.0,8964000.0,3096185000.0,2336473000.0,3402710000.0,6498895000,2812481000.0,3880886000.0,6052917000.0,12551812000,150072000.0,52023000.0,-2714000.0,15365000.0,214746000.0,-18563000.0,-3729000.0,-6982000.0,-159814000.0,6952000.0,-184727000.0,-11045000,2018-06-29,63.7599983215332,64.72000122070311,63.459999084472656,63.4900016784668,61.836280822753906,665700.0
2018-09-30,-262229000.0,383825000.0,121596000.0,-140812000.0,-140812000.0,-19216000.0,-6669000.0,-24565000.0,-25885000,-25885000,-173330000.0,-199215000,-37541000,-37541000,793358000.0,3554930000.0,4556584000.0,457706000.0,7631505000.0,8089211000.0,12645795000,2616300000.0,4954000.0,3145693000.0,2146877000.0,3555748000.0,6701441000,2851057000.0,3809991000.0,5944354000.0,12645795000,-31423000.0,51377000.0,362996000.0,-170748000.0,212202000.0,-28611000.0,-3193000.0,-37098000.0,-192893000.0,19997000.0,-197366000.0,-31012000,2018-09-28,76.55000305175781,76.9800033569336,76.20999908447266,76.5,74.82026672363281,1465200.0
2018-12-31,3083788000.0,-2515268000.0,568520000.0,-455390000.0,-455390000.0,113130000.0,-20939000.0,-23221000.0,92191000,92191000,-22758000.0,69433000,124296000,124296000,886707000.0,2681908000.0,4898862000.0,256488000.0,7789909000.0,8046397000.0,12945259000,1889545000.0,3136000.0,3094724000.0,2668993000.0,4009501000.0,7104225000,2812790000.0,3796864000.0,5841034000.0,12945259000,129591000.0,39606000.0,-22180000.0,-371718000.0,-224701000.0,-20516000.0,0.0,-22595000.0,527057000.0,-134217000.0,345725000.0,120544000,2018-12-31,57.68000030517578,58.47000122070313,57.58000183105469,58.459999084472656,57.17637252807617,676100.0
2019-03-31,3091596000.0,-2474755000.0,616841000.0,-514160000.0,-514160000.0,102681000.0,9151000.0,-27753000.0,111832000,111832000,7947000.0,119779000,56917000,56917000,674548000.0,2747172000.0,4846470000.0,268800000.0,7830575000.0,8099375000.0,12945845000,2006154000.0,24000.0,3188200000.0,2841536000.0,4202064000.0,7390264000,2705241000.0,3620873000.0,5555581000.0,12945845000,62772000.0,42169000.0,-46795000.0,111323000.0,169469000.0,-33724000.0,0.0,-36662000.0,168514000.0,-328273000.0,-193092000.0,-63264000,2019-03-29,75.48999786376953,75.80999755859375,74.83000183105469,75.19000244140625,73.72217559814453,973500.0
2019-06-30,3169622000.0,-2543488000.0,626134000.0,-536180000.0,-536180000.0,89954000.0,3445000.0,-15580000.0,93399000,93399000,1981000.0,95380000,524442000,524442000,998242000.0,2779189000.0,4475945000.0,305266000.0,6860051000.0,7165317000.0,11641262000,2558264000.0,222687000.0,3289448000.0,1025198000.0,2243697000.0,5533145000,2770026000.0,4053626000.0,6108117000.0,11641262000,531064000.0,44234000.0,-801050000.0,60671000.0,-165081000.0,-45130000.0,-575110000.0,2241202000.0,-1895959000.0,-15985000.0,-1943681000.0,147604000,2019-06-28,84.23999786376953,84.5199966430664,83.58000183105469,84.38999938964844,82.92609405517578,1294900.0
2019-09-30,3392862000.0,-2727329000.0,665533000.0,-566447000.0,-566447000.0,99086000.0,-45549000.0,-7806000.0,53537000,53537000,-24124000.0,29413000,142324000,142324000,1082201000.0,2840209000.0,4111768000.0,308143000.0,7042800000.0,7350943000.0,11462711000,2459597000.0,199901000.0,3073706000.0,1201245000.0,2620347000.0,5694053000,2692329000.0,3939174000.0,5768658000.0,11462711000,149792000.0,43260000.0,-46067000.0,-293108000.0,-146123000.0,-29430000.0,0.0,-29596000.0,157046000.0,-310243000.0,-177964000.0,-367174000,2019-09-30,90.69000244140624,91.9000015258789,90.69000244140624,91.5,90.09159088134766,666400.0
2020-03-31,3427180000.0,-2779045000.0,648135000.0,-480357000.0,-480357000.0,167778000.0,-344583000.0,-14169000.0,-176805000,-176805000,61122000.0,-115683000,-92087000,-92087000,1655879000.0,3178580000.0,5166854000.0,330505000.0,7637254000.0,7967759000.0,13134613000,2208875000.0,0.0,2624884000.0,3099456000.0,4896746000.0,7521630000,2699402000.0,3808698000.0,5612983000.0,13134613000,-85801000.0,-43997000.0,425410000.0,-143458000.0,152154000.0,-39039000.0,-291595000.0,-330992000.0,1500755000.0,-273103000.0,1187525000.0,1036667000,2020-03-31,77.8499984741211,82.31999969482422,75.69000244140625,79.2699966430664,78.35816955566406,1335600.0
