Report Date,Revenue,Cost of Revenue,Gross Profit,Operating Expenses,"Selling, General & Administrative",Operating Income (Loss),Non-Operating Income (Loss),"Interest Expense, Net","Pretax Income (Loss), Adj.",Pretax Income (Loss),"Income Tax (Expense) Benefit, Net",Income (Loss) from Continuing Operations,Net Income,Net Income (Common),"Cash, Cash Equivalents & Short Term Investments",Accounts & Notes Receivable,Inventories,Total Current Assets,"Property, Plant & Equipment, Net",Other Long Term Assets,Total Noncurrent Assets,Total Assets,Payables & Accruals,Short Term Debt,Total Current Liabilities,Long Term Debt,Total Noncurrent Liabilities,Total Liabilities,Share Capital & Additional Paid-In Capital,Treasury Stock,Retained Earnings,Total Equity,Total Liabilities & Equity,Net Income/Starting Line,Depreciation & Amortization.1,Non-Cash Items,Change in Working Capital,Net Cash from Operating Activities,Change in Fixed Assets & Intangibles,Net Cash from Investing Activities,Dividends Paid,Cash from (Repayment of) Debt,Cash from (Repurchase of) Equity,Net Cash from Financing Activities,Net Change in Cash,Price Date,Open,High,Low,Close,Adj Close,Volume
2009-06-30,3229000000.0,-1825000000.0,1404000000.0,-851000000.0,-851000000.0,553000000.0,-59000000.0,-67000000.0,494000000,494000000,-141000000.0,353000000,354000000,354000000,424000000.0,1191000000.0,833000000.0,2715000000.0,2977000000.0,5570000000.0,8547000000.0,11262000000,1693000000.0,509000000.0,2576000000.0,4808000000.0,6714000000.0,9290000000,546000000.0,-1755000000.0,5246000000.0,1972000000.0,11262000000,353000000.0,105000000.0,22000000.0,-29000000.0,451000000.0,-88000000.0,-87000000.0,-130000000.0,-138000000.0,11000000.0,-257000000.0,120000000,2009-06-30,46.599998474121094,46.90999984741211,45.849998474121094,46.56999969482422,31.77408218383789,2234200.0
2009-09-30,3277000000.0,-1837000000.0,1440000000.0,-873000000.0,-873000000.0,567000000.0,-75000000.0,-65000000.0,492000000,492000000,-132000000.0,360000000,361000000,361000000,527000000.0,1254000000.0,863000000.0,2898000000.0,3000000000.0,5622000000.0,8622000000.0,11520000000,1871000000.0,476000000.0,2733000000.0,4823000000.0,6757000000.0,9490000000,559000000.0,-1927000000.0,5461000000.0,2030000000.0,11520000000,360000000.0,93000000.0,-58000000.0,139000000.0,534000000.0,-91000000.0,-91000000.0,-143000000.0,-33000000.0,-171000000.0,-347000000.0,103000000,2009-09-30,49.4900016784668,49.4900016784668,48.79999923706055,49.22999954223633,33.85934066772461,1796800.0
2009-12-31,2900000000.0,-1655000000.0,1245000000.0,-893000000.0,-893000000.0,352000000.0,-116000000.0,-96000000.0,236000000,236000000,-60000000.0,176000000,176000000,176000000,334000000.0,1093000000.0,910000000.0,2558000000.0,3010000000.0,5632000000.0,8642000000.0,11200000000,1077000000.0,45000000.0,2288000000.0,4835000000.0,6637000000.0,8925000000,577000000.0,-1820000000.0,5481000000.0,2275000000.0,11200000000,176000000.0,102000000.0,-7000000.0,142000000.0,413000000.0,-125000000.0,-119000000.0,-143000000.0,-415000000.0,97000000.0,-458000000.0,-193000000,2009-12-31,53.959999084472656,53.959999084472656,53.16999816894531,53.20000076293945,36.85071182250977,738200.0
2010-03-31,3318000000.0,-1893000000.0,1425000000.0,-788000000.0,-788000000.0,637000000.0,-64000000.0,-65000000.0,573000000,573000000,-156000000.0,417000000,418000000,418000000,387000000.0,1284000000.0,817000000.0,2754000000.0,2977000000.0,5658000000.0,8635000000.0,11389000000,1801000000.0,1076000000.0,3229000000.0,3898000000.0,5719000000.0,8948000000,585000000.0,-1885000000.0,5750000000.0,2441000000.0,11389000000,417000000.0,87000000.0,11000000.0,-265000000.0,250000000.0,-60000000.0,-59000000.0,-142000000.0,80000000.0,-74000000.0,-134000000.0,53000000,2010-03-31,53.56999969482422,53.72000122070313,53.34000015258789,53.43000030517578,37.27724838256836,1943300.0
2010-06-30,3062000000.0,-1757000000.0,1305000000.0,-822000000.0,-822000000.0,483000000.0,-54000000.0,-61000000.0,429000000,429000000,-128000000.0,301000000,302000000,302000000,471000000.0,1144000000.0,885000000.0,2792000000.0,2916000000.0,5677000000.0,8593000000.0,11385000000,1682000000.0,1112000000.0,3264000000.0,3915000000.0,5737000000.0,9001000000,586000000.0,-2010000000.0,5903000000.0,2384000000.0,11385000000,301000000.0,91000000.0,-26000000.0,-23000000.0,343000000.0,-87000000.0,-86000000.0,-144000000.0,29000000.0,-44000000.0,-155000000.0,84000000,2010-06-30,51.27000045776367,51.27000045776367,50.209999084472656,50.29999923706055,35.343997955322266,4905600.0
2010-09-30,3157000000.0,-1788000000.0,1369000000.0,-828000000.0,-828000000.0,541000000.0,-61000000.0,-62000000.0,480000000,480000000,-143000000.0,337000000,338000000,338000000,559000000.0,1211000000.0,952000000.0,3005000000.0,3015000000.0,5704000000.0,8719000000.0,11724000000,1893000000.0,1542000000.0,3779000000.0,3929000000.0,5727000000.0,9506000000,590000000.0,-2528000000.0,6087000000.0,2218000000.0,11724000000,337000000.0,87000000.0,33000000.0,29000000.0,486000000.0,-105000000.0,-105000000.0,-149000000.0,437000000.0,-611000000.0,-322000000.0,88000000,2010-09-30,50.68999862670898,50.9900016784668,50.13000106811523,50.5099983215332,35.778564453125,2165100.0
2010-12-31,2860000000.0,-1617000000.0,1243000000.0,-867000000.0,-867000000.0,376000000.0,-68000000.0,-60000000.0,308000000,308000000,-83000000.0,225000000,229000000,229000000,444000000.0,1190000000.0,1056000000.0,2915000000.0,3128000000.0,5804000000.0,8932000000.0,11847000000,1149000000.0,996000000.0,3184000000.0,4908000000.0,6509000000.0,9693000000,600000000.0,-2650000000.0,6122000000.0,2154000000.0,11847000000,225000000.0,127000000.0,-325000000.0,-98000000.0,-71000000.0,-222000000.0,-215000000.0,-149000000.0,439000000.0,-119000000.0,172000000.0,-115000000,2010-12-31,51.08000183105469,51.27999877929688,51.0,51.08000183105469,36.48092269897461,773800.0
2011-03-31,3485000000.0,-2064000000.0,1421000000.0,-849000000.0,-849000000.0,572000000.0,-67000000.0,-67000000.0,505000000,505000000,-140000000.0,365000000,366000000,366000000,404000000.0,1367000000.0,975000000.0,3051000000.0,3183000000.0,5954000000.0,9137000000.0,12188000000,1932000000.0,1078000000.0,3418000000.0,4905000000.0,6466000000.0,9884000000,608000000.0,-2835000000.0,6325000000.0,2304000000.0,12188000000,365000000.0,89000000.0,-166000000.0,22000000.0,310000000.0,-103000000.0,-99000000.0,-148000000.0,85000000.0,-207000000.0,-266000000.0,-40000000,2011-03-31,53.790000915527344,54.45000076293945,53.790000915527344,53.97999954223633,38.8483772277832,1656600.0
2011-06-30,3386000000.0,-1943000000.0,1443000000.0,-900000000.0,-900000000.0,543000000.0,-54000000.0,-53000000.0,489000000,489000000,-147000000.0,342000000,343000000,343000000,457000000.0,1364000000.0,1017000000.0,3136000000.0,3246000000.0,5974000000.0,9220000000.0,12356000000,1880000000.0,734000000.0,3026000000.0,5308000000.0,6862000000.0,9888000000,618000000.0,-2890000000.0,6511000000.0,2468000000.0,12356000000,342000000.0,86000000.0,7000000.0,-99000000.0,336000000.0,-140000000.0,-139000000.0,-148000000.0,53000000.0,-62000000.0,-151000000.0,53000000,2011-06-30,55.25,55.47999954223633,55.20000076293945,55.31999969482422,40.09877014160156,1495800.0
2011-09-30,3312000000.0,-1962000000.0,1350000000.0,-886000000.0,-886000000.0,464000000.0,-67000000.0,-58000000.0,397000000,397000000,-107000000.0,290000000,290000000,290000000,582000000.0,1302000000.0,1013000000.0,3178000000.0,3193000000.0,5892000000.0,9085000000.0,12263000000,1903000000.0,737000000.0,3101000000.0,5300000000.0,6877000000.0,9978000000,615000000.0,-3050000000.0,6644000000.0,2285000000.0,12263000000,290000000.0,95000000.0,103000000.0,135000000.0,623000000.0,-149000000.0,-143000000.0,-156000000.0,2000000.0,-159000000.0,-313000000.0,125000000,2011-09-30,53.4900016784668,54.0099983215332,53.1500015258789,53.18999862670898,38.863380432128906,2313600.0
2011-12-31,3015000000.0,-2077000000.0,938000000.0,-1090000000.0,-1090000000.0,-152000000.0,-55000000.0,-55000000.0,-207000000,-207000000,74000000.0,-133000000,-133000000,-133000000,460000000.0,1188000000.0,1174000000.0,3069000000.0,3281000000.0,5593000000.0,8874000000.0,11943000000,1189000000.0,995000000.0,3313000000.0,5037000000.0,6832000000.0,10145000000,627000000.0,-3130000000.0,5305000000.0,1798000000.0,11943000000,-133000000.0,99000000.0,340000000.0,20000000.0,326000000.0,-202000000.0,-206000000.0,-152000000.0,-1000000.0,-79000000.0,-227000000.0,-122000000,2011-12-30,50.54999923706055,50.88999938964844,50.52000045776367,50.56999969482422,37.27877807617188,835600.0
2012-03-31,3440000000.0,-2087000000.0,1353000000.0,-826000000.0,-826000000.0,527000000.0,-20000000.0,-33000000.0,507000000,507000000,-156000000.0,351000000,351000000,351000000,404000000.0,1304000000.0,1144000000.0,3192000000.0,3295000000.0,5647000000.0,8942000000.0,12134000000,1999000000.0,1584000000.0,4011000000.0,4254000000.0,6059000000.0,10070000000,635000000.0,-3142000000.0,6917000000.0,2064000000.0,12134000000,351000000.0,95000000.0,-85000000.0,-21000000.0,340000000.0,-63000000.0,-57000000.0,-153000000.0,-178000000.0,-22000000.0,-355000000.0,-56000000,2012-03-30,53.5099983215332,53.86000061035156,53.45000076293945,53.63000106811523,39.8585090637207,1505100.0
2012-06-30,3474000000.0,-2035000000.0,1439000000.0,-920000000.0,-920000000.0,519000000.0,-82000000.0,-89000000.0,437000000,437000000,-113000000.0,324000000,324000000,324000000,230000000.0,1420000000.0,1235000000.0,3211000000.0,3561000000.0,7868000000.0,11429000000.0,14640000000,1932000000.0,2257000000.0,4606000000.0,6030000000.0,7881000000.0,12487000000,646000000.0,-3118000000.0,7061000000.0,2153000000.0,14640000000,324000000.0,99000000.0,-9000000.0,-74000000.0,340000000.0,-92000000.0,-2766000000.0,-153000000.0,2405000000.0,24000000.0,2275000000.0,-174000000,2012-06-29,49.27999877929688,49.45000076293945,49.1500015258789,49.33000183105469,36.97767639160156,2040000.0
2012-09-30,3720000000.0,-2254000000.0,1466000000.0,-953000000.0,-953000000.0,513000000.0,-64000000.0,-73000000.0,449000000,449000000,-131000000.0,318000000,318000000,318000000,305000000.0,1414000000.0,1279000000.0,3306000000.0,3599000000.0,7949000000.0,11548000000.0,14854000000,2137000000.0,1872000000.0,4514000000.0,6065000000.0,7902000000.0,12416000000,658000000.0,-3095000000.0,7196000000.0,2438000000.0,14854000000,318000000.0,108000000.0,-12000000.0,281000000.0,695000000.0,-107000000.0,-105000000.0,-158000000.0,-388000000.0,22000000.0,-523000000.0,75000000,2012-09-28,51.5,51.68999862670898,51.25,51.65999984741211,39.0584602355957,1635000.0
2012-12-31,3563000000.0,-2387000000.0,1176000000.0,-1173000000.0,-1173000000.0,3000000.0,-72000000.0,-66000000.0,-69000000,-69000000,37000000.0,-32000000,-32000000,-32000000,281000000.0,1454000000.0,1365000000.0,3380000000.0,3782000000.0,8007000000.0,11789000000.0,15169000000,1402000000.0,1820000000.0,4523000000.0,6082000000.0,8181000000.0,12704000000,678000000.0,-2943000000.0,5615000000.0,2465000000.0,15169000000,-32000000.0,146000000.0,294000000.0,-25000000.0,383000000.0,-271000000.0,-317000000.0,-158000000.0,-66000000.0,142000000.0,-80000000.0,-24000000,2012-12-31,55.16999816894531,55.88000106811523,55.02000045776367,55.849998474121094,42.5621337890625,1300000.0
2013-03-31,3861000000.0,-2468000000.0,1393000000.0,-890000000.0,-890000000.0,503000000.0,-68000000.0,-60000000.0,435000000,435000000,-124000000.0,311000000,311000000,311000000,252000000.0,1588000000.0,1284000000.0,3462000000.0,3745000000.0,8017000000.0,11762000000.0,15224000000,2194000000.0,839000000.0,3568000000.0,6717000000.0,8814000000.0,12382000000,688000000.0,-2709000000.0,5749000000.0,2842000000.0,15224000000,311000000.0,113000000.0,-19000000.0,-67000000.0,338000000.0,-102000000.0,-102000000.0,-160000000.0,-330000000.0,221000000.0,-260000000.0,-29000000,2013-03-28,64.68000030517578,64.69000244140625,64.26000213623047,64.43000030517578,49.46054458618164,1694800.0
2013-06-30,3714000000.0,-2237000000.0,1477000000.0,-907000000.0,-907000000.0,570000000.0,-68000000.0,-61000000.0,502000000,502000000,-150000000.0,352000000,352000000,352000000,262000000.0,1512000000.0,1274000000.0,3407000000.0,3719000000.0,7950000000.0,11669000000.0,15076000000,2096000000.0,1429000000.0,3969000000.0,6337000000.0,8488000000.0,12457000000,673000000.0,-3031000000.0,5939000000.0,2619000000.0,15076000000,352000000.0,113000000.0,44000000.0,-142000000.0,367000000.0,-136000000.0,-137000000.0,-160000000.0,286000000.0,-357000000.0,-220000000.0,10000000,2013-06-28,64.36000061035156,64.98000335693361,64.23000335693361,64.23000335693361,49.65044021606445,2418300.0
2013-09-30,3716000000.0,-2266000000.0,1450000000.0,-946000000.0,-946000000.0,504000000.0,-54000000.0,-56000000.0,450000000,450000000,-124000000.0,326000000,326000000,326000000,300000000.0,1474000000.0,1312000000.0,3434000000.0,3777000000.0,8009000000.0,11786000000.0,15220000000,2243000000.0,1054000000.0,3834000000.0,6348000000.0,8490000000.0,12324000000,725000000.0,-3025000000.0,6098000000.0,2896000000.0,15220000000,326000000.0,114000000.0,-31000000.0,275000000.0,684000000.0,-125000000.0,-125000000.0,-166000000.0,-381000000.0,42000000.0,-502000000.0,38000000,2013-09-30,58.790000915527344,59.06999969482422,58.59000015258789,58.72999954223633,45.74338150024414,1765000.0
2013-12-31,3501000000.0,-1718000000.0,1783000000.0,-523000000.0,-523000000.0,1260000000.0,-47000000.0,-58000000.0,1213000000,1213000000,-394000000.0,819000000,818000000,818000000,273000000.0,1424000000.0,1248000000.0,3267000000.0,3856000000.0,8351000000.0,12207000000.0,15474000000,1432000000.0,1028000000.0,3835000000.0,6330000000.0,8032000000.0,11867000000,731000000.0,-2999000000.0,6749000000.0,3607000000.0,15474000000,819000000.0,192000000.0,-769000000.0,176000000.0,418000000.0,-274000000.0,-277000000.0,-167000000.0,-18000000.0,25000000.0,-159000000.0,-27000000,2013-12-31,61.27999877929688,61.58000183105469,60.91999816894531,61.06999969482422,47.92307662963867,1526300.0
2014-03-31,3742000000.0,-2238000000.0,1504000000.0,-890000000.0,-890000000.0,614000000.0,-43000000.0,-52000000.0,571000000,571000000,-165000000.0,406000000,406000000,406000000,284000000.0,1605000000.0,1277000000.0,3504000000.0,3851000000.0,8373000000.0,12224000000.0,15728000000,2226000000.0,2252000000.0,5073000000.0,5413000000.0,7083000000.0,12156000000,743000000.0,-3278000000.0,6985000000.0,3572000000.0,15728000000,406000000.0,116000000.0,1000000.0,-255000000.0,268000000.0,-97000000.0,-99000000.0,-166000000.0,304000000.0,-284000000.0,-147000000.0,11000000,2014-03-31,62.36000061035156,62.75,62.18000030517578,62.709999084472656,49.58598327636719,1377800.0
2014-06-30,3685000000.0,-2274000000.0,1411000000.0,-944000000.0,-944000000.0,467000000.0,-50000000.0,-50000000.0,417000000,417000000,-122000000.0,295000000,295000000,295000000,290000000.0,1544000000.0,1303000000.0,3491000000.0,3879000000.0,8443000000.0,12322000000.0,15813000000,2275000000.0,1465000000.0,4295000000.0,6029000000.0,7705000000.0,12000000000,758000000.0,-3191000000.0,7113000000.0,3813000000.0,15813000000,295000000.0,119000000.0,-47000000.0,19000000.0,386000000.0,-129000000.0,-127000000.0,-165000000.0,-191000000.0,88000000.0,-261000000.0,6000000,2014-06-30,65.19999694824219,65.73000335693361,64.83000183105469,65.69999694824219,52.30394744873047,2392200.0
2014-09-30,3639000000.0,-2347000000.0,1292000000.0,-927000000.0,-927000000.0,365000000.0,-54000000.0,-54000000.0,311000000,311000000,-86000000.0,225000000,224000000,224000000,426000000.0,1565000000.0,1208000000.0,3572000000.0,3790000000.0,8410000000.0,12200000000.0,15772000000,2312000000.0,1686000000.0,4662000000.0,5963000000.0,7665000000.0,12327000000,761000000.0,-3523000000.0,7161000000.0,3445000000.0,15772000000,225000000.0,140000000.0,-69000000.0,227000000.0,523000000.0,-129000000.0,-122000000.0,-175000000.0,219000000.0,-330000000.0,-280000000.0,136000000,2014-09-30,60.849998474121094,61.88999938964844,60.540000915527344,61.599998474121094,49.410804748535156,3193000.0
2014-12-31,3514000000.0,-2658000000.0,856000000.0,-1278000000.0,-1278000000.0,-422000000.0,-58000000.0,-53000000.0,-480000000,-480000000,187000000.0,-293000000,-293000000,-293000000,443000000.0,1276000000.0,1279000000.0,3340000000.0,3769000000.0,8043000000.0,11813000000.0,15153000000,1528000000.0,1435000000.0,4364000000.0,5935000000.0,7938000000.0,12302000000,783000000.0,-3470000000.0,6689000000.0,2851000000.0,15153000000,-293000000.0,128000000.0,523000000.0,258000000.0,616000000.0,-227000000.0,-225000000.0,-174000000.0,-251000000.0,53000000.0,-375000000.0,17000000,2014-12-31,66.30999755859375,66.72000122070311,65.33999633789061,65.44000244140625,52.8888053894043,1266100.0
2015-03-31,3556000000.0,-2311000000.0,1245000000.0,-861000000.0,-861000000.0,384000000.0,-81000000.0,-54000000.0,303000000,303000000,-76000000.0,227000000,227000000,227000000,349000000.0,1503000000.0,1199000000.0,3441000000.0,3719000000.0,8048000000.0,11767000000.0,15208000000,2288000000.0,1169000000.0,4000000000.0,6561000000.0,8556000000.0,12556000000,794000000.0,-3696000000.0,6739000000.0,2652000000.0,15208000000,227000000.0,131000000.0,22000000.0,-220000000.0,160000000.0,-148000000.0,-262000000.0,-174000000.0,410000000.0,-228000000.0,13000000.0,-94000000,2015-03-31,65.13999938964844,66.37999725341797,65.04000091552734,65.94999694824219,53.70735549926758,3946800.0
2015-06-30,3498000000.0,-2257000000.0,1241000000.0,-829000000.0,-829000000.0,412000000.0,-105000000.0,-58000000.0,307000000,307000000,-85000000.0,222000000,223000000,223000000,294000000.0,1420000000.0,1211000000.0,3326000000.0,3624000000.0,8012000000.0,11636000000.0,14962000000,2321000000.0,1693000000.0,4519000000.0,5800000000.0,7769000000.0,12288000000,809000000.0,-3665000000.0,6789000000.0,2674000000.0,14962000000,222000000.0,138000000.0,68000000.0,-7000000.0,421000000.0,-110000000.0,-71000000.0,-173000000.0,-230000000.0,33000000.0,-370000000.0,-55000000,2015-06-30,62.86999893188477,63.209999084472656,62.4000015258789,62.70000076293945,51.45940780639648,1931600.0
2015-09-30,3329000000.0,-2096000000.0,1233000000.0,-899000000.0,-899000000.0,334000000.0,-63000000.0,-56000000.0,271000000,271000000,-66000000.0,205000000,205000000,205000000,299000000.0,1457000000.0,1210000000.0,3353000000.0,3594000000.0,8117000000.0,12165000000.0,15518000000,2427000000.0,2119000000.0,5072000000.0,5830000000.0,7773000000.0,12845000000,826000000.0,-3656000000.0,6815000000.0,2673000000.0,15518000000,205000000.0,118000000.0,-57000000.0,122000000.0,388000000.0,-131000000.0,-630000000.0,-176000000.0,421000000.0,10000000.0,247000000.0,5000000,2015-09-30,67.0,67.25,66.19000244140625,66.55000305175781,55.02765274047852,2533000.0
2015-12-31,3142000000.0,-2180000000.0,962000000.0,-1001000000.0,-1001000000.0,-39000000.0,-69000000.0,-59000000.0,-108000000,-108000000,68000000.0,-40000000,-41000000,-41000000,251000000.0,1344000000.0,1250000000.0,3236000000.0,3621000000.0,7938000000.0,12015000000.0,15251000000,1907000000.0,2470000000.0,5739000000.0,5275000000.0,7374000000.0,13113000000,850000000.0,-3943000000.0,6597000000.0,2138000000.0,15251000000,-40000000.0,147000000.0,243000000.0,372000000.0,722000000.0,-164000000.0,-164000000.0,-177000000.0,-137000000.0,-285000000.0,-596000000.0,-48000000,2015-12-31,72.79000091552734,72.9000015258789,71.9800033569336,72.2699966430664,60.19232940673828,958900.0
2016-03-31,3395000000.0,-2150000000.0,1245000000.0,-807000000.0,-807000000.0,438000000.0,-216000000.0,-217000000.0,222000000,222000000,-47000000.0,175000000,175000000,175000000,310000000.0,1505000000.0,1198000000.0,3219000000.0,3617000000.0,7996000000.0,12078000000.0,15297000000,2622000000.0,1982000000.0,5162000000.0,6256000000.0,8094000000.0,13256000000,859000000.0,-3989000000.0,6595000000.0,2041000000.0,15297000000,175000000.0,115000000.0,-57000000.0,-228000000.0,5000000.0,-144000000.0,-155000000.0,-176000000.0,424000000.0,-34000000.0,214000000.0,59000000,2016-03-31,76.52999877929688,76.87000274658203,76.38999938964844,76.55000305175781,64.18548583984375,1902300.0
2016-06-30,3268000000.0,-1998000000.0,1270000000.0,-821000000.0,-821000000.0,449000000.0,-63000000.0,-68000000.0,386000000,386000000,-106000000.0,280000000,280000000,280000000,531000000.0,1473000000.0,1216000000.0,3421000000.0,3543000000.0,7988000000.0,11966000000.0,15387000000,2773000000.0,1924000000.0,5271000000.0,6277000000.0,8116000000.0,13387000000,875000000.0,-4092000000.0,6701000000.0,2000000000.0,15387000000,280000000.0,136000000.0,55000000.0,201000000.0,672000000.0,-105000000.0,-124000000.0,-175000000.0,-14000000.0,-119000000.0,-308000000.0,221000000,2016-06-30,77.58000183105469,82.56999969482422,77.55000305175781,81.6500015258789,68.91917419433594,9125300.0
2016-09-30,3254000000.0,-1990000000.0,1264000000.0,-854000000.0,-854000000.0,410000000.0,-56000000.0,-58000000.0,354000000,354000000,-62000000.0,292000000,292000000,292000000,346000000.0,1523000000.0,1220000000.0,3296000000.0,3558000000.0,8027000000.0,12023000000.0,15319000000,2818000000.0,1592000000.0,5001000000.0,6296000000.0,8118000000.0,13119000000,891000000.0,-4008000000.0,6807000000.0,2200000000.0,15319000000,292000000.0,106000000.0,-37000000.0,10000000.0,371000000.0,-127000000.0,-129000000.0,-182000000.0,-328000000.0,83000000.0,-427000000.0,-185000000,2016-09-30,77.44000244140625,78.0199966430664,77.44000244140625,77.47000122070312,65.80262756347656,1444700.0
2016-12-31,3048000000.0,-1993000000.0,1055000000.0,-869000000.0,-869000000.0,186000000.0,-213000000.0,-63000000.0,-27000000,-27000000,-20000000.0,-47000000,-48000000,-48000000,280000000.0,1231000000.0,1238000000.0,2940000000.0,3569000000.0,8164000000.0,12171000000.0,15111000000,2815000000.0,1069000000.0,4474000000.0,6698000000.0,8711000000.0,13185000000,911000000.0,-3997000000.0,6571000000.0,1926000000.0,15111000000,-47000000.0,160000000.0,396000000.0,-286000000.0,223000000.0,-131000000.0,16000000.0,-183000000.0,50000000.0,12000000.0,-265000000.0,-66000000,2016-12-30,74.0,74.16000366210938,73.41999816894531,73.70999908447266,63.05262756347656,1042000.0
2017-03-31,3248000000.0,-2088000000.0,1160000000.0,-880000000.0,-880000000.0,280000000.0,29000000.0,-61000000.0,309000000,309000000,-43000000.0,266000000,266000000,266000000,298000000.0,1464000000.0,1195000000.0,3146000000.0,3576000000.0,8265000000.0,12281000000.0,15427000000,2851000000.0,1261000000.0,4732000000.0,6715000000.0,8673000000.0,13405000000,922000000.0,-4078000000.0,6650000000.0,2022000000.0,15427000000,266000000.0,121000000.0,-99000000.0,-322000000.0,-34000000.0,-130000000.0,114000000.0,-182000000.0,190000000.0,-85000000.0,-77000000.0,18000000,2017-03-31,72.44999694824219,72.91999816894531,72.44999694824219,72.61000061035156,62.54399108886719,2145600.0
2017-06-30,3175000000.0,-1950000000.0,1225000000.0,-840000000.0,-840000000.0,385000000.0,0.0,-63000000.0,385000000,385000000,-102000000.0,283000000,283000000,283000000,334000000.0,1427000000.0,1201000000.0,3167000000.0,3613000000.0,8320000000.0,12368000000.0,15535000000,2886000000.0,1135000000.0,4688000000.0,7123000000.0,8997000000.0,13685000000,941000000.0,-4364000000.0,6752000000.0,1850000000.0,15535000000,283000000.0,119000000.0,-19000000.0,-257000000.0,126000000.0,-138000000.0,186000000.0,-181000000.0,126000000.0,-240000000.0,-295000000.0,36000000,2017-06-30,69.11000061035156,69.91000366210939,69.05000305175781,69.45999908447266,60.26219177246094,2498300.0
2017-09-30,3246000000.0,-2074000000.0,1172000000.0,-839000000.0,-839000000.0,333000000.0,56000000.0,-64000000.0,389000000,389000000,-101000000.0,288000000,288000000,288000000,267000000.0,1512000000.0,1195000000.0,3172000000.0,3629000000.0,8408000000.0,12469000000.0,15641000000,3007000000.0,982000000.0,4647000000.0,7216000000.0,9051000000.0,13698000000,956000000.0,-4425000000.0,6862000000.0,1943000000.0,15641000000,288000000.0,126000000.0,-28000000.0,-288000000.0,98000000.0,-106000000.0,268000000.0,-187000000.0,-152000000.0,-104000000.0,-443000000.0,-67000000,2017-09-29,63.04999923706055,63.18000030517578,62.11000061035156,62.36999893188477,54.55537414550781,4069100.0
2017-12-31,3185000000.0,-2043000000.0,1142000000.0,-753000000.0,-753000000.0,389000000.0,192000000.0,-68000000.0,581000000,581000000,-164000000.0,417000000,417000000,417000000,281000000.0,1389000000.0,1217000000.0,3036000000.0,3716000000.0,9170000000.0,13315000000.0,16351000000,2269000000.0,779000000.0,4522000000.0,7836000000.0,9635000000.0,14157000000,983000000.0,-4417000000.0,7069000000.0,2194000000.0,16351000000,417000000.0,115000000.0,-146000000.0,-173000000.0,213000000.0,-127000000.0,-419000000.0,-186000000.0,387000000.0,10000000.0,211000000.0,14000000,2017-12-29,68.16000366210939,68.62000274658203,67.95999908447266,67.98000335693361,59.94708251953125,1154800.0
2018-03-31,3401000000.0,-2149000000.0,1252000000.0,-742000000.0,-742000000.0,510000000.0,1000000.0,-69000000.0,511000000,511000000,-67000000.0,444000000,444000000,444000000,370000000.0,1601000000.0,1214000000.0,3320000000.0,3713000000.0,9244000000.0,13382000000.0,16702000000,2230000000.0,877000000.0,4515000000.0,7881000000.0,9633000000.0,14148000000,957000000.0,-4346000000.0,7334000000.0,2554000000.0,16702000000,444000000.0,122000000.0,-81000000.0,-257000000.0,228000000.0,-132000000.0,-131000000.0,-187000000.0,99000000.0,50000000.0,-38000000.0,89000000,2018-03-29,64.18000030517578,65.23999786376953,64.18000030517578,65.01000213623047,57.7944564819336,1946600.0
2018-06-30,3360000000.0,-2151000000.0,1209000000.0,-735000000.0,-735000000.0,474000000.0,195000000.0,-72000000.0,669000000,669000000,-70000000.0,599000000,596000000,596000000,257000000.0,1530000000.0,1291000000.0,3267000000.0,3638000000.0,10575000000.0,14634000000.0,17901000000,2306000000.0,331000000.0,3966000000.0,8737000000.0,10531000000.0,14497000000,971000000.0,-4375000000.0,7743000000.0,3404000000.0,17901000000,599000000.0,112000000.0,-447000000.0,-45000000.0,219000000.0,-138000000.0,-530000000.0,-187000000.0,417000000.0,-30000000.0,200000000.0,-113000000,2018-06-29,69.73999786376953,70.30000305175781,68.73999786376953,69.87000274658203,62.62768173217773,2226200.0
2018-09-30,3469000000.0,-2293000000.0,1176000000.0,-780000000.0,-780000000.0,396000000.0,56000000.0,-72000000.0,452000000,452000000,-69000000.0,383000000,380000000,380000000,309000000.0,1612000000.0,1319000000.0,3403000000.0,3639000000.0,10650000000.0,14711000000.0,18114000000,2367000000.0,208000000.0,4030000000.0,8715000000.0,10469000000.0,14499000000,988000000.0,-4357000000.0,7929000000.0,3615000000.0,18114000000,383000000.0,140000000.0,-89000000.0,45000000.0,479000000.0,-119000000.0,-124000000.0,-194000000.0,-122000000.0,20000000.0,-298000000.0,52000000,2018-09-28,70.15000152587889,70.76000213623047,69.91000366210939,70.01999664306639,63.25583267211914,2091800.0
2018-12-31,3317000000.0,-2228000000.0,1089000000.0,-763000000.0,-763000000.0,326000000.0,-433000000.0,-74000000.0,-107000000,-107000000,25000000.0,-82000000,-84000000,-84000000,321000000.0,1375000000.0,1330000000.0,3157000000.0,3731000000.0,10479000000.0,14623000000.0,17780000000,2427000000.0,686000000.0,4529000000.0,8207000000.0,10092000000.0,14621000000,1000000000.0,-4551000000.0,7652000000.0,3159000000.0,17780000000,-82000000.0,142000000.0,342000000.0,208000000.0,610000000.0,-189000000.0,-163000000.0,-194000000.0,-34000000.0,-193000000.0,-430000000.0,12000000,2018-12-31,57.18999862670898,57.45000076293945,56.54999923706055,57.0099983215332,51.96270751953125,2093000.0
2019-03-31,3522000000.0,-2415000000.0,1107000000.0,-726000000.0,-726000000.0,381000000.0,-24000000.0,-74000000.0,357000000,357000000,-72000000.0,285000000,282000000,282000000,272000000.0,1633000000.0,1319000000.0,3373000000.0,3733000000.0,10949000000.0,15092000000.0,18465000000,2370000000.0,1114000000.0,4978000000.0,8183000000.0,10390000000.0,15368000000,982000000.0,-4744000000.0,7762000000.0,3097000000.0,18465000000,285000000.0,124000000.0,-31000000.0,-308000000.0,70000000.0,-148000000.0,-163000000.0,-192000000.0,429000000.0,-213000000.0,24000000.0,-49000000,2019-03-29,56.88999938964844,57.4900016784668,56.849998474121094,57.38000106811523,52.82035827636719,1573800.0
2019-06-30,3461000000.0,-2275000000.0,1186000000.0,-789000000.0,-789000000.0,397000000.0,-31000000.0,-75000000.0,366000000,366000000,-74000000.0,292000000,286000000,286000000,340000000.0,1643000000.0,1234000000.0,3504000000.0,3526000000.0,11232000000.0,15165000000.0,18669000000,2401000000.0,1076000000.0,4989000000.0,8262000000.0,10468000000.0,15457000000,1000000000.0,-4739000000.0,7858000000.0,3212000000.0,18669000000,292000000.0,119000000.0,7000000.0,32000000.0,450000000.0,-146000000.0,-164000000.0,-188000000.0,-10000000.0,5000000.0,-201000000.0,68000000,2019-06-28,53.25,53.849998474121094,53.11000061035156,53.56999969482422,49.84901809692383,2948700.0
2019-09-30,3372000000.0,-2372000000.0,1000000000.0,-737000000.0,-737000000.0,263000000.0,76000000.0,-72000000.0,339000000,339000000,-91000000.0,248000000,247000000,247000000,453000000.0,1643000000.0,1200000000.0,3492000000.0,3493000000.0,10109000000.0,14007000000.0,17499000000,2338000000.0,191000000.0,4389000000.0,7683000000.0,9822000000.0,14211000000,1014000000.0,-4714000000.0,7910000000.0,3288000000.0,17499000000,248000000.0,117000000.0,-255000000.0,295000000.0,405000000.0,-142000000.0,1258000000.0,-194000000.0,-1370000000.0,28000000.0,-1554000000.0,113000000,2019-09-30,64.23999786376953,64.62000274658203,63.90999984741211,64.34999847412111,60.42730331420898,2069400.0
2019-12-31,3223000000.0,-2135000000.0,1088000000.0,-728000000.0,-728000000.0,360000000.0,-124000000.0,-63000000.0,236000000,236000000,-84000000.0,152000000,145000000,145000000,397000000.0,1576000000.0,1226000000.0,3431000000.0,3612000000.0,10521000000.0,14133000000.0,17564000000,3028000000.0,727000000.0,4778000000.0,7195000000.0,9472000000.0,14250000000,1026000000.0,-4690000000.0,7859000000.0,3314000000.0,17564000000,152000000.0,124000000.0,106000000.0,-131000000.0,251000000.0,-150000000.0,-157000000.0,-195000000.0,-3000000.0,24000000.0,-174000000.0,-56000000,2019-12-31,68.76999664306639,69.23000335693361,68.56999969482422,69.16000366210939,65.51325225830078,1053300.0
2020-03-31,3412000000.0,-2268000000.0,1144000000.0,-685000000.0,-685000000.0,459000000.0,-15000000.0,-64000000.0,444000000,444000000,-94000000.0,350000000,347000000,347000000,1016000000.0,1748000000.0,1189000000.0,4290000000.0,3440000000.0,10108000000.0,13950000000.0,18240000000,3001000000.0,1283000000.0,5595000000.0,7163000000.0,9433000000.0,15028000000,1016000000.0,-4625000000.0,8010000000.0,3212000000.0,18240000000,350000000.0,117000000.0,-29000000.0,-47000000.0,391000000.0,-112000000.0,-202000000.0,-195000000.0,546000000.0,46000000.0,477000000.0,619000000,2020-03-31,61.099998474121094,61.83000183105469,59.709999084472656,59.9900016784668,57.36753845214844,2351200.0
2020-06-30,3465000000.0,-2268000000.0,1197000000.0,-691000000.0,-691000000.0,506000000.0,-43000000.0,-69000000.0,463000000,463000000,-109000000.0,354000000,351000000,351000000,1247000000.0,1692000000.0,1230000000.0,4492000000.0,3436000000.0,10224000000.0,14059000000.0,18551000000,3087000000.0,1517000000.0,5856000000.0,6929000000.0,9289000000.0,15145000000,1034000000.0,-4613000000.0,8166000000.0,3406000000.0,18551000000,354000000.0,117000000.0,2000000.0,107000000.0,580000000.0,-106000000.0,-313000000.0,-195000000.0,-19000000.0,14000000.0,-243000000.0,31000000,2020-06-30,65.52999877929689,66.23000335693361,65.0,66.05999755859375,63.727439880371094,2095100.0
