Report Date,Revenue,Cost of Revenue,Gross Profit,Operating Expenses,"Selling, General & Administrative",Depreciation & Amortization,Operating Income (Loss),Non-Operating Income (Loss),"Interest Expense, Net","Pretax Income (Loss), Adj.",Pretax Income (Loss),"Income Tax (Expense) Benefit, Net",Income (Loss) from Continuing Operations,Net Income,Net Income (Common),"Cash, Cash Equivalents & Short Term Investments",Accounts & Notes Receivable,Total Current Assets,"Property, Plant & Equipment, Net",Other Long Term Assets,Total Noncurrent Assets,Total Assets,Payables & Accruals,Short Term Debt,Total Current Liabilities,Long Term Debt,Total Noncurrent Liabilities,Total Liabilities,Share Capital & Additional Paid-In Capital,Retained Earnings,Total Equity,Total Liabilities & Equity,Net Income/Starting Line,Depreciation & Amortization.1,Non-Cash Items,Change in Working Capital,Change in Accounts Receivable,Change in Accounts Payable,Change in Other,Net Cash from Operating Activities,Change in Fixed Assets & Intangibles,Net Cash from Investing Activities,Dividends Paid,Cash from (Repayment of) Debt,Net Cash from Financing Activities,Net Change in Cash,Price Date,Open,High,Low,Close,Adj Close,Volume
2010-12-31,1721574000.0,-656895000.0,1064679000.0,-578909000.0,-214071000.0,-364838000.0,485770000.0,-127275000.0,-123775000.0,358495000,358495000,-133452000.0,225043000,225399000,225399000,173000000.0,713000000.0,1143000000.0,8754000000.0,12141000000.0,20895000000.0,22038000000,300000000.0,12000000.0,1011000000.0,7316000000.0,11380000000.0,12391000000,6486000000.0,3302000000.0,9647000000.0,22038000000,225000000.0,365000000.0,132000000.0,-158000000.0,13000000.0,6000000.0,-177000000.0,564000000.0,-264000000.0,-261000000.0,-221000000.0,-231000000.0,-373000000.0,-70000000,2010-12-31,46.27000045776367,46.43999862670898,46.1500015258789,46.16999816894531,19.676666259765625,1103000.0
2011-06-30,4406000000.0,-1781000000.0,2625000000.0,-2145000000.0,-968000000.0,-1177000000.0,480000000.0,-293000000.0,-280000000.0,187000000,186000000,-71000000.0,115000000,115000000,115000000,2546000000.0,1830000000.0,5007000000.0,18024000000.0,31811000000.0,49835000000.0,54842000000,1256000000.0,1610000000.0,5064000000.0,19734000000.0,28137000000.0,33201000000,18838000000.0,2958000000.0,21641000000.0,54842000000,115000000.0,1177000000.0,135000000.0,-79000000.0,-17000000.0,-23000000.0,-39000000.0,1348000000.0,-579000000.0,-154000000.0,-435000000.0,1528000000.0,1082000000.0,2276000000,2011-06-30,40.47999954223633,40.54999923706055,40.02999877929688,40.43000030517578,17.822961807250977,2807600.0
2011-09-30,4596000000.0,-1950000000.0,2646000000.0,-2098000000.0,-870000000.0,-1228000000.0,548000000.0,-317000000.0,-324000000.0,231000000,231000000,-93000000.0,138000000,138000000,138000000,1123000000.0,1998000000.0,3808000000.0,19290000000.0,33637000000.0,52927000000.0,56735000000,1360000000.0,1034000000.0,4737000000.0,21142000000.0,30022000000.0,34759000000,19471000000.0,2663000000.0,21976000000.0,56735000000,138000000.0,1228000000.0,119000000.0,-30000000.0,-74000000.0,10000000.0,34000000.0,1455000000.0,-721000000.0,-2387000000.0,-448000000.0,-28000000.0,-476000000.0,-1423000000,2011-09-30,33.400001525878906,33.889999389648445,33.09999847412109,33.11999893188477,14.899267196655273,4579500.0
2011-12-31,4653000000.0,-1968000000.0,2685000000.0,-2152000000.0,-900000000.0,-1252000000.0,533000000.0,-334000000.0,-340000000.0,199000000,192000000,-83000000.0,109000000,109000000,109000000,128000000.0,1950000000.0,3517000000.0,19444000000.0,33083000000.0,52527000000.0,56044000000,1400000000.0,480000000.0,4017000000.0,21356000000.0,31200000000.0,35217000000,19520000000.0,2319000000.0,20827000000.0,56044000000,109000000.0,1252000000.0,-385000000.0,-248000000.0,-36000000.0,-44000000.0,-168000000.0,728000000.0,-900000000.0,-898000000.0,-451000000.0,-322000000.0,-818000000.0,-995000000,2011-12-30,37.27999877929688,37.52999877929688,37.16999816894531,37.20000076293945,17.06978988647461,2344800.0
2012-03-31,4610000000.0,-1877000000.0,2733000000.0,-2079000000.0,-871000000.0,-1208000000.0,654000000.0,-331000000.0,-343000000.0,323000000,331000000,-131000000.0,200000000,200000000,200000000,1530000000.0,1879000000.0,4882000000.0,19295000000.0,32665000000.0,51960000000.0,56842000000,1026000000.0,2200000000.0,5643000000.0,20667000000.0,30561000000.0,36204000000,19571000000.0,2067000000.0,20638000000.0,56842000000,200000000.0,1208000000.0,119000000.0,56000000.0,18000000.0,-198000000.0,236000000.0,1583000000.0,-678000000.0,-663000000.0,-452000000.0,906000000.0,481000000.0,1402000000,2012-03-30,38.7599983215332,38.79999923706055,38.59000015258789,38.650001525878906,18.063371658325195,3300100.0
2012-06-30,4612000000.0,-1912000000.0,2700000000.0,-2043000000.0,-835000000.0,-1208000000.0,657000000.0,-332000000.0,-335000000.0,325000000,123000000,-49000000.0,74000000,74000000,74000000,281000000.0,1920000000.0,3847000000.0,19054000000.0,32189000000.0,51243000000.0,55090000000,1134000000.0,1903000000.0,5207000000.0,19682000000.0,29572000000.0,34779000000,19621000000.0,1688000000.0,20311000000.0,55090000000,74000000.0,1208000000.0,178000000.0,-244000000.0,-82000000.0,58000000.0,-220000000.0,1216000000.0,-494000000.0,-512000000.0,-453000000.0,-1202000000.0,-1954000000.0,-1249000000,2012-06-29,39.20000076293945,39.63000106811523,39.040000915527344,39.4900016784668,18.803543090820312,5520300.0
2012-09-30,4571000000.0,-1943000000.0,2628000000.0,-1892000000.0,-748000000.0,-1144000000.0,736000000.0,-314000000.0,-326000000.0,422000000,422000000,-152000000.0,270000000,270000000,270000000,194000000.0,1971000000.0,3833000000.0,19013000000.0,31786000000.0,50799000000.0,54632000000,1320000000.0,1198000000.0,4931000000.0,19508000000.0,29504000000.0,34435000000,19675000000.0,1506000000.0,20197000000.0,54632000000,270000000.0,1144000000.0,174000000.0,299000000.0,-72000000.0,188000000.0,183000000.0,1887000000.0,-719000000.0,-688000000.0,-452000000.0,-867000000.0,-1286000000.0,-87000000,2012-09-28,40.650001525878906,40.709999084472656,40.02000045776367,40.400001525878906,19.567142486572266,6139400.0
2012-12-31,4583000000.0,-1907000000.0,2676000000.0,-2010000000.0,-790000000.0,-1220000000.0,666000000.0,-307000000.0,-315000000.0,359000000,374000000,-141000000.0,233000000,233000000,233000000,211000000.0,1917000000.0,3638000000.0,18909000000.0,31393000000.0,50302000000.0,53940000000,1207000000.0,1205000000.0,4595000000.0,19400000000.0,30056000000.0,34651000000,19705000000.0,1285000000.0,19289000000.0,53940000000,233000000.0,1220000000.0,261000000.0,-335000000.0,-18000000.0,-120000000.0,-197000000.0,1379000000.0,-837000000.0,-827000000.0,-454000000.0,-50000000.0,-536000000.0,17000000,2012-12-31,38.4900016784668,39.13000106811523,38.459999084472656,39.11999893188477,19.30768585205078,4791000.0
2013-03-31,4513000000.0,-1796000000.0,2717000000.0,-1935000000.0,-818000000.0,-1117000000.0,782000000.0,-277000000.0,-316000000.0,505000000,505000000,-207000000.0,298000000,298000000,298000000,476000000.0,1924000000.0,3875000000.0,18825000000.0,31029000000.0,49854000000.0,53729000000,1094000000.0,1193000000.0,4583000000.0,19595000000.0,30290000000.0,34873000000,19307000000.0,1244000000.0,18856000000.0,53729000000,298000000.0,1117000000.0,1000000.0,-29000000.0,-34000000.0,-34000000.0,39000000.0,1387000000.0,-588000000.0,-584000000.0,-341000000.0,187000000.0,-538000000.0,265000000,2013-03-28,35.11999893188477,35.220001220703125,34.799999237060554,35.130001068115234,17.605472564697266,4864300.0
2013-06-30,4525000000.0,-1873000000.0,2652000000.0,-1937000000.0,-814000000.0,-1123000000.0,715000000.0,-321000000.0,-325000000.0,394000000,394000000,-125000000.0,269000000,269000000,269000000,214000000.0,1900000000.0,3648000000.0,18777000000.0,30829000000.0,49606000000.0,53254000000,1285000000.0,302000000.0,3748000000.0,20283000000.0,31106000000.0,34854000000,18895000000.0,1193000000.0,18400000000.0,53254000000,269000000.0,1123000000.0,147000000.0,-70000000.0,-14000000.0,157000000.0,-213000000.0,1469000000.0,-747000000.0,-728000000.0,-320000000.0,-240000000.0,-1003000000.0,-262000000,2013-06-28,35.2599983215332,35.790000915527344,35.209999084472656,35.349998474121094,17.984220504760742,4642400.0
2013-09-30,4515000000.0,-1918000000.0,2597000000.0,-2182000000.0,-1047000000.0,-1135000000.0,415000000.0,-320000000.0,-329000000.0,95000000,-1005000000,-40000000.0,-1045000000,-1045000000,-1045000000,266000000.0,1911000000.0,3812000000.0,18665000000.0,29507000000.0,48172000000.0,51984000000,1158000000.0,191000000.0,3978000000.0,20391000000.0,31292000000.0,35270000000,18547000000.0,-173000000.0,16714000000.0,51984000000,-1045000000.0,1135000000.0,1135000000.0,327000000.0,-57000000.0,-123000000.0,507000000.0,1552000000.0,-801000000.0,-805000000.0,-325000000.0,4000000.0,-695000000.0,52000000,2013-09-30,31.60000038146973,31.6200008392334,31.209999084472656,31.3799991607666,16.23081398010254,5620000.0
2013-12-31,4542000000.0,-1920000000.0,2622000000.0,-1989000000.0,-823000000.0,-1166000000.0,633000000.0,-321000000.0,-328000000.0,312000000,330000000,-91000000.0,239000000,239000000,239000000,168000000.0,1977000000.0,3907000000.0,18646000000.0,29234000000.0,47880000000.0,51787000000,1111000000.0,785000000.0,4409000000.0,20181000000.0,30187000000.0,34596000000,17927000000.0,66000000.0,17191000000.0,51787000000,239000000.0,1166000000.0,-29000000.0,-225000000.0,-107000000.0,-76000000.0,-42000000.0,1151000000.0,-832000000.0,-1031000000.0,-315000000.0,425000000.0,-218000000.0,-98000000,2013-12-31,31.940000534057607,32.06999969482422,31.729999542236328,31.85000038146973,16.758485794067386,5122800.0
2014-03-31,4538000000.0,-1935000000.0,2603000000.0,-1950000000.0,-843000000.0,-1107000000.0,653000000.0,-322000000.0,-331000000.0,331000000,331000000,-128000000.0,203000000,203000000,203000000,219000000.0,1887000000.0,3748000000.0,18493000000.0,28925000000.0,47418000000.0,51166000000,1183000000.0,1126000000.0,4621000000.0,19814000000.0,29747000000.0,34368000000,17449000000.0,144000000.0,16798000000.0,51166000000,203000000.0,1107000000.0,117000000.0,-47000000.0,60000000.0,123000000.0,-230000000.0,1380000000.0,-669000000.0,-682000000.0,-309000000.0,-17000000.0,-647000000.0,51000000,2014-03-31,32.779998779296875,32.97999954223633,32.689998626708984,32.84000015258789,17.577322006225586,5962200.0
2014-06-30,4541000000.0,-1962000000.0,2579000000.0,-1924000000.0,-831000000.0,-1093000000.0,655000000.0,-332000000.0,-325000000.0,323000000,323000000,-130000000.0,193000000,193000000,193000000,181000000.0,1986000000.0,3598000000.0,18435000000.0,28581000000.0,47016000000.0,50614000000,1153000000.0,1188000000.0,4443000000.0,19771000000.0,29573000000.0,34016000000,17242000000.0,135000000.0,16598000000.0,50614000000,193000000.0,1093000000.0,160000000.0,-317000000.0,-132000000.0,-48000000.0,-137000000.0,1129000000.0,-732000000.0,-737000000.0,-307000000.0,16000000.0,-430000000.0,-38000000,2014-06-30,35.88999938964844,36.310001373291016,35.849998474121094,36.20000076293945,19.654815673828125,2820500.0
2014-09-30,4514000000.0,-1975000000.0,2539000000.0,-1920000000.0,-823000000.0,-1097000000.0,619000000.0,-320000000.0,-325000000.0,299000000,299000000,-111000000.0,188000000,188000000,188000000,734000000.0,1978000000.0,4018000000.0,18323000000.0,28305000000.0,46628000000.0,50646000000,1069000000.0,1169000000.0,4577000000.0,19982000000.0,29624000000.0,34201000000,17103000000.0,131000000.0,16445000000.0,50646000000,188000000.0,1097000000.0,3000000.0,140000000.0,-39000000.0,-96000000.0,275000000.0,1428000000.0,-712000000.0,-694000000.0,-308000000.0,182000000.0,-181000000.0,553000000,2014-09-30,40.38999938964844,40.93000030517578,40.33000183105469,40.88999938964844,22.496543884277344,3303800.0
2014-12-31,4438000000.0,-1974000000.0,2464000000.0,-1981000000.0,-850000000.0,-1131000000.0,483000000.0,-326000000.0,-330000000.0,157000000,157000000,31000000.0,188000000,188000000,188000000,128000000.0,1988000000.0,2696000000.0,18433000000.0,27974000000.0,46407000000.0,49103000000,1226000000.0,550000000.0,3918000000.0,19953000000.0,30162000000.0,34080000000,16893000000.0,147000000.0,15023000000.0,49103000000,188000000.0,1131000000.0,155000000.0,-223000000.0,-52000000.0,91000000.0,-262000000.0,1251000000.0,-871000000.0,-964000000.0,-304000000.0,-502000000.0,-893000000.0,-606000000,2014-12-31,40.08000183105469,40.34000015258789,39.52999877929688,39.58000183105469,22.065582275390625,1695600.0
2015-03-31,4451000000.0,-1911000000.0,2540000000.0,-1891000000.0,-851000000.0,-1040000000.0,649000000.0,-326000000.0,-328000000.0,323000000,323000000,-131000000.0,192000000,192000000,192000000,155000000.0,1973000000.0,3468000000.0,18183000000.0,27869000000.0,46052000000.0,49520000000,1068000000.0,202000000.0,3579000000.0,20254000000.0,31176000000.0,34755000000,16625000000.0,141000000.0,14765000000.0,49520000000,192000000.0,1040000000.0,91000000.0,13000000.0,-27000000.0,-80000000.0,120000000.0,1336000000.0,-602000000.0,-610000000.0,-304000000.0,-217000000.0,-699000000.0,27000000,2015-03-31,34.36999893188477,34.81999969482422,34.09999847412109,34.549999237060554,19.541452407836914,6882900.0
2015-06-30,4419000000.0,-1959000000.0,2460000000.0,-1911000000.0,-863000000.0,-1048000000.0,549000000.0,-315000000.0,-327000000.0,234000000,234000000,-91000000.0,143000000,143000000,143000000,155000000.0,1955000000.0,3305000000.0,18089000000.0,27583000000.0,45672000000.0,48977000000,1049000000.0,1519000000.0,4797000000.0,18834000000.0,29593000000.0,34390000000,16459000000.0,87000000.0,14587000000.0,48977000000,143000000.0,1048000000.0,60000000.0,-106000000.0,-24000000.0,-32000000.0,-50000000.0,1145000000.0,-644000000.0,-648000000.0,-305000000.0,-100000000.0,-497000000.0,0,2015-06-30,29.79999923706055,29.86000061035156,29.3700008392334,29.3799991607666,16.885004043579098,5479000.0
2015-09-30,4554000000.0,-1993000000.0,2561000000.0,-1905000000.0,-857000000.0,-1048000000.0,656000000.0,-327000000.0,-329000000.0,329000000,329000000,-124000000.0,205000000,205000000,205000000,355000000.0,1951000000.0,3350000000.0,18068000000.0,27336000000.0,45404000000.0,48754000000,1087000000.0,1910000000.0,5547000000.0,18504000000.0,28957000000.0,34504000000,16014000000.0,177000000.0,14250000000.0,48754000000,205000000.0,1048000000.0,-69000000.0,291000000.0,-40000000.0,28000000.0,303000000.0,1475000000.0,-764000000.0,-764000000.0,-296000000.0,47000000.0,-511000000.0,200000000,2015-09-30,24.90999984741211,25.229999542236328,24.82999992370605,25.1200008392334,14.731361389160154,5522900.0
2015-12-31,4476000000.0,-1915000000.0,2561000000.0,-1836000000.0,-783000000.0,-1053000000.0,725000000.0,-295000000.0,-328000000.0,430000000,430000000,-92000000.0,338000000,338000000,338000000,126000000.0,1943000000.0,2650000000.0,18069000000.0,26885000000.0,44954000000.0,47604000000,968000000.0,1503000000.0,4604000000.0,18722000000.0,28940000000.0,33544000000,15722000000.0,272000000.0,14060000000.0,47604000000,338000000.0,1053000000.0,325000000.0,-519000000.0,-41000000.0,-84000000.0,-394000000.0,1197000000.0,-831000000.0,-831000000.0,-293000000.0,-22000000.0,-594000000.0,-228000000,2015-12-31,25.29999923706055,25.34000015258789,25.09000015258789,25.15999984741211,15.040090560913086,3276700.0
2016-03-31,4401000000.0,-1900000000.0,2501000000.0,-1813000000.0,-837000000.0,-976000000.0,688000000.0,-308000000.0,-331000000.0,380000000,380000000,-144000000.0,236000000,236000000,236000000,438000000.0,1871000000.0,2926000000.0,17963000000.0,26628000000.0,44591000000.0,47517000000,1039000000.0,517000000.0,3826000000.0,19508000000.0,29655000000.0,33481000000,15730000000.0,213000000.0,14036000000.0,47517000000,236000000.0,976000000.0,19000000.0,192000000.0,26000000.0,78000000.0,88000000.0,1423000000.0,-604000000.0,-605000000.0,-290000000.0,-208000000.0,-506000000.0,312000000,2016-03-31,31.90999984741211,32.490001678466804,31.690000534057607,31.959999084472656,19.442346572875977,6807700.0
2016-06-30,4398000000.0,-1949000000.0,2449000000.0,-1802000000.0,-815000000.0,-987000000.0,647000000.0,-330000000.0,-340000000.0,317000000,317000000,-121000000.0,196000000,196000000,196000000,191000000.0,1972000000.0,2791000000.0,17894000000.0,26433000000.0,44327000000.0,47118000000,1067000000.0,1451000000.0,4842000000.0,18165000000.0,28291000000.0,33133000000,15751000000.0,115000000.0,13985000000.0,47118000000,196000000.0,987000000.0,94000000.0,-99000000.0,-151000000.0,-4000000.0,56000000.0,1178000000.0,-649000000.0,-674000000.0,-296000000.0,-451000000.0,-751000000.0,-247000000,2016-06-30,28.479999542236328,29.03000068664551,28.28000068664551,29.01000022888184,18.005489349365234,5490100.0
2016-09-30,4382000000.0,-1996000000.0,2386000000.0,-1793000000.0,-798000000.0,-995000000.0,593000000.0,-344000000.0,-327000000.0,249000000,249000000,-97000000.0,152000000,152000000,152000000,140000000.0,1957000000.0,2728000000.0,17840000000.0,26228000000.0,44068000000.0,46796000000,1036000000.0,1534000000.0,4733000000.0,18184000000.0,28171000000.0,32904000000,15668000000.0,79000000.0,13892000000.0,46796000000,152000000.0,995000000.0,-14000000.0,-222000000.0,-33000000.0,-22000000.0,-167000000.0,911000000.0,-735000000.0,-733000000.0,-290000000.0,59000000.0,-229000000.0,-51000000,2016-09-30,27.690000534057607,27.809999465942386,27.420000076293945,27.43000030517578,17.352821350097653,3363400.0
2016-12-31,4289000000.0,-1929000000.0,2360000000.0,-1955000000.0,-997000000.0,-958000000.0,405000000.0,-331000000.0,-320000000.0,74000000,74000000,-32000000.0,42000000,42000000,42000000,222000000.0,2017000000.0,5162000000.0,17039000000.0,24816000000.0,41855000000.0,47017000000,1179000000.0,1503000000.0,5349000000.0,18185000000.0,28269000000.0,33618000000,15517000000.0,-1000000.0,13399000000.0,47017000000,42000000.0,958000000.0,75000000.0,21000000.0,-108000000.0,57000000.0,72000000.0,1096000000.0,-963000000.0,-982000000.0,-291000000.0,259000000.0,-32000000.0,82000000,2016-12-30,24.020000457763672,24.18000030517578,23.68000030517578,23.78000068664551,15.372644424438475,6971400.0
2017-03-31,4209000000.0,-1888000000.0,2321000000.0,-1690000000.0,-810000000.0,-880000000.0,631000000.0,-324000000.0,-318000000.0,307000000,307000000,-144000000.0,163000000,163000000,163000000,214000000.0,1854000000.0,4968000000.0,17016000000.0,24618000000.0,41634000000.0,46602000000,994000000.0,1499000000.0,5096000000.0,18180000000.0,28200000000.0,33296000000,15282000000.0,110000000.0,13306000000.0,46602000000,163000000.0,880000000.0,39000000.0,-25000000.0,116000000.0,-81000000.0,-60000000.0,1057000000.0,-735000000.0,-732000000.0,-296000000.0,-26000000.0,-333000000.0,-8000000,2017-03-31,23.399999618530273,23.6299991607666,23.31999969482422,23.56999969482422,15.583765983581545,7533600.0
2017-06-30,4090000000.0,-1890000000.0,2200000000.0,-1833000000.0,-884000000.0,-949000000.0,367000000.0,-327000000.0,-320000000.0,40000000,40000000,-23000000.0,17000000,17000000,17000000,342000000.0,1868000000.0,2908000000.0,17583000000.0,30434000000.0,48017000000.0,50925000000,944000000.0,196000000.0,3243000000.0,24881000000.0,34596000000.0,37839000000,15187000000.0,-51000000.0,13086000000.0,50925000000,17000000.0,949000000.0,12000000.0,-293000000.0,-45000000.0,-31000000.0,-217000000.0,685000000.0,-827000000.0,638000000.0,-294000000.0,4734000000.0,4818000000.0,6141000000,2017-06-30,24.270000457763672,24.3700008392334,23.8799991607666,23.8799991607666,16.138004302978516,8531500.0
2017-09-30,4034000000.0,-1927000000.0,2107000000.0,-1620000000.0,-710000000.0,-910000000.0,487000000.0,-348000000.0,-362000000.0,139000000,139000000,-47000000.0,92000000,92000000,92000000,160000000.0,1888000000.0,2694000000.0,17634000000.0,30208000000.0,47842000000.0,50536000000,939000000.0,124000000.0,3266000000.0,24854000000.0,34310000000.0,37576000000,14920000000.0,34000000.0,12960000000.0,50536000000,92000000.0,910000000.0,-153000000.0,109000000.0,-69000000.0,19000000.0,159000000.0,958000000.0,-750000000.0,-756000000.0,-291000000.0,-82000000.0,-395000000.0,-193000000,2017-09-29,19.299999237060547,19.299999237060547,18.809999465942386,18.899999618530273,13.119656562805176,7310900.0
2017-12-31,5323000000.0,-2498000000.0,2825000000.0,-2301000000.0,-1104000000.0,-1197000000.0,524000000.0,-470000000.0,-481000000.0,54000000,54000000,1063000000.0,1117000000,1117000000,1117000000,551000000.0,2557000000.0,4194000000.0,26852000000.0,44565000000.0,71417000000.0,75611000000,1555000000.0,443000000.0,4857000000.0,37283000000.0,47263000000.0,52120000000,24383000000.0,1103000000.0,23491000000.0,75611000000,1117000000.0,1197000000.0,-693000000.0,-443000000.0,29000000.0,-30000000.0,-442000000.0,1178000000.0,735000000.0,-8021000000.0,-572000000.0,1844000000.0,1266000000.0,-5577000000,2017-12-29,17.059999465942386,17.15999984741211,16.680000305175778,16.680000305175778,12.031694412231445,10043300.0
2018-03-31,5945000000.0,-2803000000.0,3142000000.0,-2392000000.0,-1109000000.0,-1283000000.0,750000000.0,-514000000.0,-535000000.0,236000000,236000000,-121000000.0,115000000,115000000,115000000,501000000.0,2432000000.0,4183000000.0,26826000000.0,43784000000.0,70610000000.0,74793000000,1508000000.0,437000000.0,4767000000.0,36940000000.0,46583000000.0,51350000000,24395000000.0,1336000000.0,23443000000.0,74793000000,115000000.0,1283000000.0,408000000.0,-139000000.0,117000000.0,-14000000.0,-242000000.0,1667000000.0,-802000000.0,-768000000.0,-580000000.0,-343000000.0,-949000000.0,-50000000,2018-03-29,16.25,16.520000457763672,16.209999084472653,16.430000305175778,12.230944633483887,11391500.0
2018-06-30,5902000000.0,-2730000000.0,3172000000.0,-2405000000.0,-1115000000.0,-1290000000.0,767000000.0,-530000000.0,-546000000.0,237000000,237000000,55000000.0,292000000,292000000,292000000,700000000.0,2471000000.0,4451000000.0,26494000000.0,43401000000.0,69895000000.0,74346000000,1360000000.0,437000000.0,4521000000.0,36878000000.0,46836000000.0,51357000000,24439000000.0,1040000000.0,22989000000.0,74346000000,292000000.0,1290000000.0,422000000.0,-422000000.0,-82000000.0,-159000000.0,-181000000.0,1582000000.0,-649000000.0,-744000000.0,-576000000.0,-55000000.0,-641000000.0,195000000,2018-06-29,18.76000022888184,18.90999984741211,18.61000061035156,18.63999938964844,14.299947738647461,5038700.0
2018-09-30,5818000000.0,-2672000000.0,3146000000.0,-2252000000.0,-967000000.0,-1285000000.0,894000000.0,-532000000.0,-557000000.0,362000000,329000000,-57000000.0,272000000,272000000,272000000,390000000.0,2465000000.0,4114000000.0,26168000000.0,43089000000.0,69257000000.0,73371000000,1387000000.0,778000000.0,5286000000.0,35749000000.0,45282000000.0,50568000000,24480000000.0,777000000.0,22803000000.0,73371000000,272000000.0,1285000000.0,-347000000.0,577000000.0,-43000000.0,22000000.0,598000000.0,1787000000.0,-684000000.0,-684000000.0,-579000000.0,-826000000.0,-1417000000.0,-312000000,2018-09-28,20.88999938964844,21.350000381469727,20.8700008392334,21.200000762939453,16.666755676269528,8026200.0
2018-12-31,4915000000.0,-1794000000.0,3121000000.0,-2236000000.0,-974000000.0,-1262000000.0,885000000.0,-557000000.0,-539000000.0,328000000,-2365000000,-47000000.0,-2412000000,-2412000000,-2412000000,488000000.0,2398000000.0,3820000000.0,26408000000.0,40028000000.0,66436000000.0,70256000000,1933000000.0,652000000.0,5531000000.0,35409000000.0,44897000000.0,50428000000,23932000000.0,-1643000000.0,19828000000.0,70256000000,-2412000000.0,1262000000.0,3149000000.0,-3000000.0,33000000.0,275000000.0,-311000000.0,1996000000.0,-882000000.0,-882000000.0,-577000000.0,-437000000.0,-1016000000.0,98000000,2018-12-31,15.329999923706055,15.43000030517578,14.949999809265135,15.149999618530273,12.271770477294922,14358800.0
2019-03-31,5647000000.0,-2520000000.0,3127000000.0,-2120000000.0,-932000000.0,-1188000000.0,1007000000.0,-528000000.0,-523000000.0,479000000,-6027000000,-138000000.0,-6165000000,-6165000000,-6165000000,441000000.0,2347000000.0,3820000000.0,25793000000.0,35175000000.0,60968000000.0,64788000000,1481000000.0,632000000.0,5373000000.0,34858000000.0,45872000000.0,51245000000,23665000000.0,-7693000000.0,13543000000.0,64788000000,-6165000000.0,1188000000.0,6684000000.0,-525000000.0,5000000.0,-239000000.0,-291000000.0,1182000000.0,-906000000.0,-906000000.0,-285000000.0,-8000000.0,-320000000.0,-44000000,2019-03-29,12.130000114440918,12.1899995803833,11.869999885559082,11.989999771118164,9.913609504699707,9491200.0
2019-06-30,5578000000.0,-2446000000.0,3132000000.0,-2156000000.0,-960000000.0,-1196000000.0,976000000.0,-474000000.0,-518000000.0,502000000,502000000,-131000000.0,371000000,371000000,371000000,410000000.0,2446000000.0,3878000000.0,25860000000.0,34770000000.0,60630000000.0,64508000000,1634000000.0,1595000000.0,6495000000.0,33193000000.0,44321000000.0,50816000000,23432000000.0,-7321000000.0,13692000000.0,64508000000,371000000.0,1196000000.0,220000000.0,-86000000.0,-137000000.0,-27000000.0,78000000.0,1701000000.0,-799000000.0,-811000000.0,-269000000.0,-652000000.0,-924000000.0,-34000000,2019-06-28,11.699999809265135,11.829999923706055,11.600000381469727,11.760000228881836,9.956058502197266,18675400.0
2019-09-30,5350000000.0,-2334000000.0,3016000000.0,-2066000000.0,-831000000.0,-1235000000.0,950000000.0,-540000000.0,-496000000.0,410000000,410000000,-108000000.0,302000000,302000000,302000000,1404000000.0,2290000000.0,4589000000.0,25874000000.0,34265000000.0,60139000000.0,64728000000,1712000000.0,1744000000.0,6589000000.0,33381000000.0,44465000000.0,51054000000,23191000000.0,-7018000000.0,13674000000.0,64728000000,302000000.0,1235000000.0,204000000.0,147000000.0,125000000.0,1000000.0,21000000.0,1888000000.0,-929000000.0,-954000000.0,-275000000.0,339000000.0,57000000.0,991000000,2019-09-30,12.43000030517578,12.609999656677244,12.350000381469727,12.479999542236328,10.799159049987793,11897800.0
2019-12-31,4883000000.0,-1834000000.0,3049000000.0,-2202000000.0,-992000000.0,-1210000000.0,847000000.0,-498000000.0,-484000000.0,349000000,349000000,-126000000.0,223000000,223000000,223000000,1690000000.0,2259000000.0,4768000000.0,26079000000.0,33895000000.0,59974000000.0,64742000000,2315000000.0,2300000000.0,7258000000.0,32394000000.0,44014000000.0,51272000000,22964000000.0,-6814000000.0,13470000000.0,64742000000,223000000.0,1210000000.0,57000000.0,419000000.0,2000000.0,4000000.0,413000000.0,1909000000.0,-901000000.0,-899000000.0,-271000000.0,-429000000.0,-724000000.0,286000000,2019-12-31,13.079999923706055,13.229999542236328,12.970000267028807,13.210000038146973,11.630680084228516,8941500.0
2020-03-31,5228000000.0,-2235000000.0,2993000000.0,-2013000000.0,-853000000.0,-1160000000.0,980000000.0,-547000000.0,-449000000.0,433000000,433000000,-119000000.0,314000000,314000000,314000000,1564000000.0,2175000000.0,4690000000.0,25956000000.0,33410000000.0,59366000000.0,64056000000,1581000000.0,1129000000.0,5703000000.0,33481000000.0,45062000000.0,50765000000,22732000000.0,-6486000000.0,13291000000.0,64056000000,314000000.0,1160000000.0,301000000.0,-476000000.0,60000000.0,-115000000.0,-421000000.0,1299000000.0,-939000000.0,-939000000.0,-291000000.0,-126000000.0,-486000000.0,-126000000,2020-03-31,9.84000015258789,9.960000038146973,9.380000114440918,9.460000038146973,8.498161315917969,12839000.0
2020-06-30,5192000000.0,-2232000000.0,2960000000.0,-2057000000.0,-895000000.0,-1162000000.0,903000000.0,-390000000.0,-414000000.0,513000000,513000000,-136000000.0,377000000,377000000,377000000,1763000000.0,2182000000.0,4858000000.0,26079000000.0,33234000000.0,59313000000.0,64171000000,1448000000.0,2885000000.0,7472000000.0,31414000000.0,43237000000.0,50709000000,22473000000.0,-6109000000.0,13462000000.0,64171000000,377000000.0,1162000000.0,180000000.0,30000000.0,-62000000.0,-112000000.0,204000000.0,1749000000.0,-960000000.0,-959000000.0,-271000000.0,-320000000.0,-597000000.0,193000000,2020-06-30,9.81999969482422,10.06999969482422,9.779999732971193,10.029999732971193,9.237278938293457,14155700.0
