Report Date,Revenue,Cost of Revenue,Gross Profit,Operating Expenses,Operating Income (Loss),Non-Operating Income (Loss),"Interest Expense, Net","Pretax Income (Loss), Adj.",Pretax Income (Loss),"Income Tax (Expense) Benefit, Net",Income (Loss) from Continuing Operations,Net Extraordinary Gains (Losses),Net Income,Net Income (Common),"Cash, Cash Equivalents & Short Term Investments",Accounts & Notes Receivable,Inventories,Total Current Assets,"Property, Plant & Equipment, Net",Other Long Term Assets,Total Noncurrent Assets,Total Assets,Payables & Accruals,Short Term Debt,Total Current Liabilities,Long Term Debt,Total Noncurrent Liabilities,Total Liabilities,Share Capital & Additional Paid-In Capital,Treasury Stock,Retained Earnings,Total Equity,Total Liabilities & Equity,Net Income/Starting Line,Depreciation & Amortization.1,Non-Cash Items,Change in Working Capital,Net Cash from Operating Activities,Change in Fixed Assets & Intangibles,Net Cash from Acquisitions & Divestitures,Net Cash from Investing Activities,Dividends Paid,Cash from (Repayment of) Debt,Cash from (Repurchase of) Equity,Net Cash from Financing Activities,Net Change in Cash,Price Date,Open,High,Low,Close,Adj Close,Volume
2011-03-31,28853000000.0,-27102000000.0,1751000000.0,-1128000000.0,623000000.0,-65000000.0,-82000000.0,558000000,558000000,-136000000.0,422000000,0.0,422000000,422000000,3731000000.0,8075000000.0,9441000000.0,21504000000.0,851000000.0,5834000000.0,6685000000.0,28189000000,14814000000.0,3000000.0,17012000000.0,2293000000.0,3633000000.0,20645000000,4760000000.0,-4458000000.0,7236000000.0,7544000000.0,28189000000,348000000.0,124000000.0,123000000.0,-4000000.0,591000000.0,-62000000.0,1000000.0,-106000000.0,-33000000.0,-219000000.0,52000000.0,-184000000.0,303000000,2011-03-31,79.88999938964844,80.05000305175781,78.98999786376953,79.05000305175781,72.49655151367188,2087600.0
2012-03-31,31286000000.0,-29606000000.0,1680000000.0,-994000000.0,686000000.0,-51000000.0,-59000000.0,635000000,631000000,-134000000.0,497000000,24000000.0,521000000,521000000,3612000000.0,9187000000.0,9225000000.0,22357000000.0,991000000.0,7538000000.0,8529000000.0,30886000000,15951000000.0,417000000.0,18726000000.0,3587000000.0,4950000000.0,23676000000,5343000000.0,-6470000000.0,8250000000.0,7210000000.0,30886000000,422000000.0,144000000.0,66000000.0,368000000.0,1000000000.0,-76000000.0,0.0,-158000000.0,-45000000.0,-41000000.0,-373000000.0,-445000000.0,399000000,2012-03-30,88.73999786376953,88.91000366210938,87.72000122070312,87.7699966430664,81.29734802246094,2469100.0
2012-06-30,30699000000.0,-29138000000.0,1561000000.0,-1050000000.0,511000000.0,-48000000.0,-56000000.0,463000000,528000000,-149000000.0,379000000,1000000.0,380000000,380000000,3116000000.0,9372000000.0,9530000000.0,22374000000.0,988000000.0,7655000000.0,8643000000.0,31017000000,16367000000.0,414000000.0,19142000000.0,3575000000.0,4963000000.0,24105000000,5380000000.0,-7057000000.0,8486000000.0,6912000000.0,31017000000,286000000.0,135000000.0,43000000.0,-138000000.0,326000000.0,-58000000.0,-106000000.0,-154000000.0,-47000000.0,-16000000.0,-621000000.0,-668000000.0,-496000000,2012-06-29,94.47000122070312,94.47000122070312,93.43000030517578,93.75,87.03511047363281,1864300.0
2012-09-30,29755000000.0,-28072000000.0,1683000000.0,-1033000000.0,650000000.0,-45000000.0,-55000000.0,605000000,561000000,-162000000.0,399000000,2000000.0,401000000,401000000,3943000000.0,9525000000.0,9426000000.0,23262000000.0,1006000000.0,7639000000.0,8645000000.0,31907000000,16875000000.0,414000000.0,19845000000.0,3578000000.0,4953000000.0,24798000000,5577000000.0,-7178000000.0,8731000000.0,7109000000.0,31907000000,296000000.0,136000000.0,134000000.0,503000000.0,1069000000.0,-68000000.0,-88000000.0,-195000000.0,-50000000.0,-1000000.0,31000000.0,-17000000.0,827000000,2012-09-28,87.04000091552734,87.04000091552734,85.83999633789062,86.02999877929688,80.05015563964844,2239600.0
2012-12-31,31099000000.0,-29454000000.0,1645000000.0,-1147000000.0,498000000.0,-49000000.0,-59000000.0,449000000,449000000,-143000000.0,306000000,-8000000.0,298000000,298000000,4191000000.0,9673000000.0,10376000000.0,24569000000.0,1015000000.0,7573000000.0,8588000000.0,33157000000,17797000000.0,409000000.0,20715000000.0,3578000000.0,4992000000.0,25707000000,5645000000.0,-7178000000.0,8981000000.0,7450000000.0,33157000000,300000000.0,137000000.0,130000000.0,-246000000.0,321000000.0,-44000000.0,-10000000.0,-81000000.0,-49000000.0,-6000000.0,40000000.0,-12000000.0,248000000,2012-12-31,95.87999725341795,96.9800033569336,95.4800033569336,96.95999908447266,90.41498565673828,807000.0
2013-03-31,30643000000.0,-28651000000.0,1992000000.0,-1313000000.0,679000000.0,-64000000.0,-70000000.0,615000000,412000000,-133000000.0,279000000,-20000000.0,259000000,259000000,3149000000.0,9977000000.0,10073000000.0,23603000000.0,1043000000.0,8447000000.0,9490000000.0,33093000000,18263000000.0,908000000.0,21686000000.0,3072000000.0,4580000000.0,26266000000,5575000000.0,-8204000000.0,9451000000.0,6827000000.0,33093000000,521000000.0,85000000.0,74000000.0,554000000.0,1234000000.0,-51000000.0,-847000000.0,-1072000000.0,-49000000.0,-7000000.0,-1157000000.0,-1208000000.0,-1042000000,2013-03-28,107.6999969482422,108.02999877929688,107.30999755859376,107.95999908447266,100.86627960205078,1137100.0
2013-06-30,32239000000.0,-30309000000.0,1930000000.0,-1260000000.0,670000000.0,-53000000.0,-59000000.0,617000000,602000000,-174000000.0,428000000,-4000000.0,424000000,424000000,2013000000.0,9564000000.0,10059000000.0,22054000000.0,1221000000.0,8473000000.0,9694000000.0,31748000000,16738000000.0,508000000.0,20097000000.0,3072000000.0,4460000000.0,24557000000,5813000000.0,-8375000000.0,9783000000.0,7191000000.0,31748000000,380000000.0,125000000.0,-317000000.0,-740000000.0,-552000000.0,-45000000.0,-108000000.0,-150000000.0,-53000000.0,-400000000.0,-10000000.0,-425000000.0,-1136000000,2013-06-28,115.63999938964844,115.98999786376952,114.5,114.5,107.16738891601562,1513500.0
2013-09-30,32985000000.0,-30964000000.0,2021000000.0,-1300000000.0,721000000.0,-50000000.0,-59000000.0,671000000,636000000,-213000000.0,423000000,-19000000.0,404000000,404000000,2831000000.0,9823000000.0,10070000000.0,23091000000.0,1223000000.0,8654000000.0,9877000000.0,32968000000,17004000000.0,508000000.0,20750000000.0,3073000000.0,4518000000.0,25268000000,5952000000.0,-8433000000.0,10135000000.0,7700000000.0,32968000000,401000000.0,127000000.0,-39000000.0,522000000.0,1011000000.0,-38000000.0,-143000000.0,-201000000.0,-47000000.0,0.0,37000000.0,-8000000.0,818000000,2013-09-30,128.39999389648438,128.69000244140622,127.9499969482422,128.30000305175778,120.32190704345705,782300.0
2013-12-31,34336000000.0,-32486000000.0,1850000000.0,-1339000000.0,511000000.0,-75000000.0,-69000000.0,436000000,418000000,-254000000.0,164000000,-99000000.0,65000000,65000000,2726000000.0,9962000000.0,10390000000.0,23439000000.0,1247000000.0,8747000000.0,9994000000.0,33433000000,16752000000.0,506000000.0,20208000000.0,3973000000.0,5590000000.0,25798000000,6009000000.0,-8793000000.0,10384000000.0,7635000000.0,33433000000,298000000.0,131000000.0,42000000.0,-654000000.0,-183000000.0,-62000000.0,-326000000.0,-433000000.0,-47000000.0,892000000.0,-328000000.0,515000000.0,-105000000,2013-12-31,161.33999633789062,162.02999877929688,160.58999633789062,161.39999389648438,151.58499145507812,685800.0
2014-03-31,37832000000.0,-35281000000.0,2551000000.0,-1946000000.0,605000000.0,-90000000.0,-113000000.0,515000000,515000000,-116000000.0,399000000,-34000000.0,370000000,370000000,2456000000.0,9975000000.0,10335000000.0,23170000000.0,1321000000.0,10295000000.0,11616000000.0,34786000000,18020000000.0,352000000.0,21357000000.0,4521000000.0,6373000000.0,27730000000,6082000000.0,-9363000000.0,10402000000.0,7056000000.0,34786000000,259000000.0,198000000.0,283000000.0,1467000000.0,2207000000.0,-96000000.0,-1296000000.0,-1425000000.0,-47000000.0,-237000000.0,-747000000.0,-1038000000.0,-270000000,2014-03-31,176.58999633789062,177.9600067138672,175.97000122070312,176.57000732421875,166.06053161621094,1010300.0
2014-06-30,43476000000.0,-40744000000.0,2732000000.0,-2051000000.0,681000000.0,-77000000.0,-96000000.0,604000000,604000000,-185000000.0,419000000,-8000000.0,403000000,403000000,2905000000.0,10013000000.0,10332000000.0,24067000000.0,1333000000.0,10091000000.0,11424000000.0,35491000000,18562000000.0,352000000.0,21481000000.0,4522000000.0,6619000000.0,28100000000,6233000000.0,-9504000000.0,10780000000.0,7391000000.0,35491000000,424000000.0,162000000.0,32000000.0,98000000.0,716000000.0,-69000000.0,-74000000.0,-184000000.0,-53000000.0,0.0,-77000000.0,-73000000.0,449000000,2014-06-30,189.0,189.0500030517578,185.7700042724609,186.2100067138672,175.3485107421875,1342900.0
2014-09-30,44160000000.0,-41296000000.0,2864000000.0,-2077000000.0,787000000.0,-73000000.0,-95000000.0,714000000,714000000,-223000000.0,491000000,-14000000.0,469000000,469000000,2960000000.0,10321000000.0,10484000000.0,24545000000.0,1348000000.0,10054000000.0,11402000000.0,35947000000,18441000000.0,353000000.0,21379000000.0,4521000000.0,6598000000.0,27977000000,6361000000.0,-9505000000.0,11130000000.0,7970000000.0,35947000000,404000000.0,170000000.0,133000000.0,-610000000.0,97000000.0,-64000000.0,-42000000.0,-90000000.0,-46000000.0,0.0,68000000.0,36000000.0,55000000,2014-09-30,196.5,197.33999633789062,194.3500061035156,194.6699981689453,183.54443359375,812200.0
2014-12-31,46484000000.0,-43586000000.0,2898000000.0,-2098000000.0,800000000.0,-81000000.0,-93000000.0,719000000,719000000,-198000000.0,521000000,-10000000.0,472000000,472000000,2431000000.0,10750000000.0,11462000000.0,25234000000.0,1359000000.0,9886000000.0,11245000000.0,36479000000,18746000000.0,353000000.0,21904000000.0,4521000000.0,6564000000.0,28468000000,6446000000.0,-9505000000.0,11138000000.0,8011000000.0,36479000000,65000000.0,163000000.0,201000000.0,-770000000.0,-341000000.0,-58000000.0,97000000.0,-148000000.0,-55000000.0,0.0,31000000.0,-36000000.0,-529000000,2014-12-31,210.52999877929688,211.3500061035156,207.38999938964844,207.5800018310547,195.9416961669922,684200.0
2015-03-31,44925000000.0,-42008000000.0,2917000000.0,-2067000000.0,850000000.0,-80000000.0,-90000000.0,770000000,620000000,-209000000.0,411000000,-267000000.0,132000000,132000000,4193000000.0,13780000000.0,12986000000.0,32836000000.0,2196000000.0,16727000000.0,18923000000.0,51759000000,25126000000.0,1665000000.0,29615000000.0,8929000000.0,11849000000.0,41464000000,6556000000.0,-9507000000.0,11453000000.0,10295000000.0,51759000000,650000000.0,522000000.0,583000000.0,885000000.0,2640000000.0,-185000000.0,-136000000.0,-255000000.0,-73000000.0,-402000000.0,-320000000.0,-895000000.0,1173000000,2015-03-31,228.3000030517578,230.2899932861328,226.1999969482422,226.1999969482422,213.7411346435547,769900.0
2015-06-30,47546000000.0,-44698000000.0,2848000000.0,-1917000000.0,931000000.0,-76000000.0,-89000000.0,855000000,855000000,-256000000.0,599000000,-10000000.0,576000000,576000000,4105000000.0,14920000000.0,14124000000.0,33973000000.0,2209000000.0,16824000000.0,19033000000.0,53006000000,25933000000.0,532000000.0,29245000000.0,10141000000.0,12989000000.0,42234000000,6690000000.0,-9611000000.0,11800000000.0,10772000000.0,53006000000,411000000.0,280000000.0,111000000.0,-620000000.0,182000000.0,-83000000.0,-14000000.0,-112000000.0,-59000000.0,-64000000.0,-68000000.0,-167000000.0,-88000000,2015-06-30,225.8000030517578,226.13999938964844,223.0,224.80999755859366,212.64300537109366,1396100.0
2015-09-30,48761000000.0,-45917000000.0,2844000000.0,-1890000000.0,954000000.0,-74000000.0,-91000000.0,880000000,880000000,-244000000.0,636000000,-6000000.0,617000000,617000000,3804000000.0,15391000000.0,14063000000.0,33879000000.0,2174000000.0,16179000000.0,18353000000.0,52232000000,25648000000.0,952000000.0,29337000000.0,9620000000.0,12362000000.0,41699000000,6763000000.0,-9611000000.0,12211000000.0,10533000000.0,52232000000,477000000.0,258000000.0,181000000.0,-933000000.0,-17000000.0,-107000000.0,-19000000.0,-195000000.0,-56000000.0,54000000.0,29000000.0,-1000000.0,-301000000,2015-09-30,185.8800048828125,187.22000122070312,182.66000366210938,185.02999877929688,175.26272583007812,1786400.0
2015-12-31,47899000000.0,-45027000000.0,2872000000.0,-1952000000.0,920000000.0,-74000000.0,-87000000.0,846000000,846000000,-204000000.0,642000000,5000000.0,634000000,634000000,4587000000.0,16581000000.0,15378000000.0,37141000000.0,2156000000.0,15813000000.0,17969000000.0,55110000000,28429000000.0,1413000000.0,32778000000.0,8981000000.0,11708000000.0,44486000000,6879000000.0,-9612000000.0,12628000000.0,10624000000.0,55110000000,978000000.0,133000000.0,72000000.0,-782000000.0,401000000.0,-82000000.0,212000000.0,79000000.0,-64000000.0,-1122000000.0,-824000000.0,-2079000000.0,-1546000000,2015-12-31,198.52999877929688,200.57000732421875,197.22000122070312,197.22999572753903,187.0950164794922,1976100.0
2016-03-31,46678000000.0,-43826000000.0,2852000000.0,-2012000000.0,840000000.0,-71000000.0,-86000000.0,769000000,669000000,-204000000.0,465000000,-21000000.0,431000000,431000000,4048000000.0,17980000000.0,15335000000.0,38435000000.0,2278000000.0,15810000000.0,18088000000.0,56523000000,32533000000.0,1617000000.0,35069000000.0,6497000000.0,11038000000.0,46107000000,5848000000.0,-3721000000.0,8360000000.0,10416000000.0,56523000000,444000000.0,214000000.0,16000000.0,2432000000.0,3106000000.0,-216000000.0,-9000000.0,-1329000000.0,-65000000.0,-593000000.0,-626000000.0,-1206000000.0,642000000,2016-03-31,157.9600067138672,159.83999633789062,157.11000061035156,157.25,149.4387969970703,1199200.0
2016-06-30,49733000000.0,-46826000000.0,2907000000.0,-1935000000.0,972000000.0,-60000000.0,-79000000.0,912000000,912000000,-239000000.0,673000000,-113000000.0,542000000,542000000,5635000000.0,16684000000.0,14932000000.0,38571000000.0,2100000000.0,15254000000.0,17354000000.0,55925000000,30211000000.0,1654000000.0,34673000000.0,8142000000.0,10879000000.0,45552000000,7125000000.0,-10061000000.0,13227000000.0,10373000000.0,55925000000,560000000.0,242000000.0,189000000.0,868000000.0,1859000000.0,-76000000.0,-1819000000.0,-1154000000.0,-66000000.0,-8000000.0,-22000000.0,-82000000.0,611000000,2016-06-30,183.4900054931641,186.75999450683602,182.5399932861328,186.6499938964844,177.64752197265625,1580800.0
2016-09-30,49957000000.0,-47201000000.0,2756000000.0,-1886000000.0,870000000.0,-55000000.0,-78000000.0,815000000,525000000,-200000000.0,325000000,-1000000.0,307000000,307000000,5359000000.0,16798000000.0,15587000000.0,38749000000.0,2108000000.0,14962000000.0,17070000000.0,55819000000,30801000000.0,1252000000.0,34775000000.0,8136000000.0,10758000000.0,45533000000,7216000000.0,-10561000000.0,13780000000.0,10286000000.0,55819000000,324000000.0,217000000.0,302000000.0,226000000.0,1069000000.0,-75000000.0,-222000000.0,-192000000.0,-63000000.0,-5000000.0,39000000.0,-32000000.0,805000000,2016-09-30,164.97000122070312,167.2100067138672,163.57000732421875,166.75,158.94935607910156,2085200.0
2016-12-31,50130000000.0,-47318000000.0,2812000000.0,-1981000000.0,831000000.0,-51000000.0,-74000000.0,780000000,780000000,-131000000.0,649000000,-3000000.0,633000000,633000000,2434000000.0,18198000000.0,16121000000.0,39268000000.0,2411000000.0,16195000000.0,18606000000.0,57874000000,33924000000.0,3154000000.0,38174000000.0,5969000000.0,10534000000.0,48708000000,6040000000.0,-5780000000.0,9663000000.0,9166000000.0,57874000000,646000000.0,204000000.0,-80000000.0,-389000000.0,381000000.0,-95000000.0,-2133000000.0,-2273000000.0,-63000000.0,1019000000.0,-1988000000.0,-1031000000.0,-3030000000,2016-12-30,141.47000122070312,142.25999450683594,140.10000610351562,140.44999694824222,134.14213562011722,1204700.0
2017-03-31,48713000000.0,-45917000000.0,2796000000.0,-1986000000.0,810000000.0,-65000000.0,-77000000.0,745000000,4674000000,-1044000000.0,3630000000,-7000000.0,3588000000,3588000000,2783000000.0,18215000000.0,15278000000.0,36948000000.0,2292000000.0,17666000000.0,24021000000.0,60969000000,34026000000.0,1240000000.0,35612000000.0,7305000000.0,12755000000.0,48367000000,6031000000.0,-5982000000.0,13189000000.0,12602000000.0,60969000000,3623000000.0,247000000.0,-3934000000.0,1499000000.0,1435000000.0,-158000000.0,1371000000.0,-177000000.0,-61000000.0,-613000000.0,-220000000.0,-924000000.0,349000000,2017-03-31,148.91000366210938,149.22999572753906,147.6699981689453,148.25999450683594,141.86465454101562,1733600.0
2017-06-30,51051000000.0,-48491000000.0,2560000000.0,-1927000000.0,633000000.0,-175000000.0,-68000000.0,458000000,458000000,-95000000.0,363000000,2000000.0,309000000,309000000,2339000000.0,19132000000.0,15498000000.0,37697000000.0,2349000000.0,17915000000.0,24119000000.0,61816000000,34992000000.0,528000000.0,35799000000.0,7424000000.0,13110000000.0,48909000000,6083000000.0,-6282000000.0,13442000000.0,12907000000.0,61816000000,365000000.0,227000000.0,153000000.0,-4000000.0,741000000.0,-75000000.0,-1482000000.0,-129000000.0,-62000000.0,-722000000.0,-273000000.0,-1131000000.0,-444000000,2017-06-30,164.49000549316406,165.32000732421875,163.27000427246094,164.5399932861328,157.7132110595703,1235200.0
2017-12-31,53617000000.0,-50902000000.0,2715000000.0,-1984000000.0,731000000.0,-137000000.0,-67000000.0,594000000,697000000,263000000.0,960000000,1000000.0,903000000,903000000,2619000000.0,20015000000.0,17103000000.0,40195000000.0,2401000000.0,17913000000.0,24018000000.0,64213000000,36304000000.0,1280000000.0,37652000000.0,7514000000.0,13153000000.0,50805000000,6256000000.0,-6997000000.0,14202000000.0,13408000000.0,64213000000,961000000.0,234000000.0,-124000000.0,-1089000000.0,-18000000.0,-105000000.0,60000000.0,-87000000.0,-71000000.0,445000000.0,-219000000.0,125000000.0,54000000,2017-12-29,158.27999877929688,158.35000610351562,155.85000610351562,155.9499969482422,150.1703643798828,641700.0
2018-03-31,51628000000.0,-48553000000.0,3075000000.0,-2343000000.0,732000000.0,-28000000.0,-79000000.0,704000000,-1094000000,7000000.0,-1087000000,2000000.0,-1146000000,-1146000000,2672000000.0,17711000000.0,16310000000.0,37136000000.0,2464000000.0,17053000000.0,23245000000.0,60381000000,35556000000.0,1129000000.0,36685000000.0,6751000000.0,12179000000.0,48864000000,6191000000.0,-7655000000.0,12986000000.0,11517000000.0,60381000000,-1085000000.0,254000000.0,1652000000.0,2203000000.0,3024000000.0,-136000000.0,-995000000.0,430000000.0,-70000000.0,-969000000.0,-740000000.0,-1937000000.0,1524000000,2018-03-29,141.08999633789062,141.9600067138672,140.19000244140622,140.8699951171875,135.94999694824222,1560400.0
2018-06-30,52607000000.0,-49828000000.0,2779000000.0,-2127000000.0,652000000.0,-77000000.0,-61000000.0,575000000,6000000,-87000000.0,-81000000,1000000.0,-138000000,-138000000,2199000000.0,19093000000.0,16364000000.0,38214000000.0,2483000000.0,16913000000.0,23068000000.0,61282000000,35188000000.0,3160000000.0,38348000000.0,6592000000.0,11864000000.0,50212000000,6375000000.0,-8098000000.0,12932000000.0,11070000000.0,61282000000,-80000000.0,235000000.0,566000000.0,-1782000000.0,-1061000000.0,-101000000.0,-826000000.0,-875000000.0,-71000000.0,2029000000.0,-285000000.0,1541000000.0,-473000000,2018-06-29,135.89999389648438,136.25999450683594,132.83999633789062,133.39999389648438,129.04466247558594,2260200.0
2018-09-30,53075000000.0,-50271000000.0,2804000000.0,-2033000000.0,771000000.0,-102000000.0,-66000000.0,669000000,587000000,-35000000.0,552000000,1000000.0,499000000,499000000,2118000000.0,19213000000.0,16671000000.0,38544000000.0,2488000000.0,16780000000.0,22877000000.0,61421000000,36343000000.0,2520000000.0,38863000000.0,6568000000.0,11607000000.0,50470000000,6414000000.0,-8678000000.0,13354000000.0,10951000000.0,61421000000,553000000.0,240000000.0,-24000000.0,610000000.0,1379000000.0,-77000000.0,32000000.0,-108000000.0,-68000000.0,-641000000.0,-565000000.0,-1343000000.0,-81000000,2018-09-28,131.5,133.41000366210938,130.91999816894528,132.64999389648438,128.70533752441406,1168500.0
2018-12-31,56208000000.0,-53238000000.0,2970000000.0,-2156000000.0,814000000.0,-33000000.0,-67000000.0,781000000,650000000,-123000000.0,527000000,-1000000.0,469000000,469000000,1849000000.0,18932000000.0,16951000000.0,38319000000.0,2503000000.0,16623000000.0,22692000000.0,61011000000,35256000000.0,2168000000.0,37424000000.0,7616000000.0,12792000000.0,50216000000,6324000000.0,-8587000000.0,13276000000.0,10795000000.0,61011000000,526000000.0,239000000.0,132000000.0,-1074000000.0,-177000000.0,-131000000.0,9000000.0,-168000000.0,-77000000.0,743000000.0,-492000000.0,119000000.0,-269000000,2018-12-31,110.37000274658205,111.2699966430664,109.54000091552734,110.47000122070312,107.51506042480469,962300.0
2019-03-31,52429000000.0,-49228000000.0,3201000000.0,-2121000000.0,1080000000.0,-64000000.0,-70000000.0,1016000000,-633000000,-111000000.0,-744000000,0.0,-796000000,-796000000,2981000000.0,18246000000.0,16709000000.0,38465000000.0,2548000000.0,15146000000.0,21207000000.0,59672000000,37296000000.0,330000000.0,37626000000.0,7265000000.0,12364000000.0,49990000000,6438000000.0,-8902000000.0,12409000000.0,9682000000.0,59672000000,-744000000.0,235000000.0,1544000000.0,2860000000.0,3895000000.0,-117000000.0,-19000000.0,-230000000.0,-76000000.0,-2072000000.0,1342000000.0,-2544000000.0,1132000000,2019-03-29,116.0199966430664,117.25,115.19000244140624,117.05999755859376,114.27855682373048,1115900.0
2019-06-30,55728000000.0,-52941000000.0,2787000000.0,-2130000000.0,657000000.0,-15000000.0,-56000000.0,642000000,619000000,-136000000.0,483000000,-6000000.0,423000000,423000000,1947000000.0,19287000000.0,16604000000.0,38428000000.0,2466000000.0,17169000000.0,23252000000.0,61680000000,37269000000.0,310000000.0,37952000000.0,7382000000.0,14260000000.0,52212000000,6486000000.0,-9603000000.0,12770000000.0,9468000000.0,61680000000,477000000.0,229000000.0,107000000.0,-864000000.0,-51000000.0,-87000000.0,-46000000.0,-129000000.0,-75000000.0,0.0,-679000000.0,-872000000.0,-1034000000,2019-06-28,133.83999633789062,134.96000671386722,132.72999572753906,134.38999938964844,131.61123657226562,3192300.0
2019-09-30,57616000000.0,-54749000000.0,2867000000.0,-2196000000.0,671000000.0,-1596000000.0,-64000000.0,-925000000,-970000000,294000000.0,-676000000,-1000000.0,-730000000,-730000000,1356000000.0,18984000000.0,16356000000.0,37353000000.0,2493000000.0,16981000000.0,21641000000.0,58994000000,35932000000.0,851000000.0,37145000000.0,7342000000.0,13771000000.0,50916000000,6576000000.0,-10353000000.0,11965000000.0,8078000000.0,58994000000,-677000000.0,234000000.0,1631000000.0,-1296000000.0,-108000000.0,-39000000.0,-46000000.0,-156000000.0,-73000000.0,543000000.0,-695000000.0,-331000000.0,-591000000,2019-09-30,135.0,137.99000549316406,134.97000122070312,136.66000366210938,134.23324584960938,1905900.0
2019-12-31,59172000000.0,-56139000000.0,3033000000.0,-2535000000.0,498000000.0,-66000000.0,-64000000.0,432000000,294000000,-47000000.0,247000000,-5000000.0,186000000,186000000,2065000000.0,18831000000.0,17020000000.0,39390000000.0,2408000000.0,16932000000.0,21483000000.0,60873000000,36103000000.0,3116000000.0,40055000000.0,6734000000.0,13034000000.0,53089000000,6617000000.0,-10853000000.0,12075000000.0,7784000000.0,60873000000,242000000.0,228000000.0,170000000.0,-761000000.0,-121000000.0,-116000000.0,1000000.0,-124000000.0,-74000000.0,1647000000.0,1374000000.0,949000000.0,709000000,2019-12-31,136.69999694824222,138.39999389648438,136.30000305175778,138.32000732421878,136.24560546875,626700.0
