Report Date,Revenue,Cost of Revenue,Gross Profit,Operating Expenses,"Selling, General & Administrative",Operating Income (Loss),Non-Operating Income (Loss),"Interest Expense, Net","Pretax Income (Loss), Adj.",Abnormal Gains (Losses),Pretax Income (Loss),"Income Tax (Expense) Benefit, Net",Income (Loss) from Continuing Operations,Net Extraordinary Gains (Losses),Net Income,Net Income (Common),"Cash, Cash Equivalents & Short Term Investments",Accounts & Notes Receivable,Inventories,Total Current Assets,"Property, Plant & Equipment, Net",Other Long Term Assets,Total Noncurrent Assets,Total Assets,Payables & Accruals,Short Term Debt,Total Current Liabilities,Long Term Debt,Total Noncurrent Liabilities,Total Liabilities,Share Capital & Additional Paid-In Capital,Retained Earnings,Total Equity,Total Liabilities & Equity,Net Income/Starting Line,Depreciation & Amortization.1,Non-Cash Items,Change in Working Capital,Change in Accounts Receivable,Change in Inventories,Change in Accounts Payable,Change in Other,Net Cash from Operating Activities,Change in Fixed Assets & Intangibles,Net Cash from Acquisitions & Divestitures,Net Cash from Investing Activities,Dividends Paid,Cash from (Repayment of) Debt,Net Cash from Financing Activities,Net Change in Cash,Price Date,Open,High,Low,Close,Adj Close,Volume
2010-12-31,1860300000.0,-1172700000.0,687600000.0,-140000000.0,-113700000.0,547600000.0,-13400000.0,-12800000.0,534200000,-5800000.0,528400000,-138800000.0,389600000,6900000.0,396100000,396100000,2523000000.0,614800000.0,1002300000.0,4974800000.0,5465600000.0,2267300000.0,7732900000.0,12707700000,1172200000.0,98300000.0,1303900000.0,1245600000.0,2655400000.0,3959300000,2527500000.0,5905300000.0,8748400000.0,12707700000,396500000.0,112400000.0,2600000.0,20600000.0,-21000000.0,-80000000.0,52200000.0,69400000.0,532100000.0,-275000000.0,4700000.0,-270900000.0,-22300000.0,-17300000.0,-38400000.0,231200000,2010-12-31,75.98999786376953,76.58999633789062,75.30999755859375,76.36000061035156,64.25749206542969,2303000.0
2011-03-31,2188300000.0,-1683600000.0,504700000.0,-94400000.0,-88100000.0,410300000.0,-5000000.0,-7000000.0,405300000,-600000.0,404700000,-109600000.0,295100000,3800000.0,297700000,297700000,2362700000.0,553900000.0,1045300000.0,4754800000.0,5658100000.0,2659000000.0,8317100000.0,13071900000,1256300000.0,88500000.0,1379100000.0,1244100000.0,2634100000.0,4013200000,2540900000.0,6180700000.0,9058700000.0,13071900000,298900000.0,104700000.0,2700000.0,149900000.0,41300000.0,-42300000.0,88700000.0,62200000.0,556200000.0,-294700000.0,-385300000.0,-681600000.0,-22300000.0,-10900000.0,-33000000.0,-160300000,2011-03-31,81.81999969482422,82.4000015258789,78.55000305175781,78.75,66.30955505371094,9012700.0
2011-06-30,2674800000.0,-1906500000.0,768300000.0,-110100000.0,-89300000.0,658200000.0,649100000.0,-5600000.0,1307300000,-300000.0,1307000000,-281300000.0,1025700000,1100000.0,1025600000,1025600000,3659400000.0,651000000.0,816900000.0,5524300000.0,5969000000.0,2706100000.0,8675100000.0,14199400000,1202900000.0,520800000.0,1770000000.0,788400000.0,2158600000.0,3928600000,2560500000.0,7184000000.0,10270800000.0,14199400000,1026800000.0,105700000.0,-667100000.0,66300000.0,-87600000.0,227700000.0,-41500000.0,-32300000.0,531700000.0,-291000000.0,0.0,740000000.0,-22300000.0,-24500000.0,-30200000.0,1296700000,2011-06-30,66.81999969482422,67.98000335693361,65.68000030517578,67.73000335693361,57.06763458251953,13155200.0
2011-09-30,2214300000.0,-1360700000.0,853600000.0,-82800000.0,-83600000.0,770800000.0,-31900000.0,-200000.0,738900000,-16100000.0,722800000,-175900000.0,546900000,-4300000.0,542100000,542100000,3352100000.0,777900000.0,1133600000.0,5693600000.0,6330300000.0,2675200000.0,9005500000.0,14699100000,1362700000.0,124500000.0,1534500000.0,762200000.0,2155000000.0,3689500000,2577000000.0,7703700000.0,11009600000.0,14699100000,542600000.0,114100000.0,61300000.0,-352100000.0,-137600000.0,-314900000.0,145000000.0,-44600000.0,365900000.0,-311600000.0,50000000.0,-271600000.0,-22400000.0,-423000000.0,-452400000.0,-307300000,2011-09-30,53.13999938964844,53.13999938964844,48.4900016784668,48.97000122070313,41.28984451293945,18896100.0
2011-12-31,2860400000.0,-1865200000.0,995200000.0,-170300000.0,-111500000.0,824900000.0,12000000.0,7700000.0,836900000,-100000.0,836800000,-186000000.0,650800000,-5600000.0,649200000,649200000,3906400000.0,926000000.0,1266400000.0,6684900000.0,6635900000.0,2466100000.0,9102000000.0,15786900000,1784700000.0,71600000.0,1928500000.0,761300000.0,2196500000.0,4125000000,2600800000.0,8330600000.0,11661900000.0,15786900000,645200000.0,122900000.0,177500000.0,27300000.0,-113400000.0,-115200000.0,277500000.0,-21600000.0,972900000.0,-365900000.0,6400000.0,-358900000.0,-22300000.0,-53700000.0,-69400000.0,554300000,2011-12-30,50.2599983215332,50.93000030517578,50.25,50.43000030517578,42.55719375610352,2213600.0
2012-09-30,2645700000.0,-1871100000.0,774600000.0,-130900000.0,-114800000.0,643700000.0,-22200000.0,5100000.0,621500000,-600000.0,620900000,-189000000.0,431900000,-12900000.0,417400000,417400000,3201900000.0,656300000.0,1327300000.0,5930400000.0,7379500000.0,2626800000.0,10006300000.0,15936700000,1458400000.0,82700000.0,1614800000.0,1010600000.0,2491600000.0,4106400000,1459300000.0,9687400000.0,11830300000.0,15936700000,419000000.0,140600000.0,2200000.0,-218000000.0,-81000000.0,-213100000.0,20300000.0,55800000.0,343800000.0,-384600000.0,0.0,-375500000.0,-106600000.0,4600000.0,-102900000.0,-107700000,2012-09-28,57.56000137329102,57.88999938964844,57.06000137329102,57.61000061035156,48.98482131958008,3335100.0
2012-12-31,2364300000.0,-1783300000.0,581000000.0,-140200000.0,-93600000.0,440800000.0,-800000.0,4400000.0,440000000,-17100000.0,422900000,-86600000.0,336300000,23500000.0,363200000,363200000,3811000000.0,751600000.0,1237600000.0,6581100000.0,7545900000.0,2563400000.0,10109300000.0,16690400000,1812300000.0,43000000.0,1917700000.0,1010000000.0,2773300000.0,4691000000,1463800000.0,10141300000.0,11999400000.0,16690400000,506900000.0,139700000.0,209000000.0,373700000.0,-120900000.0,72700000.0,306700000.0,115200000.0,1229300000.0,-449000000.0,0.0,-445600000.0,-53400000.0,-39200000.0,-92000000.0,609100000,2012-12-31,55.04999923706055,56.79999923706055,54.79999923706055,56.63000106811523,48.3807258605957,4026100.0
2013-03-31,2312400000.0,-1670600000.0,641800000.0,-150700000.0,-91900000.0,491100000.0,20600000.0,3700000.0,511700000,-400000.0,511300000,-133700000.0,377600000,2300000.0,379800000,379800000,3594800000.0,732000000.0,1484400000.0,6540900000.0,7944300000.0,2584900000.0,10529200000.0,17070100000,1596900000.0,18200000.0,1676100000.0,1010900000.0,2814200000.0,4490300000,1480600000.0,10464100000.0,12579800000.0,17070100000,379900000.0,155000000.0,42700000.0,1800000.0,-73500000.0,16700000.0,141000000.0,-82400000.0,579400000.0,-367500000.0,-15000000.0,-378500000.0,-106400000.0,19400000.0,-84800000.0,106100000,2013-03-28,59.4900016784668,60.209999084472656,58.290000915527344,59.61000061035156,51.13623809814453,6380300.0
2013-06-30,2618700000.0,-1953400000.0,665300000.0,-139600000.0,-116100000.0,525700000.0,22600000.0,400000.0,548300000,2800000.0,551100000,-126300000.0,424800000,5200000.0,429800000,429800000,3420700000.0,797500000.0,1518500000.0,6533100000.0,8246100000.0,2661500000.0,10907600000.0,17440700000,1559500000.0,21900000.0,1647400000.0,1010600000.0,2692500000.0,4339900000,1485100000.0,10986200000.0,13100800000.0,17440700000,430000000.0,167700000.0,271600000.0,113000000.0,133400000.0,6100000.0,-9700000.0,-16800000.0,982300000.0,-374000000.0,-6800000.0,-381400000.0,-106800000.0,-48000000.0,-152300000.0,404100000,2013-06-28,53.75,54.43999862670898,53.29999923706055,53.81000137329102,46.34809112548828,5097800.0
2013-09-30,1908700000.0,-1521800000.0,386900000.0,-120000000.0,-94400000.0,266900000.0,-27800000.0,1800000.0,239100000,-122400000.0,116700000,6600000.0,123300000,2500000.0,124400000,124400000,3338600000.0,478700000.0,1495000000.0,6291300000.0,8513000000.0,2852300000.0,11365300000.0,17656600000,1200400000.0,15300000.0,1302300000.0,1011500000.0,2803200000.0,4105500000,1512100000.0,11707600000.0,13551100000.0,17656600000,125800000.0,166100000.0,110000000.0,-446900000.0,131700000.0,-2500000.0,-325100000.0,-251000000.0,-45000000.0,-332500000.0,-134500000.0,-465700000.0,-106800000.0,16300000.0,-89500000.0,-576900000,2013-09-30,43.040000915527344,43.61000061035156,42.86999893188477,43.02000045776367,37.229270935058594,6809200.0
2013-12-31,3134300000.0,-2068100000.0,1066200000.0,-140300000.0,-124900000.0,925900000.0,-12500000.0,12900000.0,913400000,122000000.0,1035400000,-87600000.0,947800000,8300000.0,954700000,954700000,5293100000.0,543100000.0,1432900000.0,8105800000.0,8576600000.0,2871600000.0,11448200000.0,19554000000,1236500000.0,23000000.0,3265900000.0,3008900000.0,4967500000.0,8233400000,5900000.0,11182100000.0,11320600000.0,19554000000,956100000.0,116000000.0,-101500000.0,-606800000.0,-488300000.0,-335800000.0,30600000.0,186700000.0,363800000.0,-514300000.0,141300000.0,-364200000.0,-106600000.0,38700000.0,-64200000.0,-47200000,2013-12-31,47.0,47.29999923706055,46.91999816894531,47.27000045776367,41.123779296875,1624900.0
2014-03-31,1986200000.0,-1574600000.0,411600000.0,-145000000.0,-120000000.0,266600000.0,-43300000.0,-26700000.0,223300000,-4900000.0,218400000,2600000.0,221000000,-3300000.0,217500000,217500000,2490700000.0,597400000.0,1606600000.0,5355400000.0,9551900000.0,3205000000.0,12756900000.0,18112300000,1346000000.0,41700000.0,2163300000.0,3009100000.0,5097900000.0,7261200000,36100000.0,10916700000.0,10850900000.0,18112100000,217700000.0,174300000.0,61700000.0,173300000.0,-84900000.0,-27300000.0,164000000.0,121500000.0,627000000.0,-274900000.0,-1359400000.0,-1634300000.0,-99700000.0,7400000.0,-1770300000.0,-2802400000,2014-03-31,49.36999893188477,50.06999969482422,49.04999923706055,50.0,43.72196960449219,3415700.0
2014-06-30,2440200000.0,-1919100000.0,521100000.0,-117900000.0,-87500000.0,403200000.0,-68800000.0,-24600000.0,334400000,-1300000.0,333100000,-82700000.0,250400000,-2200000.0,248400000,248400000,2367000000.0,604200000.0,1579600000.0,5188400000.0,9694500000.0,3410600000.0,13105100000.0,18293500000,1582400000.0,13300000.0,1922300000.0,3012900000.0,5106600000.0,7028900000,46100000.0,11069200000.0,11264600000.0,18293500000,248200000.0,229900000.0,-37200000.0,355400000.0,14800000.0,-8900000.0,273600000.0,75900000.0,796300000.0,-214000000.0,-143800000.0,-360300000.0,-95100000.0,-25400000.0,-574500000.0,-123700000,2014-06-30,49.86999893188477,49.88999938964844,49.4000015258789,49.45000076293945,43.45901870727539,3088200.0
2014-09-30,2250700000.0,-1836000000.0,414700000.0,-102100000.0,-83900000.0,312600000.0,7200000.0,-25200000.0,319800000,-35200000.0,284600000,-77600000.0,207000000,-4100000.0,201900000,201900000,2970600000.0,573900000.0,1471500000.0,5658500000.0,9413700000.0,3383300000.0,12797000000.0,18455500000,1488700000.0,41400000.0,1549600000.0,3774200000.0,5943400000.0,7493000000,4200000.0,11153200000.0,10962500000.0,18455500000,202900000.0,193700000.0,75700000.0,-115800000.0,6100000.0,74500000.0,-229600000.0,33200000.0,356500000.0,-188400000.0,30400000.0,-158100000.0,-93800000.0,790300000.0,455400000.0,603600000,2014-09-30,44.61000061035156,44.84000015258789,44.09000015258789,44.40999984741211,39.23500061035156,5026700.0
2014-12-31,2378700000.0,-1799500000.0,579200000.0,-140800000.0,-91000000.0,438400000.0,16200000.0,-31100000.0,454600000,-73400000.0,381200000,-27000000.0,354200000,7400000.0,360800000,360800000,2374600000.0,754400000.0,1718300000.0,5215500000.0,9313900000.0,3753600000.0,13067500000.0,18283000000,1542200000.0,54500000.0,1596700000.0,3778000000.0,5965700000.0,7562400000,7900000.0,11168900000.0,10720600000.0,18283000000,361600000.0,202000000.0,62000000.0,-283300000.0,-162500000.0,-168000000.0,-72000000.0,119200000.0,342300000.0,-251800000.0,-325800000.0,-586400000.0,-93900000.0,17400000.0,-279000000.0,-596000000,2014-12-31,46.15999984741211,46.25,45.63000106811523,45.6500015258789,40.55724716186523,1550300.0
2015-03-31,2139100000.0,-1719900000.0,419200000.0,-100700000.0,-100400000.0,318500000.0,13800000.0,-31300000.0,332300000,-5600000.0,326700000,-30700000.0,296000000,-1400000.0,294800000,294800000,2517400000.0,661400000.0,1523000000.0,5251600000.0,8899400000.0,3480900000.0,12380300000.0,17631900000,1569300000.0,51400000.0,1620700000.0,3775200000.0,5804500000.0,7425200000,16700000.0,11258500000.0,10206500000.0,17631700000,294600000.0,182800000.0,31800000.0,219700000.0,8000000.0,108500000.0,157400000.0,-54200000.0,728900000.0,-229500000.0,-3000000.0,-182900000.0,-91400000.0,-3900000.0,-300400000.0,142800000,2015-03-31,47.11000061035156,47.38999938964844,45.95000076293945,46.06000137329102,41.1135139465332,5448300.0
2015-06-30,2487500000.0,-1879600000.0,607900000.0,-97900000.0,-89300000.0,510000000.0,-39500000.0,-23500000.0,470500000,-7800000.0,462700000,-72600000.0,390100000,900000.0,390600000,390600000,2209900000.0,626600000.0,1612200000.0,5100100000.0,9041200000.0,3635600000.0,12676800000.0,17776900000,1798900000.0,84100000.0,1883000000.0,3761800000.0,5742100000.0,7625100000,12700000.0,11065400000.0,10151700000.0,17776800000,391000000.0,191100000.0,71300000.0,-50100000.0,37300000.0,-77900000.0,83400000.0,-92900000.0,603300000.0,-227400000.0,-122000000.0,-343400000.0,-98100000.0,19000000.0,-597400000.0,-307500000,2015-06-30,46.13000106811523,47.13000106811523,46.06000137329102,46.849998474121094,42.07374954223633,5539300.0
2015-09-30,2105500000.0,-1770200000.0,335300000.0,-89300000.0,-76600000.0,246000000.0,-72800000.0,-24200000.0,173200000,-1100000.0,172100000,-10100000.0,162000000,-1300000.0,160000000,160000000,1284900000.0,675100000.0,1549500000.0,4263000000.0,8734000000.0,4120900000.0,12854900000.0,17117900000,1811300000.0,60200000.0,1871500000.0,3738100000.0,5619400000.0,7490900000,4400000.0,11058500000.0,9626900000.0,17117800000,160700000.0,180900000.0,-6600000.0,-146500000.0,-104400000.0,-73400000.0,128000000.0,-96700000.0,188500000.0,-245300000.0,0.0,-822600000.0,-98300000.0,-62100000.0,-131000000.0,-925000000,2015-09-30,31.3700008392334,31.60000038146973,30.53000068664551,31.11000061035156,28.12785339355469,4274900.0
2015-12-31,2163200000.0,-1807700000.0,355500000.0,-151200000.0,-94900000.0,204300000.0,-59800000.0,-18800000.0,144500000,-2700000.0,141800000,14300000.0,156100000,-600000.0,155000000,155000000,1276300000.0,675000000.0,1563500000.0,4143400000.0,8721000000.0,4525100000.0,13246100000.0,17389500000,1979800000.0,67200000.0,2047000000.0,3769500000.0,5777500000.0,7824500000,9900000.0,11014800000.0,9565000000.0,17389500000,155500000.0,185000000.0,133400000.0,43700000.0,-1600000.0,-10900000.0,-106800000.0,163000000.0,517600000.0,-298100000.0,-96500000.0,230500000.0,-96900000.0,4600000.0,135400000.0,852100000,2015-12-31,28.059999465942386,28.29999923706055,27.53000068664551,27.59000015258789,25.163990020751953,4235800.0
2016-03-31,1674000000.0,-1437300000.0,236700000.0,-73300000.0,-89800000.0,163400000.0,61700000.0,-26100000.0,225100000,600000.0,225700000,28700000.0,254400000,2500000.0,256800000,256800000,1057700000.0,677200000.0,1566000000.0,3957100000.0,9020400000.0,4649600000.0,13670000000.0,17627100000,1730500000.0,83800000.0,1814300000.0,3774000000.0,5781800000.0,7596100000,16300000.0,11206100000.0,10031000000.0,17627100000,256900000.0,183700000.0,-67100000.0,-107600000.0,17100000.0,34300000.0,-137700000.0,-21300000.0,265900000.0,-235600000.0,-38500000.0,-273800000.0,-96200000.0,14900000.0,-280000000.0,-218200000,2016-03-31,28.15999984741211,28.309999465942386,26.8799991607666,27.0,24.882631301879893,6785800.0
2016-06-30,1674600000.0,-1520600000.0,154000000.0,-141700000.0,-72900000.0,12300000.0,-18800000.0,-33500000.0,-6500000,-700000.0,-7200000,9800000.0,2600000,-13700000.0,-10200000,-10200000,1059300000.0,399600000.0,1702100000.0,3792500000.0,9197500000.0,4694800000.0,13892300000.0,17684800000,1806400000.0,96300000.0,1902700000.0,3772600000.0,5787900000.0,7690600000,23000000.0,11103000000.0,9994200000.0,17684800000,-11000000.0,189300000.0,28700000.0,376500000.0,239900000.0,-70900000.0,148800000.0,58700000.0,583500000.0,-201700000.0,-151500000.0,-350800000.0,-96200000.0,12300000.0,-242500000.0,7300000,2016-06-30,25.709999084472656,26.790000915527344,25.209999084472656,26.18000030517578,24.38800048828125,7548800.0
2016-09-30,1952200000.0,-1738900000.0,213300000.0,-143600000.0,-66900000.0,69700000.0,-57900000.0,-25500000.0,11800000,500000.0,12300000,30100000.0,42400000,-1700000.0,39200000,39200000,653500000.0,512400000.0,1500100000.0,3449200000.0,9230600000.0,4583400000.0,13814000000.0,17263200000,1513000000.0,426400000.0,1939400000.0,3450300000.0,5449500000.0,7388900000,22800000.0,11045400000.0,9874300000.0,17263200000,40700000.0,172700000.0,-28000000.0,-97100000.0,-134900000.0,195100000.0,-173800000.0,16500000.0,88300000.0,-196400000.0,-184000000.0,-975300000.0,-96400000.0,-42000000.0,-111600000.0,-1006600000,2016-09-30,24.399999618530273,24.63999938964844,24.149999618530273,24.459999084472656,23.00021171569824,5645900.0
2016-12-31,1862000000.0,-1656000000.0,206000000.0,-132400000.0,-74600000.0,73600000.0,-57300000.0,-27300000.0,16300000,-4700000.0,11600000,5600000.0,17200000,-2500000.0,12000000,12000000,673100000.0,627800000.0,1391100000.0,3057700000.0,9198500000.0,4584500000.0,13783000000.0,16840700000,1437900000.0,38900000.0,1476800000.0,3779300000.0,5741400000.0,7218200000,33400000.0,10863400000.0,9622500000.0,16840700000,14600000.0,165500000.0,5900000.0,136500000.0,-118600000.0,104500000.0,-81200000.0,231800000.0,322500000.0,-209400000.0,-38100000.0,-266100000.0,-96300000.0,-58600000.0,-254500000.0,-208100000,2016-12-30,29.38999938964844,29.790000915527344,29.10000038146973,29.32999992370605,27.85969352722168,2879900.0
2017-03-31,1578100000.0,-1448500000.0,129600000.0,-99500000.0,-80900000.0,30100000.0,-16900000.0,-25800000.0,13200000,-4500000.0,8700000,-9700000.0,-1000000,-100000.0,-900000,-900000,675300000.0,577800000.0,1533700000.0,3216200000.0,9295000000.0,4585200000.0,13880200000.0,17096400000,1468400000.0,165000000.0,1633400000.0,3786600000.0,5802500000.0,7435900000,31100000.0,10861000000.0,9660500000.0,17096400000,-1100000.0,158800000.0,92300000.0,-104000000.0,45700000.0,-133300000.0,38600000.0,-55000000.0,146000000.0,-223800000.0,-25000000.0,-245600000.0,-96400000.0,128200000.0,102200000.0,5600000,2017-03-31,29.239999771118164,29.479999542236328,28.93000030517578,29.18000030517578,27.96100425720215,4223400.0
2017-06-30,1754600000.0,-1562300000.0,192300000.0,-97700000.0,-71200000.0,94600000.0,-27300000.0,-36400000.0,67300000,1400000.0,68700000,22600000.0,91300000,5800000.0,97300000,97300000,660600000.0,548000000.0,1683500000.0,3337200000.0,9434900000.0,4672300000.0,14107200000.0,17444400000,1764200000.0,107800000.0,1872000000.0,3799700000.0,5777800000.0,7649800000,37800000.0,10905400000.0,9794600000.0,17444400000,97100000.0,165900000.0,-23100000.0,2900000.0,5700000.0,-172400000.0,180600000.0,-11000000.0,242800000.0,-168500000.0,-13900000.0,-177000000.0,-52700000.0,-51900000.0,-85300000.0,-18000000,2017-06-30,22.729999542236328,22.959999084472656,22.54999923706055,22.82999992370605,22.018882751464844,2562700.0
2017-09-30,1984800000.0,-1744000000.0,240800000.0,-26900000.0,-66100000.0,213900000.0,22400000.0,-36200000.0,236300000,1100000.0,237400000,-17600000.0,219800000,9800000.0,227500000,227500000,685700000.0,592300000.0,1666200000.0,3375500000.0,9696300000.0,4731300000.0,14427600000.0,17803100000,1705000000.0,192800000.0,1897800000.0,3722300000.0,5749800000.0,7647600000,43300000.0,11079800000.0,10155500000.0,17803100000,229600000.0,168800000.0,-30700000.0,-232200000.0,-58200000.0,51100000.0,-257600000.0,32500000.0,135500000.0,-128500000.0,-71300000.0,-220700000.0,-52700000.0,3900000.0,94300000.0,27400000,2017-09-29,21.299999237060547,21.600000381469727,21.170000076293945,21.59000015258789,20.98469352722168,2792500.0
2018-03-31,1933700000.0,-1691600000.0,242100000.0,-161400000.0,-93600000.0,80700000.0,-81600000.0,-49400000.0,-900000,-5600000.0,-6500000,49900000.0,43400000,-3300000.0,42300000,42300000,659400000.0,708400000.0,2059000000.0,3841400000.0,11865300000.0,4745600000.0,16610900000.0,20452300000,1897900000.0,322600000.0,2220500000.0,4823100000.0,7552100000.0,9772600000,981000000.0,10675600000.0,10679700000.0,20452300000,40100000.0,217500000.0,-39300000.0,-289300000.0,62500000.0,-147600000.0,-74900000.0,-129300000.0,-71000000.0,-222100000.0,-993300000.0,-1220400000.0,-9600000.0,-141600000.0,-213300000.0,-1491300000,2018-03-29,23.709999084472656,24.440000534057607,23.70000076293945,24.28000068664551,23.646095275878906,4857400.0
2018-06-30,2205000000.0,-1910400000.0,294600000.0,-98300000.0,-79300000.0,196300000.0,-123800000.0,-45100000.0,72500000,-2400000.0,70100000,-3700000.0,66400000,1700000.0,67900000,67900000,1035300000.0,624900000.0,2168300000.0,4170400000.0,11559600000.0,4668000000.0,16227600000.0,20398000000,2313500000.0,281400000.0,2594900000.0,4736500000.0,7387400000.0,9982300000,985500000.0,10734100000.0,10415700000.0,20398000000,68100000.0,216800000.0,-20100000.0,542200000.0,69700000.0,-222000000.0,592000000.0,102500000.0,807000000.0,-202300000.0,4400000.0,-196700000.0,-9600000.0,-114800000.0,-169900000.0,375400000,2018-06-29,28.54999923706055,28.81999969482422,28.03000068664551,28.04999923706055,27.342193603515625,3925000.0
2018-09-30,2928100000.0,-2432600000.0,495500000.0,-102200000.0,-78500000.0,393300000.0,-43100000.0,-40900000.0,350200000,-7600000.0,342600000,-90600000.0,252000000,-2300000.0,247500000,247500000,1029900000.0,834900000.0,1957100000.0,4178000000.0,11891600000.0,4345100000.0,16236700000.0,20414700000,2415500000.0,86900000.0,2502400000.0,4523100000.0,7259000000.0,9761400000,987600000.0,10971700000.0,10653300000.0,20414700000,249700000.0,214500000.0,109100000.0,-49500000.0,-163800000.0,171500000.0,-50600000.0,-6600000.0,523800000.0,-231700000.0,0.0,-243800000.0,-9700000.0,-401600000.0,-296400000.0,-27600000,2018-09-28,32.290000915527344,32.650001525878906,32.06999969482422,32.47999954223633,31.68610191345215,3317400.0
2018-12-31,2520500000.0,-2054300000.0,466200000.0,-208200000.0,-89700000.0,258000000.0,-109500000.0,-30700000.0,148500000,-3200000.0,145300000,-32700000.0,112600000,-600000.0,112300000,112300000,847700000.0,838500000.0,2270200000.0,4237000000.0,11746500000.0,4135700000.0,15882200000.0,20119200000,2446200000.0,37500000.0,2483700000.0,4491500000.0,7030800000.0,9514500000,989700000.0,11064700000.0,10604700000.0,20119200000,112000000.0,235100000.0,28000000.0,-225100000.0,37500000.0,-299300000.0,-124500000.0,161200000.0,150000000.0,-298400000.0,14700000.0,-283800000.0,-9600000.0,-94900000.0,-45200000.0,-179900000,2018-12-31,28.989999771118164,29.32999992370605,28.84000015258789,29.209999084472656,28.51623916625977,2059200.0
2019-09-30,2753400000.0,-2473500000.0,279900000.0,-156000000.0,-78200000.0,123900000.0,-97000000.0,-43200000.0,26900000,25300000.0,52200000,-69200000.0,-17000000,-23000000.0,-44100000,-44100000,641100000.0,801400000.0,2294300000.0,4125300000.0,11943400000.0,4371400000.0,16314800000.0,20440100000,2593600000.0,130900000.0,2724500000.0,4533200000.0,7404400000.0,10128900000,885100000.0,10880700000.0,10311200000.0,20440100000,-40000000.0,210800000.0,132500000.0,182700000.0,-134700000.0,314500000.0,1300000.0,1600000.0,486000000.0,-322300000.0,0.0,-326500000.0,-19300000.0,-13700000.0,105200000.0,240500000,2019-09-30,20.229999542236328,20.6200008392334,19.950000762939453,20.5,20.130205154418945,3342800.0
