Report Date,Revenue,Cost of Revenue,Gross Profit,Operating Expenses,"Selling, General & Administrative",Research & Development,Operating Income (Loss),Non-Operating Income (Loss),"Pretax Income (Loss), Adj.",Pretax Income (Loss),"Income Tax (Expense) Benefit, Net",Income (Loss) from Continuing Operations,Net Income,Net Income (Common),"Cash, Cash Equivalents & Short Term Investments",Accounts & Notes Receivable,Inventories,Total Current Assets,"Property, Plant & Equipment, Net",Long Term Investments & Receivables,Other Long Term Assets,Total Noncurrent Assets,Total Assets,Payables & Accruals,Total Current Liabilities,Total Noncurrent Liabilities,Total Liabilities,Share Capital & Additional Paid-In Capital,Retained Earnings,Total Equity,Total Liabilities & Equity,Net Income/Starting Line,Depreciation & Amortization.1,Non-Cash Items,Change in Working Capital,Net Cash from Operating Activities,Change in Fixed Assets & Intangibles,Net Cash from Investing Activities,Cash from (Repurchase of) Equity,Net Cash from Financing Activities,Net Change in Cash,Price Date,Open,High,Low,Close,Adj Close,Volume
2011-06-30,51628000.0,-25070000.0,26558000.0,-22519000.0,-10343000.0,-11237000.0,4039000.0,24000.0,4063000,4063000,-581000.0,3482000,3482000,3482000,163326000.0,17589000.0,24715000.0,207774000.0,37433000.0,17220000.0,733000.0,55386000.0,263160000,18971000.0,31009000.0,5021000.0,36030000,152129000.0,72022000.0,227130000.0,263160000,3482000.0,2105000.0,4134000.0,3563000.0,13284000.0,-2215000.0,34035000.0,-24027000.0,-23988000.0,23623000,2011-06-30,15.100000381469727,15.5600004196167,15.050000190734865,15.420000076293945,13.642471313476562,342600.0
2011-09-30,52962000.0,-25148000.0,27814000.0,-22763000.0,-10249000.0,-11792000.0,5051000.0,3000.0,5054000,5054000,419000.0,5473000,5473000,5473000,160831000.0,16420000.0,23558000.0,203126000.0,47608000.0,15720000.0,708000.0,64036000.0,267162000,16140000.0,25089000.0,5020000.0,30109000,156164000.0,77495000.0,237053000.0,267162000,5473000.0,2175000.0,3814000.0,-2557000.0,8905000.0,-13524000.0,-14179000.0,917000.0,588000.0,-4713000,2011-09-30,10.390000343322754,10.670000076293944,10.15999984741211,10.18000030517578,9.006507873535156,167600.0
2011-12-31,47461000.0,-22544000.0,24917000.0,-22506000.0,-10198000.0,-11403000.0,2411000.0,99000.0,2510000,2510000,-57000.0,2453000,2453000,2453000,174198000.0,15097000.0,20104000.0,211505000.0,47794000.0,13675000.0,893000.0,62362000.0,273867000,18225000.0,26070000.0,4920000.0,30990000,159336000.0,79948000.0,242877000.0,273867000,2453000.0,2182000.0,950000.0,7681000.0,13266000.0,-2227000.0,-10190000.0,363000.0,245000.0,3399000,2011-12-30,15.260000228881836,15.420000076293945,15.0600004196167,15.06999969482422,13.332818031311035,142800.0
2012-03-31,50484000.0,-24074000.0,26410000.0,-23212000.0,-11966000.0,-11118000.0,3198000.0,106000.0,3304000,3304000,-309000.0,2995000,2995000,2995000,180928000.0,19947000.0,21547000.0,225420000.0,51437000.0,13665000.0,658000.0,65760000.0,291180000,21319000.0,31469000.0,4930000.0,36399000,167773000.0,82943000.0,254781000.0,291180000,2995000.0,2184000.0,3964000.0,-2924000.0,6219000.0,-4875000.0,-29190000.0,5021000.0,5121000.0,-17640000,2012-03-30,19.76000022888184,19.899999618530273,19.239999771118164,19.670000076293945,17.402559280395508,305500.0
2012-06-30,58607000.0,-27435000.0,31172000.0,-24391000.0,-12167000.0,-12468000.0,6781000.0,359000.0,7140000,7140000,-548000.0,6592000,6592000,6592000,184657000.0,21415000.0,29455000.0,238151000.0,59584000.0,11714000.0,625000.0,71923000.0,310074000,28736000.0,35584000.0,5249000.0,40833000,175624000.0,89535000.0,269241000.0,310074000,6592000.0,2269000.0,4466000.0,-7254000.0,6073000.0,-8296000.0,-7137000.0,3356000.0,4023000.0,2913000,2012-06-29,19.82999992370605,20.01000022888184,19.56999969482422,19.850000381469727,17.561805725097653,313200.0
2012-09-30,56508000.0,-26495000.0,30013000.0,-23693000.0,-11955000.0,-11967000.0,6320000.0,156000.0,6476000,6476000,-555000.0,5921000,5921000,5921000,185526000.0,21561000.0,32623000.0,242568000.0,59883000.0,11756000.0,1062000.0,72701000.0,315269000,17364000.0,24864000.0,5341000.0,30205000,185583000.0,95456000.0,285064000.0,315269000,5921000.0,2413000.0,2245000.0,-9421000.0,1158000.0,-6010000.0,-10295000.0,5708000.0,5776000.0,-3397000,2012-09-28,19.86000061035156,19.96999931335449,19.6299991607666,19.75,17.473339080810547,211800.0
2012-12-31,48214000.0,-22661000.0,25553000.0,-24573000.0,-13930000.0,-13243000.0,980000.0,-10000.0,970000,970000,-722000.0,248000,248000,248000,160625000.0,19383000.0,32115000.0,214301000.0,59412000.0,11755000.0,1694000.0,72861000.0,287162000,17545000.0,23460000.0,5408000.0,28868000,194079000.0,60040000.0,258294000.0,287162000,248000.0,2466000.0,7395000.0,1353000.0,11462000.0,-1865000.0,19785000.0,1157000.0,-34473000.0,-3143000,2012-12-31,21.63999938964844,22.32999992370605,21.32999992370605,22.280000686645508,20.639301300048828,475000.0
2013-03-31,51470000.0,-24085000.0,27385000.0,-25080000.0,-13258000.0,-12123000.0,2305000.0,-10000.0,2295000,2295000,204000.0,2499000,2499000,2499000,175043000.0,22669000.0,34949000.0,234431000.0,62871000.0,11715000.0,1774000.0,76360000.0,310791000,20131000.0,27810000.0,6670000.0,34480000,209316000.0,62539000.0,276311000.0,310791000,2499000.0,2709000.0,4626000.0,-3130000.0,6704000.0,-3435000.0,250000.0,11006000.0,11138000.0,18183000,2013-03-28,24.190000534057607,24.420000076293945,23.95000076293945,24.3700008392334,22.575395584106445,339900.0
2013-06-30,57714000.0,-26786000.0,30928000.0,-26014000.0,-13793000.0,-12478000.0,4914000.0,218000.0,5132000,5132000,357000.0,5489000,5489000,5489000,189619000.0,20319000.0,40268000.0,251952000.0,67281000.0,11698000.0,1663000.0,80642000.0,332594000,25039000.0,32613000.0,6019000.0,38632000,220648000.0,68029000.0,293962000.0,332594000,5490000.0,3002000.0,5428000.0,1593000.0,15513000.0,-7366000.0,-13611000.0,6345000.0,6213000.0,8448000,2013-06-28,24.21999931335449,24.5,24.040000915527344,24.11000061035156,22.33453750610352,698100.0
2013-09-30,65347000.0,-30053000.0,35294000.0,-26638000.0,-13891000.0,-12643000.0,8656000.0,-59000.0,8597000,8597000,-1187000.0,7410000,7410000,7410000,204348000.0,21957000.0,42975000.0,270950000.0,67221000.0,9847000.0,2022000.0,79090000.0,350040000,17114000.0,26359000.0,6350000.0,32709000,235993000.0,75439000.0,317331000.0,350040000,7410000.0,3249000.0,5347000.0,-7985000.0,8021000.0,-4623000.0,-9021000.0,9475000.0,9475000.0,8711000,2013-09-30,29.88999938964844,30.28000068664551,29.53000068664551,30.28000068664551,28.05018424987793,340600.0
2013-12-31,63560000.0,-29266000.0,34294000.0,-26254000.0,-13682000.0,-12489000.0,8040000.0,-57000.0,7983000,7983000,-483000.0,7500000,7500000,7500000,226339000.0,23730000.0,39737000.0,292086000.0,64837000.0,9860000.0,2125000.0,76822000.0,368908000,21113000.0,38489000.0,7020000.0,45509000,234201000.0,82938000.0,323399000.0,368908000,7499000.0,3200000.0,5693000.0,14056000.0,30448000.0,-252000.0,-31942000.0,-7419000.0,-7976000.0,-9233000,2013-12-31,34.31999969482422,34.759998321533196,34.22999954223633,34.65999984741211,32.107635498046875,244700.0
2014-03-31,60061000.0,-27964000.0,32097000.0,-23012000.0,-16109000.0,-15603000.0,9085000.0,190000.0,9275000,9275000,-257000.0,9018000,9018000,9018000,228635000.0,22057000.0,39829000.0,293257000.0,65897000.0,9843000.0,5635000.0,81375000.0,374632000,22080000.0,30639000.0,9326000.0,39965000,237059000.0,91956000.0,334667000.0,374632000,9018000.0,3182000.0,7669000.0,-7884000.0,11985000.0,-4516000.0,-19241000.0,-4751000.0,-4751000.0,-12328000,2014-03-31,37.400001525878906,38.83000183105469,37.29999923706055,38.77000045776367,35.91497802734375,683800.0
2014-06-30,68436000.0,-31337000.0,37099000.0,-30495000.0,-16853000.0,-13368000.0,6604000.0,295000.0,6899000,6899000,-502000.0,6397000,6397000,6397000,240875000.0,21420000.0,41198000.0,306297000.0,64447000.0,9848000.0,6062000.0,80357000.0,386654000,26365000.0,41970000.0,10056000.0,52026000,236519000.0,92269000.0,334628000.0,386654000,6397000.0,3118000.0,8478000.0,7610000.0,25603000.0,-1442000.0,2831000.0,-9369000.0,-9619000.0,18978000,2014-06-30,41.900001525878906,42.79999923706055,41.900001525878906,42.349998474121094,39.372291564941406,405800.0
2014-09-30,78335000.0,-35872000.0,42463000.0,-32017000.0,-17006000.0,-14679000.0,10446000.0,202000.0,10648000,10648000,573000.0,11221000,11221000,11221000,228661000.0,24274000.0,41587000.0,297310000.0,63428000.0,9795000.0,22166000.0,95389000.0,392699000,21400000.0,36928000.0,14110000.0,51038000,238602000.0,97398000.0,341661000.0,392699000,11220000.0,3388000.0,8922000.0,-7521000.0,16009000.0,-1772000.0,-9724000.0,-6375000.0,-12192000.0,-6051000,2014-09-30,44.540000915527344,44.7599983215332,44.04999923706055,44.04999923706055,41.0919075012207,389000.0
2014-12-31,75703000.0,-34744000.0,40959000.0,-31794000.0,-16787000.0,-14940000.0,9165000.0,405000.0,9570000,9570000,-711000.0,8859000,8859000,8859000,238718000.0,25630000.0,40918000.0,307912000.0,62942000.0,5389000.0,23123000.0,91454000.0,399366000,22158000.0,36861000.0,16080000.0,52941000,240500000.0,100114000.0,346425000.0,399366000,8860000.0,3442000.0,8488000.0,-254000.0,20536000.0,-1781000.0,16767000.0,-6684000.0,-12665000.0,24454000,2014-12-31,49.86999893188477,50.36000061035156,49.4000015258789,49.7400016784668,46.5382080078125,234200.0
2015-03-31,73538000.0,-33855000.0,39683000.0,-33826000.0,-17518000.0,-16038000.0,5857000.0,642000.0,6499000,6499000,-536000.0,5963000,5963000,5963000,233757000.0,25343000.0,53396000.0,315223000.0,64256000.0,5394000.0,24757000.0,94407000.0,409630000,27266000.0,45892000.0,18286000.0,64178000,241737000.0,97619000.0,345452000.0,409630000,5963000.0,3621000.0,9114000.0,-3017000.0,15681000.0,-4703000.0,-32107000.0,-7992000.0,-13851000.0,-30300000,2015-03-31,53.11999893188477,53.2400016784668,52.52000045776367,52.6500015258789,49.45342254638672,327300.0
2015-06-30,81416000.0,-37287000.0,44129000.0,-34018000.0,-17964000.0,-15743000.0,10111000.0,235000.0,10346000,10346000,-2447000.0,7899000,7899000,7899000,231034000.0,26765000.0,64964000.0,325317000.0,62163000.0,5375000.0,24768000.0,92306000.0,417623000,27832000.0,46234000.0,16627000.0,62861000,251553000.0,97023000.0,354762000.0,417623000,7899000.0,3471000.0,7210000.0,-10912000.0,7668000.0,-1952000.0,-15024000.0,-2336000.0,-7821000.0,-15098000,2015-06-30,51.209999084472656,51.43999862670898,50.6500015258789,50.709999084472656,47.80889892578125,309400.0
2015-09-30,91194000.0,-41754000.0,49440000.0,-36130000.0,-18722000.0,-17272000.0,13310000.0,-6000.0,13304000,13304000,-2103000.0,11201000,11201000,11201000,229663000.0,30475000.0,67309000.0,329968000.0,60088000.0,5364000.0,24659000.0,90111000.0,420079000,29917000.0,48620000.0,17346000.0,65966000,251298000.0,99731000.0,354113000.0,420079000,11201000.0,3386000.0,9556000.0,-2093000.0,22050000.0,-1755000.0,-6360000.0,-12304000.0,-18742000.0,-4252000,2015-09-30,50.18000030517578,51.27999877929688,50.15999984741211,51.20000076293945,48.46279907226562,315000.0
2015-12-31,86919000.0,-40002000.0,46917000.0,-35125000.0,-18108000.0,-16734000.0,11792000.0,550000.0,12342000,12342000,-2233000.0,10109000,10109000,10109000,234963000.0,30830000.0,63209000.0,331928000.0,65359000.0,5361000.0,28637000.0,99357000.0,431285000,23299000.0,43283000.0,19486000.0,62769000,265763000.0,101287000.0,368516000.0,431285000,10109000.0,3305000.0,7547000.0,3376000.0,24337000.0,-7274000.0,-3706000.0,317000.0,-6238000.0,14244000,2015-12-31,64.54000091552734,64.87000274658203,63.540000915527344,63.709999084472656,60.49225234985352,269600.0
2016-03-31,84512000.0,-39002000.0,45510000.0,-35134000.0,-17768000.0,-17321000.0,10376000.0,543000.0,10919000,10919000,-344000.0,10575000,10575000,10575000,251501000.0,28836000.0,62318000.0,345564000.0,66527000.0,5353000.0,29668000.0,101548000.0,447112000,25283000.0,45323000.0,19803000.0,65126000,276450000.0,103362000.0,381986000.0,447112000,10575000.0,3320000.0,8917000.0,6058000.0,28870000.0,-5346000.0,-35826000.0,1749000.0,-6225000.0,-13052000,2016-03-31,62.38999938964844,64.12000274658203,61.93999862670898,63.63999938964844,60.62482833862305,366900.0
2016-06-30,94079000.0,-43153000.0,50926000.0,-39399000.0,-21531000.0,-17876000.0,11527000.0,597000.0,12124000,12124000,-926000.0,11198000,11198000,11198000,243864000.0,31351000.0,69919000.0,349114000.0,74293000.0,5294000.0,39940000.0,119527000.0,468641000,33256000.0,52111000.0,21390000.0,73501000,289129000.0,105883000.0,395140000.0,468641000,11198000.0,3553000.0,11274000.0,-11027000.0,14998000.0,-13332000.0,-2560000.0,576000.0,-7719000.0,4238000,2016-06-30,66.80999755859375,68.33999633789061,65.62999725341797,68.31999969482422,65.28936767578125,337100.0
2016-09-30,106456000.0,-48531000.0,57925000.0,-42924000.0,-22397000.0,-20472000.0,15001000.0,780000.0,15781000,15781000,-1408000.0,14373000,14373000,14373000,259063000.0,33335000.0,70692000.0,366810000.0,82097000.0,5382000.0,40567000.0,128046000.0,494856000,33643000.0,55516000.0,23042000.0,78558000,304700000.0,111535000.0,416298000.0,494856000,14373000.0,3669000.0,12564000.0,2313000.0,32919000.0,-10358000.0,714000.0,1329000.0,-6108000.0,27433000,2016-09-30,79.2699966430664,80.94000244140625,79.2699966430664,80.5,77.12574768066406,787400.0
2016-12-31,103618000.0,-47106000.0,56512000.0,-38969000.0,-21316000.0,-17974000.0,17543000.0,897000.0,18440000,18440000,-1866000.0,16574000,16574000,16574000,268224000.0,34248000.0,71469000.0,382984000.0,85171000.0,5354000.0,37617000.0,128142000.0,511126000,30005000.0,52921000.0,27089000.0,80010000,315969000.0,119362000.0,431116000.0,511126000,16574000.0,4132000.0,10583000.0,-290000.0,30999000.0,-8076000.0,-18054000.0,153000.0,-8075000.0,3221000,2016-12-30,83.30000305175781,83.30999755859375,81.36000061035156,81.93000030517578,78.68092346191406,250600.0
2017-03-31,100362000.0,-45520000.0,54842000.0,-41272000.0,-22092000.0,-18894000.0,13570000.0,1381000.0,14951000,14951000,-474000.0,14477000,14477000,14477000,278641000.0,38115000.0,78535000.0,406336000.0,85617000.0,5342000.0,39509000.0,130468000.0,536804000,33091000.0,56008000.0,29668000.0,85676000,334222000.0,119613000.0,451128000.0,536804000,14477000.0,4044000.0,11433000.0,-8062000.0,21892000.0,-3421000.0,-51243000.0,1443000.0,-6986000.0,-35877000,2017-03-31,91.75,92.6500015258789,90.91000366210938,92.0999984741211,88.63892364501953,226000.0
2017-06-30,112198000.0,-50773000.0,61425000.0,-46455000.0,-25873000.0,-20292000.0,14970000.0,1237000.0,16207000,16207000,-1193000.0,15014000,15014000,15014000,277671000.0,41982000.0,92666000.0,427213000.0,100562000.0,5348000.0,34923000.0,140833000.0,568046000,39793000.0,62786000.0,31467000.0,94253000,349447000.0,125726000.0,473793000.0,568046000,15013000.0,4019000.0,15095000.0,-9249000.0,24878000.0,-17107000.0,-22468000.0,68000.0,-8568000.0,-5709000,2017-06-30,97.22000122070312,97.9499969482422,96.33999633789062,96.4000015258789,92.96932983398438,238700.0
2017-09-30,128939000.0,-58083000.0,70856000.0,-47024000.0,-25255000.0,-21442000.0,23832000.0,1255000.0,25087000,25087000,-1445000.0,23642000,23642000,23642000,299598000.0,50757000.0,99887000.0,463802000.0,100629000.0,5368000.0,35214000.0,141211000.0,605013000,39289000.0,66168000.0,33322000.0,99490000,364726000.0,140455000.0,505523000.0,605013000,23642000.0,4029000.0,13823000.0,-7816000.0,33678000.0,-4580000.0,5883000.0,1319000.0,-7130000.0,33312000,2017-09-29,106.5199966430664,107.0,106.2699966430664,106.5500030517578,102.9520034790039,243600.0
2017-12-31,129430000.0,-58270000.0,71160000.0,-46108000.0,-24037000.0,-21731000.0,25052000.0,1647000.0,26699000,26699000,-14629000.0,12070000,12070000,12070000,299090000.0,38037000.0,99281000.0,449170000.0,144636000.0,5256000.0,53507000.0,203399000.0,652569000,38410000.0,65917000.0,64645000.0,130562000,376586000.0,143608000.0,522007000.0,652569000,12071000.0,4009000.0,-3530000.0,40823000.0,53373000.0,-40662000.0,-66232000.0,21000.0,-8641000.0,-21665000,2017-12-29,113.43000030517578,114.36000061035156,112.3000030517578,112.36000061035156,108.75850677490234,196700.0
2018-03-31,129150000.0,-57655000.0,71495000.0,-49458000.0,-27318000.0,-21609000.0,22037000.0,440000.0,22477000,22477000,-621000.0,21856000,21856000,21856000,307259000.0,48241000.0,111897000.0,484104000.0,153770000.0,5250000.0,54643000.0,213663000.0,697767000,40571000.0,73301000.0,66160000.0,139461000,401007000.0,152257000.0,558306000.0,697767000,21856000.0,2755000.0,15531000.0,-23850000.0,16292000.0,-7400000.0,-25202000.0,1579000.0,1033000.0,-6740000,2018-03-29,113.51000213623048,117.36000061035156,111.8499984741211,115.7699966430664,112.35041809082031,298900.0
2018-06-30,139761000.0,-62197000.0,77564000.0,-52682000.0,-28561000.0,-23481000.0,24882000.0,2232000.0,27114000,27114000,-2908000.0,24206000,24206000,24206000,313503000.0,53460000.0,128909000.0,509846000.0,150658000.0,5247000.0,54201000.0,210106000.0,719952000,42293000.0,75326000.0,65606000.0,140932000,417866000.0,162859000.0,579020000.0,719952000,24206000.0,3075000.0,15977000.0,-17840000.0,25418000.0,-5598000.0,-4650000.0,42000.0,-12170000.0,7054000,2018-06-29,135.66999816894528,136.67999267578122,133.57000732421878,133.66999816894528,130.01414489746094,434400.0
2018-09-30,159975000.0,-70957000.0,89018000.0,-55525000.0,-29552000.0,-25630000.0,33493000.0,2714000.0,36207000,36207000,-4639000.0,31568000,31568000,31568000,347848000.0,59887000.0,136790000.0,557401000.0,147497000.0,5257000.0,53002000.0,205756000.0,763157000,50599000.0,85507000.0,67486000.0,152993000,435085000.0,180819000.0,610164000.0,763157000,31568000.0,3228000.0,17599000.0,-244000.0,52151000.0,-5059000.0,8057000.0,1466000.0,-10532000.0,48021000,2018-09-28,126.08999633789062,126.56999969482422,124.5500030517578,125.52999877929688,122.38602447509766,579100.0
2018-12-31,153496000.0,-68905000.0,84591000.0,-51515000.0,-28372000.0,-22735000.0,33076000.0,-392000.0,32684000,32684000,-5046000.0,27638000,27638000,27638000,377281000.0,55214000.0,136384000.0,580810000.0,150001000.0,3241000.0,59380000.0,212622000.0,793432000,41477000.0,80439000.0,72900000.0,153339000,450908000.0,194728000.0,640093000.0,793432000,27638000.0,3253000.0,12287000.0,4412000.0,47590000.0,-4469000.0,7055000.0,10578000.0,-12890000.0,41609000,2018-12-31,116.12999725341795,116.51000213623048,114.25,116.25,113.6372528076172,256000.0
2019-03-31,141363000.0,-63357000.0,78006000.0,-56289000.0,-30553000.0,-25458000.0,21717000.0,3341000.0,25058000,25058000,1123000.0,26181000,26181000,26181000,359024000.0,58889000.0,142543000.0,574085000.0,205497000.0,3290000.0,65337000.0,274124000.0,848209000,91576000.0,91576000.0,76382000.0,167958000,478913000.0,202378000.0,680251000.0,848209000,26181000.0,3255000.0,14177000.0,-4777000.0,38836000.0,-56920000.0,-30781000.0,1627000.0,-761000.0,9064000,2019-03-29,135.85000610351562,136.69999694824222,134.61000061035156,135.49000549316406,132.83723449707028,285900.0
2019-06-30,151007000.0,-67782000.0,83225000.0,-63106000.0,-35058000.0,-27545000.0,20119000.0,2229000.0,22348000,22348000,-1655000.0,20693000,20693000,20693000,366471000.0,55398000.0,143622000.0,585136000.0,213830000.0,3215000.0,65932000.0,282977000.0,868113000,88120000.0,88120000.0,75839000.0,163959000,503759000.0,204533000.0,704154000.0,868113000,20693000.0,3739000.0,22198000.0,-2573000.0,44057000.0,-19262000.0,-11289000.0,0.0,-15928000.0,15245000,2019-06-28,133.60000610351562,137.58999633789062,132.61000061035156,135.77999877929688,133.53640747070312,757400.0
2019-09-30,168813000.0,-75655000.0,93158000.0,-63126000.0,-34692000.0,-27742000.0,30032000.0,2257000.0,32289000,32289000,-2761000.0,29528000,29528000,29528000,418740000.0,58261000.0,135634000.0,629295000.0,217043000.0,3264000.0,66533000.0,286840000.0,916135000,105026000.0,105026000.0,76681000.0,181707000,528775000.0,215692000.0,734428000.0,916135000,29528000.0,3823000.0,21098000.0,17975000.0,72424000.0,-1679000.0,-46039000.0,16211000.0,-14318000.0,9376000,2019-09-30,157.49000549316406,157.49000549316406,154.1300048828125,155.6300048828125,153.4414825439453,599600.0
2020-03-31,165778000.0,-74331000.0,91447000.0,-60461000.0,-32164000.0,-25956000.0,30986000.0,-1714000.0,29272000,29272000,6484000.0,35756000,35756000,35756000,489266000.0,54341000.0,131499000.0,704785000.0,236807000.0,3057000.0,62855000.0,302719000.0,1007504000,112495000.0,112495000.0,81819000.0,194314000,581736000.0,241465000.0,813190000.0,1007504000,35756000.0,4328000.0,26217000.0,-14882000.0,51419000.0,-9951000.0,-64458000.0,13650000.0,-4056000.0,-18080000,2020-03-31,163.97999572753906,170.0,162.13999938964844,167.4600067138672,165.98939514160156,467000.0
2020-06-30,186209000.0,-83616000.0,102593000.0,-74638000.0,-40883000.0,-31673000.0,27955000.0,5200000.0,33155000,33155000,-2988000.0,30167000,30167000,30167000,512323000.0,55136000.0,152119000.0,748864000.0,251980000.0,3032000.0,67279000.0,322291000.0,1071155000,136785000.0,136785000.0,85425000.0,222210000,605165000.0,247864000.0,848945000.0,1071155000,30166000.0,4501000.0,18091000.0,6572000.0,59330000.0,-14584000.0,-31663000.0,2352000.0,-26270000.0,1605000,2020-06-30,230.6199951171875,237.4600067138672,230.0,237.0,235.4390106201172,367500.0
