Report Date,Revenue,Cost of Revenue,Gross Profit,Operating Expenses,"Selling, General & Administrative",Research & Development,Operating Income (Loss),Non-Operating Income (Loss),"Pretax Income (Loss), Adj.",Pretax Income (Loss),"Income Tax (Expense) Benefit, Net",Income (Loss) from Continuing Operations,Net Income,Net Income (Common),"Cash, Cash Equivalents & Short Term Investments",Accounts & Notes Receivable,Inventories,Total Current Assets,"Property, Plant & Equipment, Net",Long Term Investments & Receivables,Other Long Term Assets,Total Noncurrent Assets,Total Assets,Payables & Accruals,Short Term Debt,Total Current Liabilities,Long Term Debt,Total Noncurrent Liabilities,Total Liabilities,Share Capital & Additional Paid-In Capital,Retained Earnings,Total Equity,Total Liabilities & Equity,Net Income/Starting Line,Depreciation & Amortization.1,Non-Cash Items,Change in Working Capital,Change in Accounts Receivable,Change in Inventories,Change in Accounts Payable,Change in Other,Net Cash from Operating Activities,Change in Fixed Assets & Intangibles,Net Change in Long Term Investment,Net Cash from Acquisitions & Divestitures,Net Cash from Investing Activities,Dividends Paid,Cash from (Repayment of) Debt,Cash from (Repurchase of) Equity,Net Cash from Financing Activities,Net Change in Cash,Price Date,Open,High,Low,Close,Adj Close,Volume
2009-06-30,13099000000.0,-2586000000.0,10513000000.0,-6816000000.0,-4591000000.0,-2225000000.0,3697000000.0,155000000.0,3852000000,4142000000,-1097000000.0,3045000000,3045000000,3045000000,31447000000.0,11192000000.0,717000000.0,49280000000.0,7535000000.0,4933000000.0,16140000000.0,28608000000.0,77888000000,6480000000.0,2000000000.0,27034000000.0,3746000000.0,11296000000.0,38330000000,62382000000.0,-22824000000.0,39558000000.0,77888000000,3045000000.0,681000000.0,9068000000.0,-8953000000.0,-1820000000.0,255000000.0,-671000000.0,-6717000000.0,3841000000.0,-867000000.0,-7099000000.0,-41000000.0,-7857000000.0,-1158000000.0,3751000000.0,121000000.0,2699000000.0,-1209000000,2009-06-30,23.96999931335449,24.239999771118164,23.6299991607666,23.770000457763672,18.2095947265625,66452400.0
2009-09-30,12920000000.0,-2842000000.0,10078000000.0,-5596000000.0,-3531000000.0,-2065000000.0,4482000000.0,283000000.0,4765000000,4765000000,-1191000000.0,3574000000,3574000000,3574000000,36728000000.0,8587000000.0,1150000000.0,52231000000.0,7512000000.0,6006000000.0,15863000000.0,29381000000.0,81612000000,5511000000.0,2250000000.0,28761000000.0,3746000000.0,11639000000.0,40400000000,62293000000.0,-21081000000.0,41212000000.0,81612000000,3574000000.0,646000000.0,7001000000.0,-5114000000.0,2748000000.0,-419000000.0,-36000000.0,-7407000000.0,6107000000.0,-435000000.0,-2575000000.0,-39000000.0,-1199000000.0,-1157000000.0,250000000.0,-1292000000.0,-2190000000.0,2747000000,2009-09-30,25.76000022888184,25.989999771118164,25.3799991607666,25.71999931335449,19.814228057861328,63533400.0
2009-12-31,19022000000.0,-3628000000.0,15394000000.0,-6881000000.0,-4802000000.0,-2079000000.0,8513000000.0,370000000.0,8883000000,8883000000,-2221000000.0,6662000000,6662000000,6662000000,36099000000.0,11196000000.0,589000000.0,52487000000.0,7402000000.0,6976000000.0,15231000000.0,29609000000.0,82096000000,5588000000.0,2249000000.0,25715000000.0,3746000000.0,12098000000.0,37813000000,62566000000.0,-18283000000.0,44283000000.0,82096000000,6662000000.0,615000000.0,7758000000.0,-10066000000.0,-2789000000.0,558000000.0,3000000.0,-7838000000.0,4969000000.0,-376000000.0,970000000.0,-63000000.0,-92000000.0,-1152000000.0,-2000000.0,-3138000000.0,-4277000000.0,599000000,2009-12-31,30.979999542236328,30.989999771118164,30.479999542236328,30.479999542236328,23.585039138793945,31929700.0
2010-03-31,14503000000.0,-2755000000.0,11748000000.0,-6575000000.0,-4355000000.0,-2220000000.0,5173000000.0,168000000.0,5341000000,5341000000,-1335000000.0,4006000000,4006000000,4006000000,39666000000.0,9137000000.0,501000000.0,54518000000.0,7372000000.0,7797000000.0,15223000000.0,30392000000.0,84910000000,6164000000.0,2249000000.0,26424000000.0,3746000000.0,12776000000.0,39200000000,62517000000.0,-16807000000.0,45710000000.0,84910000000,4006000000.0,694000000.0,6245000000.0,-3552000000.0,1947000000.0,77000000.0,122000000.0,-5698000000.0,7393000000.0,-408000000.0,-5236000000.0,-143000000.0,-5904000000.0,-1139000000.0,0.0,-1601000000.0,-2726000000.0,-1267000000,2010-03-31,29.63999938964844,29.71999931335449,29.170000076293945,29.290000915527344,22.770212173461914,63760000.0
2010-06-30,16039000000.0,-3170000000.0,12869000000.0,-6939000000.0,-4589000000.0,-2350000000.0,5930000000.0,94000000.0,6024000000,6024000000,-1506000000.0,4518000000,4518000000,4518000000,36788000000.0,13014000000.0,740000000.0,55676000000.0,7630000000.0,7754000000.0,15053000000.0,30437000000.0,86113000000,7308000000.0,1000000000.0,26147000000.0,4939000000.0,13791000000.0,39938000000,62856000000.0,-16681000000.0,46175000000.0,86113000000,4518000000.0,718000000.0,9788000000.0,-9420000000.0,-4144000000.0,-260000000.0,755000000.0,-5771000000.0,5604000000.0,-758000000.0,-749000000.0,0.0,-4119000000.0,-1130000000.0,-58000000.0,-2927000000.0,-4098000000.0,-2650000000,2010-06-30,23.29999923706055,23.68000030517578,22.95000076293945,23.01000022888184,17.968822479248047,81050500.0
2010-09-30,16195000000.0,-3139000000.0,13056000000.0,-5940000000.0,-3744000000.0,-2196000000.0,7116000000.0,114000000.0,7230000000,7230000000,-1820000000.0,5410000000,5410000000,5410000000,44173000000.0,9646000000.0,1242000000.0,59581000000.0,7771000000.0,9211000000.0,14977000000.0,31959000000.0,91540000000,5906000000.0,1000000000.0,25857000000.0,9665000000.0,18741000000.0,44598000000,61935000000.0,-14993000000.0,46942000000.0,91540000000,5410000000.0,694000000.0,6227000000.0,-4137000000.0,3674000000.0,-468000000.0,-400000000.0,-6943000000.0,8194000000.0,-564000000.0,-5120000000.0,0.0,-4957000000.0,-1118000000.0,4721000000.0,-4222000000.0,-639000000.0,2656000000,2010-09-30,24.61000061035156,24.82999992370605,24.36000061035156,24.489999771118164,19.226593017578125,61262700.0
2010-12-31,19953000000.0,-4833000000.0,15120000000.0,-6955000000.0,-4770000000.0,-2185000000.0,8165000000.0,332000000.0,8497000000,8497000000,-1863000000.0,6634000000,6634000000,6634000000,41252000000.0,12874000000.0,861000000.0,59684000000.0,7799000000.0,10022000000.0,14801000000.0,32622000000.0,92306000000,6265000000.0,0.0,24312000000.0,9671000000.0,19513000000.0,43825000000,61646000000.0,-13165000000.0,48481000000.0,92306000000,6634000000.0,663000000.0,7040000000.0,-10151000000.0,-3270000000.0,380000000.0,216000000.0,-7477000000.0,4186000000.0,-491000000.0,-1457000000.0,-69000000.0,-1570000000.0,-1363000000.0,-1000000000.0,-4392000000.0,-6751000000.0,-4138000000,2010-12-31,27.79999923706055,27.920000076293945,27.6299991607666,27.90999984741211,22.04619789123535,24752000.0
2011-03-31,16428000000.0,-3897000000.0,12531000000.0,-6822000000.0,-4553000000.0,-2269000000.0,5709000000.0,316000000.0,6025000000,6025000000,-793000000.0,5232000000,5232000000,5232000000,50150000000.0,10033000000.0,1056000000.0,66263000000.0,7969000000.0,10748000000.0,14747000000.0,33464000000.0,99727000000,6746000000.0,0.0,24042000000.0,11915000000.0,22233000000.0,46275000000,63234000000.0,-9782000000.0,53452000000.0,99727000000,5232000000.0,720000000.0,6971000000.0,-4251000000.0,3031000000.0,-170000000.0,-51000000.0,-7061000000.0,8672000000.0,-658000000.0,-6370000000.0,0.0,-7139000000.0,-1349000000.0,2239000000.0,557000000.0,1437000000.0,2998000000,2011-03-31,25.60000038146973,25.68000030517578,25.34000015258789,25.38999938964844,20.17417907714844,63233700.0
2011-06-30,17367000000.0,-3708000000.0,13659000000.0,-7488000000.0,-5095000000.0,-2393000000.0,6171000000.0,148000000.0,6319000000,6319000000,-445000000.0,5874000000,5874000000,5874000000,52772000000.0,14987000000.0,1372000000.0,74918000000.0,8162000000.0,10865000000.0,14759000000.0,33786000000.0,108704000000,7772000000.0,0.0,28774000000.0,11921000000.0,22847000000.0,51621000000,63415000000.0,-6332000000.0,57083000000.0,108704000000,5874000000.0,689000000.0,12778000000.0,-13399000000.0,-4886000000.0,-303000000.0,293000000.0,-8503000000.0,5942000000.0,-642000000.0,-269000000.0,-2000000.0,-950000000.0,-1350000000.0,0.0,-1076000000.0,-2423000000.0,2589000000,2011-06-30,25.739999771118164,26.0,25.65999984741211,26.0,20.79428482055664,52535400.0
2012-06-30,18059000000.0,-4163000000.0,13896000000.0,-7511000000.0,-4917000000.0,-2594000000.0,6385000000.0,167000000.0,6552000000,359000000,-851000000.0,-492000000,-492000000,-492000000,63040000000.0,15780000000.0,1137000000.0,85084000000.0,8269000000.0,9776000000.0,18142000000.0,36187000000.0,121271000000,8050000000.0,1231000000.0,32688000000.0,10713000000.0,22220000000.0,54908000000,65797000000.0,566000000.0,66363000000.0,121271000000,-492000000.0,797000000.0,21529000000.0,-14157000000.0,-5007000000.0,263000000.0,349000000.0,-9762000000.0,7677000000.0,-622000000.0,-3117000000.0,-526000000.0,-4662000000.0,-1678000000.0,0.0,-752000000.0,-2421000000.0,550000000,2012-06-29,30.45000076293945,30.690000534057607,30.13999938964844,30.59000015258789,25.132213592529297,55227200.0
2012-09-30,16008000000.0,-4168000000.0,11840000000.0,-6532000000.0,-4072000000.0,-2460000000.0,5308000000.0,226000000.0,5534000000,5534000000,-1068000000.0,4466000000,4466000000,4466000000,66644000000.0,9871000000.0,1624000000.0,84051000000.0,8329000000.0,10038000000.0,19458000000.0,37825000000.0,121876000000,6297000000.0,2236000000.0,31402000000.0,9714000000.0,21638000000.0,53040000000,66084000000.0,2752000000.0,68836000000.0,121876000000,4466000000.0,710000000.0,8684000000.0,-5376000000.0,6156000000.0,-473000000.0,-567000000.0,-10492000000.0,8484000000.0,-603000000.0,-5572000000.0,-1145000000.0,-7719000000.0,-1676000000.0,0.0,-1215000000.0,-2714000000.0,-1902000000,2012-09-28,30.18000030517578,30.26000022888184,29.739999771118164,29.76000022888184,24.612274169921875,54229300.0
2012-12-31,21456000000.0,-5692000000.0,15764000000.0,-7993000000.0,-5465000000.0,-2528000000.0,7771000000.0,-1000000.0,7770000000,7770000000,-1393000000.0,6377000000,6377000000,6377000000,68312000000.0,14317000000.0,1661000000.0,89574000000.0,8698000000.0,10707000000.0,19704000000.0,39109000000.0,128683000000,7298000000.0,2241000000.0,31910000000.0,11947000000.0,24197000000.0,56107000000,66334000000.0,6242000000.0,72576000000.0,128683000000,6377000000.0,1009000000.0,11493000000.0,-14099000000.0,-4488000000.0,-33000000.0,685000000.0,-10263000000.0,4780000000.0,-930000000.0,-959000000.0,-311000000.0,-2593000000.0,-1933000000.0,2232000000.0,-1513000000.0,-1221000000.0,981000000,2012-12-31,26.59000015258789,26.770000457763672,26.3700008392334,26.709999084472656,22.27136993408203,42749500.0
2013-03-31,20489000000.0,-4787000000.0,15702000000.0,-8090000000.0,-5450000000.0,-2640000000.0,7612000000.0,-9000000.0,7603000000,7603000000,-1548000000.0,6055000000,6055000000,6055000000,74483000000.0,11991000000.0,2133000000.0,93524000000.0,9204000000.0,11193000000.0,20184000000.0,40581000000.0,134105000000,8006000000.0,2246000000.0,31929000000.0,11949000000.0,25488000000.0,57417000000,66826000000.0,9862000000.0,76688000000.0,134105000000,6055000000.0,1053000000.0,10453000000.0,-7895000000.0,2191000000.0,-483000000.0,-67000000.0,-9536000000.0,9666000000.0,-930000000.0,-7165000000.0,-108000000.0,-7660000000.0,-1925000000.0,0.0,-825000000.0,-2744000000.0,-777000000,2013-03-28,28.31999969482422,28.65999984741211,28.26000022888184,28.61000061035156,24.05313491821289,55453800.0
2013-06-30,19896000000.0,-5738000000.0,14158000000.0,-8085000000.0,-5302000000.0,-2783000000.0,6073000000.0,72000000.0,6145000000,6145000000,-1180000000.0,4965000000,4965000000,4965000000,77022000000.0,17486000000.0,1938000000.0,101466000000.0,9991000000.0,10844000000.0,20130000000.0,40965000000.0,142431000000,8945000000.0,2999000000.0,37417000000.0,12601000000.0,26070000000.0,63487000000,67306000000.0,11638000000.0,78944000000.0,142431000000,4965000000.0,983000000.0,15881000000.0,-15926000000.0,-5666000000.0,187000000.0,486000000.0,-10933000000.0,5903000000.0,-1794000000.0,-4106000000.0,-20000000.0,-5839000000.0,-1921000000.0,1305000000.0,-876000000.0,-1469000000.0,-1436000000,2013-06-28,34.380001068115234,34.790000915527344,34.34000015258789,34.540000915527344,29.24226379394531,65545500.0
2013-09-30,18529000000.0,-5145000000.0,13384000000.0,-7050000000.0,-4283000000.0,-2767000000.0,6334000000.0,74000000.0,6408000000,6408000000,-1164000000.0,5244000000,5244000000,5244000000,80672000000.0,11007000000.0,2613000000.0,99450000000.0,10774000000.0,11995000000.0,20129000000.0,42898000000.0,142348000000,7697000000.0,3300000000.0,34623000000.0,12632000000.0,26084000000.0,60707000000,67230000000.0,14411000000.0,81641000000.0,142348000000,5244000000.0,954000000.0,8363000000.0,-6356000000.0,6617000000.0,-667000000.0,-276000000.0,-12030000000.0,8205000000.0,-1231000000.0,-3304000000.0,-15000000.0,-4614000000.0,-1916000000.0,300000000.0,-1985000000.0,-3396000000.0,219000000,2013-09-30,33.0,33.310001373291016,32.700000762939446,33.279998779296875,28.374059677124023,39839500.0
2013-12-31,24519000000.0,-8322000000.0,16197000000.0,-8228000000.0,-5480000000.0,-2748000000.0,7969000000.0,-91000000.0,7878000000,7878000000,-1320000000.0,6558000000,6558000000,6558000000,83944000000.0,15986000000.0,1594000000.0,106870000000.0,11567000000.0,14607000000.0,20499000000.0,46673000000.0,153543000000,8567000000.0,2300000000.0,33742000000.0,20676000000.0,34701000000.0,68443000000,67476000000.0,17624000000.0,85100000000.0,153543000000,6558000000.0,1261000000.0,10287000000.0,-13693000000.0,-4875000000.0,1029000000.0,602000000.0,-10449000000.0,4413000000.0,-1732000000.0,679000000.0,-139000000.0,-1025000000.0,-2332000000.0,6962000000.0,-1996000000.0,2615000000.0,6036000000,2013-12-31,37.400001525878906,37.58000183105469,37.22000122070313,37.40999984741211,32.13712692260742,17503500.0
2014-03-31,20403000000.0,-5978000000.0,14425000000.0,-7451000000.0,-4708000000.0,-2743000000.0,6974000000.0,-17000000.0,6957000000,6957000000,-1297000000.0,5660000000,5660000000,5660000000,88425000000.0,13497000000.0,1920000000.0,109006000000.0,11771000000.0,14792000000.0,20550000000.0,47113000000.0,156119000000,8470000000.0,2000000000.0,33903000000.0,20679000000.0,34792000000.0,68695000000,67803000000.0,19621000000.0,87424000000.0,156119000000,5660000000.0,1255000000.0,10525000000.0,-7341000000.0,2501000000.0,-324000000.0,-716000000.0,-8802000000.0,10099000000.0,-1192000000.0,-2981000000.0,-157000000.0,-4284000000.0,-2322000000.0,-300000000.0,-1704000000.0,-4304000000.0,1513000000,2014-03-31,40.43000030517578,41.5,40.400001525878906,40.9900016784668,35.476600646972656,46886300.0
2014-06-30,23382000000.0,-7633000000.0,15749000000.0,-9140000000.0,-6017000000.0,-3123000000.0,6609000000.0,95000000.0,6704000000,6577000000,-1965000000.0,4612000000,4612000000,4612000000,85709000000.0,19544000000.0,2660000000.0,114246000000.0,13011000000.0,14597000000.0,30530000000.0,58138000000.0,172384000000,12229000000.0,2000000000.0,45625000000.0,20645000000.0,36975000000.0,82600000000,68366000000.0,21418000000.0,89784000000.0,172384000000,4612000000.0,1742000000.0,17156000000.0,-13725000000.0,-5363000000.0,-199000000.0,863000000.0,-9026000000.0,9785000000.0,-1330000000.0,-1718000000.0,-5626000000.0,-8910000000.0,-2309000000.0,0.0,-1024000000.0,-3580000000.0,-2903000000,2014-06-30,42.16999816894531,42.209999084472656,41.70000076293945,41.70000076293945,36.345699310302734,30793100.0
2014-09-30,23201000000.0,-8273000000.0,14928000000.0,-7944000000.0,-4879000000.0,-3065000000.0,6984000000.0,52000000.0,7036000000,5896000000,-1356000000.0,4540000000,4540000000,4540000000,89193000000.0,12887000000.0,3141000000.0,112439000000.0,13229000000.0,13943000000.0,30045000000.0,57217000000.0,169656000000,10509000000.0,5248000000.0,44694000000.0,18472000000.0,34792000000.0,79486000000,68362000000.0,21808000000.0,90170000000.0,169656000000,4540000000.0,1428000000.0,8522000000.0,-6136000000.0,6627000000.0,-483000000.0,-659000000.0,-11621000000.0,8354000000.0,-1282000000.0,-5947000000.0,-141000000.0,-7737000000.0,-2307000000.0,1499000000.0,-2672000000.0,-2978000000.0,-2367000000,2014-09-30,46.36999893188477,46.47999954223633,46.0099983215332,46.36000061035156,40.65972518920898,33033100.0
2014-12-31,26470000000.0,-10136000000.0,16334000000.0,-8315000000.0,-5412000000.0,-2903000000.0,8019000000.0,74000000.0,8093000000,7850000000,-1987000000.0,5863000000,5863000000,5863000000,90249000000.0,16186000000.0,2053000000.0,116362000000.0,13607000000.0,12665000000.0,32214000000.0,58486000000.0,174848000000,10411000000.0,10048000000.0,47415000000.0,18260000000.0,35554000000.0,82969000000,68765000000.0,23114000000.0,91879000000.0,174848000000,5863000000.0,1521000000.0,10946000000.0,-13990000000.0,-3378000000.0,1070000000.0,137000000.0,-11819000000.0,4340000000.0,-1490000000.0,-670000000.0,-2794000000.0,-4716000000.0,-2547000000.0,4798000000.0,-2024000000.0,534000000.0,124000000,2014-12-31,46.72999954223633,47.43999862670898,46.45000076293945,46.45000076293945,40.99561309814453,21552500.0
2015-03-31,21729000000.0,-7161000000.0,14568000000.0,-7784000000.0,-4800000000.0,-2984000000.0,6784000000.0,-77000000.0,6707000000,6517000000,-1532000000.0,4985000000,4985000000,4985000000,95438000000.0,12427000000.0,2469000000.0,118398000000.0,14375000000.0,12019000000.0,31891000000.0,58285000000.0,176683000000,10592000000.0,4224000000.0,40748000000.0,27644000000.0,45803000000.0,86551000000,68475000000.0,21657000000.0,90132000000.0,176683000000,4985000000.0,1515000000.0,11002000000.0,-7901000000.0,3655000000.0,-430000000.0,-390000000.0,-10736000000.0,9601000000.0,-1391000000.0,-3594000000.0,-162000000.0,-5481000000.0,-2532000000.0,4105000000.0,-4985000000.0,-3096000000.0,988000000,2015-03-31,40.77999877929688,41.02999877929688,40.540000915527344,40.65999984741211,36.14087677001953,34887200.0
2015-06-30,22180000000.0,-7468000000.0,14712000000.0,-8327000000.0,-5233000000.0,-3094000000.0,6385000000.0,297000000.0,6682000000,-1756000000,-1439000000.0,-3195000000,-3195000000,-3195000000,96526000000.0,17908000000.0,2902000000.0,122797000000.0,14731000000.0,12053000000.0,24891000000.0,51675000000.0,174472000000,11687000000.0,7484000000.0,49647000000.0,27808000000.0,44742000000.0,94389000000,68465000000.0,11618000000.0,80083000000.0,174472000000,-3195000000.0,1493000000.0,24455000000.0,-15380000000.0,-5448000000.0,-429000000.0,-142000000.0,-9361000000.0,7373000000.0,-1781000000.0,-2657000000.0,-626000000.0,-5067000000.0,-2496000000.0,3259000000.0,-4128000000.0,-4128000000.0,-1819000000,2015-06-30,44.709999084472656,44.72000122070313,43.93999862670898,44.150001525878906,39.498023986816406,35945400.0
2015-09-30,20379000000.0,-7207000000.0,13172000000.0,-7379000000.0,-4417000000.0,-2962000000.0,5793000000.0,-280000000.0,5513000000,5513000000,-611000000.0,4902000000,4902000000,4902000000,99355000000.0,11444000000.0,3816000000.0,121656000000.0,15046000000.0,11438000000.0,24756000000.0,51240000000.0,172896000000,10080000000.0,10748000000.0,49399000000.0,27819000000.0,46052000000.0,95451000000,68093000000.0,9352000000.0,77445000000.0,172896000000,4902000000.0,1461000000.0,11271000000.0,-8758000000.0,6376000000.0,-937000000.0,-135000000.0,-14062000000.0,8876000000.0,-1356000000.0,-3382000000.0,-390000000.0,-5066000000.0,-2475000000.0,3261000000.0,-4538000000.0,-3930000000.0,-164000000,2015-09-30,43.88000106811523,44.29999923706055,43.65999984741211,44.2599983215332,39.8575439453125,34958900.0
2015-12-31,23796000000.0,-9872000000.0,13924000000.0,-7898000000.0,-4998000000.0,-2900000000.0,6026000000.0,-171000000.0,5855000000,5855000000,-837000000.0,5018000000,5018000000,5018000000,102640000000.0,14507000000.0,2702000000.0,127812000000.0,15789000000.0,11514000000.0,24983000000.0,52286000000.0,180098000000,10585000000.0,3750000000.0,42643000000.0,40679000000.0,60675000000.0,103318000000,68279000000.0,8501000000.0,76780000000.0,180098000000,5018000000.0,1544000000.0,13031000000.0,-13975000000.0,-3118000000.0,1104000000.0,369000000.0,-12330000000.0,5618000000.0,-2024000000.0,-1208000000.0,-381000000.0,-3328000000.0,-2868000000.0,5976000000.0,-3561000000.0,-518000000.0,1754000000,2015-12-31,56.040000915527344,56.18999862670898,55.41999816894531,55.47999954223633,50.29827880859375,27334100.0
2016-03-31,20531000000.0,-7722000000.0,12809000000.0,-7526000000.0,-4546000000.0,-2980000000.0,5283000000.0,-247000000.0,5036000000,5036000000,-1280000000.0,3756000000,3756000000,3756000000,105552000000.0,12247000000.0,2450000000.0,128421000000.0,16831000000.0,11315000000.0,25302000000.0,53448000000.0,181869000000,11035000000.0,5498000000.0,44354000000.0,40896000000.0,62709000000.0,107063000000,68012000000.0,6794000000.0,74806000000.0,181869000000,3756000000.0,1707000000.0,14161000000.0,-9257000000.0,2288000000.0,241000000.0,-129000000.0,-11657000000.0,10367000000.0,-2308000000.0,-2550000000.0,-559000000.0,-5483000000.0,-2842000000.0,1747000000.0,-3698000000.0,-4916000000.0,-15000000,2016-03-31,54.95000076293945,55.59000015258789,54.86000061035156,55.22999954223633,50.431129455566406,26360500.0
2016-06-30,26448000000.0,-7979000000.0,18469000000.0,-8383000000.0,-5237000000.0,-3146000000.0,10086000000.0,259000000.0,10345000000,9235000000,-2372000000.0,6863000000,6863000000,6863000000,113240000000.0,18277000000.0,2251000000.0,139660000000.0,18356000000.0,10431000000.0,25021000000.0,53808000000.0,193468000000,12162000000.0,12904000000.0,59357000000.0,40557000000.0,62114000000.0,121471000000,68178000000.0,3819000000.0,71997000000.0,193468000000,6863000000.0,1910000000.0,-30344000000.0,30035000000.0,-4984000000.0,192000000.0,-17000000.0,34844000000.0,8464000000.0,-2655000000.0,-7277000000.0,-63000000.0,-10073000000.0,-2821000000.0,7299000000.0,-3504000000.0,971000000.0,-660000000,2016-06-30,50.72000122070313,51.29999923706055,50.5,51.16999816894531,47.05070495605469,28527800.0
2016-09-30,21928000000.0,-7844000000.0,14084000000.0,-7369000000.0,-4263000000.0,-3106000000.0,6715000000.0,112000000.0,6827000000,6827000000,-1160000000.0,5667000000,5667000000,5667000000,136932000000.0,11129000000.0,3122000000.0,157909000000.0,19224000000.0,10486000000.0,24905000000.0,54615000000.0,212524000000,9917000000.0,14536000000.0,58810000000.0,60154000000.0,83342000000.0,142152000000,67747000000.0,2625000000.0,70372000000.0,212524000000,5667000000.0,1816000000.0,-875000000.0,4941000000.0,7187000000.0,-867000000.0,-443000000.0,-936000000.0,11549000000.0,-2163000000.0,-16199000000.0,-24000000.0,-18470000000.0,-2800000000.0,21362000000.0,-4121000000.0,14329000000.0,7418000000,2016-09-30,57.56999969482422,57.77000045776367,57.34000015258789,57.599998474121094,53.293174743652344,29910800.0
2016-12-31,25826000000.0,-9901000000.0,15925000000.0,-8020000000.0,-4958000000.0,-3062000000.0,7905000000.0,117000000.0,8022000000,8022000000,-1755000000.0,6267000000,6267000000,6267000000,122781000000.0,14343000000.0,1961000000.0,144949000000.0,21379000000.0,8912000000.0,49370000000.0,79661000000.0,224610000000,10562000000.0,25664000000.0,70787000000.0,59306000000.0,85014000000.0,155801000000,68177000000.0,632000000.0,68809000000.0,224610000000,6267000000.0,2166000000.0,-957000000.0,-1183000000.0,-2789000000.0,1132000000.0,99000000.0,375000000.0,6293000000.0,-1988000000.0,10927000000.0,-24760000000.0,-14751000000.0,-3024000000.0,9196000000.0,-3468000000.0,3016000000.0,-5460000000,2016-12-30,62.959999084472656,62.9900016784668,62.02999877929688,62.13999938964844,57.88211441040039,25579900.0
2017-03-31,23212000000.0,-8060000000.0,15152000000.0,-8429000000.0,-5074000000.0,-3355000000.0,6723000000.0,371000000.0,7094000000,7094000000,-1608000000.0,5486000000,5486000000,5486000000,126018000000.0,12882000000.0,1979000000.0,146313000000.0,21962000000.0,7381000000.0,49361000000.0,78704000000.0,225017000000,10821000000.0,7786000000.0,52005000000.0,76222000000.0,103283000000.0,155288000000,68554000000.0,1175000000.0,69729000000.0,225017000000,5486000000.0,2453000000.0,-36000000.0,2757000000.0,1415000000.0,-16000000.0,-425000000.0,1783000000.0,10660000000.0,-1695000000.0,-2614000000.0,-802000000.0,-6191000000.0,-3012000000.0,-966000000.0,-1883000000.0,-6236000000.0,-1755000000,2017-03-31,65.65000152587889,66.19000244140625,65.44999694824219,65.86000061035156,61.7191276550293,21040300.0
2017-06-30,25605000000.0,-8456000000.0,17149000000.0,-9161000000.0,-5647000000.0,-3514000000.0,7988000000.0,276000000.0,8264000000,7958000000,111000000.0,8069000000,8069000000,8069000000,132981000000.0,22431000000.0,2181000000.0,162696000000.0,23734000000.0,6023000000.0,57859000000.0,87616000000.0,250312000000,13209000000.0,10121000000.0,55745000000.0,76073000000.0,106856000000.0,162601000000,69315000000.0,18396000000.0,87711000000.0,250312000000,8069000000.0,2343000000.0,6052000000.0,-5459000000.0,-7029000000.0,-199000000.0,850000000.0,919000000.0,11005000000.0,-2283000000.0,-4625000000.0,-358000000.0,-7369000000.0,-3009000000.0,1867000000.0,-1544000000.0,-2701000000.0,950000000,2017-06-30,68.77999877929689,69.37999725341797,68.73999786376953,68.93000030517578,64.96638488769531,24161100.0
2017-09-30,24538000000.0,-8278000000.0,16260000000.0,-8552000000.0,-4978000000.0,-3574000000.0,7708000000.0,276000000.0,7984000000,7984000000,-1408000000.0,6576000000,6576000000,6576000000,138471000000.0,14561000000.0,3211000000.0,161031000000.0,24809000000.0,5343000000.0,57914000000.0,88066000000.0,249097000000,10974000000.0,9220000000.0,51615000000.0,76255000000.0,107835000000.0,159450000000,69419000000.0,20228000000.0,89647000000.0,249097000000,6576000000.0,2499000000.0,-1409000000.0,4774000000.0,7949000000.0,-1023000000.0,-407000000.0,-1745000000.0,12440000000.0,-2132000000.0,-4699000000.0,-179000000.0,-6904000000.0,-3003000000.0,-925000000.0,-2263000000.0,-6341000000.0,-779000000,2017-09-29,73.94000244140625,74.54000091552734,73.87999725341797,74.48999786376953,70.58071899414062,17079100.0
2017-12-31,28918000000.0,-11064000000.0,17854000000.0,-9175000000.0,-5671000000.0,-3504000000.0,8679000000.0,490000000.0,9169000000,9169000000,-15471000000.0,-6302000000,-6302000000,-6302000000,142780000000.0,18428000000.0,2003000000.0,167633000000.0,26304000000.0,3961000000.0,58105000000.0,88370000000.0,256003000000,12277000000.0,15912000000.0,58099000000.0,73348000000.0,119544000000.0,177643000000,70192000000.0,8168000000.0,78360000000.0,256003000000,-6302000000.0,2536000000.0,-3068000000.0,14709000000.0,-3908000000.0,1205000000.0,938000000.0,16474000000.0,7875000000.0,-2586000000.0,2459000000.0,-27000000.0,-331000000.0,-3238000000.0,3661000000.0,-1819000000.0,-1552000000.0,5975000000,2017-12-29,85.62999725341797,86.05000305175781,85.5,85.54000091552734,81.4578628540039,18717400.0
2018-03-31,26819000000.0,-9269000000.0,17550000000.0,-9258000000.0,-5543000000.0,-3715000000.0,8292000000.0,349000000.0,8641000000,8641000000,-1217000000.0,7424000000,7424000000,7424000000,132270000000.0,17208000000.0,2084000000.0,156659000000.0,27929000000.0,2818000000.0,58091000000.0,88838000000.0,245497000000,12772000000.0,3677000000.0,46133000000.0,73480000000.0,120125000000.0,166258000000,70418000000.0,8821000000.0,79239000000.0,245497000000,7424000000.0,2710000000.0,226000000.0,1791000000.0,1285000000.0,-75000000.0,-393000000.0,974000000.0,12151000000.0,-2934000000.0,7045000000.0,-248000000.0,3844000000.0,-3232000000.0,-12256000000.0,-3530000000.0,-19658000000.0,-3638000000,2018-03-29,90.18000030517578,92.29000091552734,88.4000015258789,91.2699966430664,87.32268524169922,45867500.0
2018-06-30,30085000000.0,-9742000000.0,20343000000.0,-9964000000.0,-6031000000.0,-3933000000.0,10379000000.0,301000000.0,10680000000,10680000000,-1807000000.0,8873000000,8873000000,8873000000,133768000000.0,26481000000.0,2662000000.0,169662000000.0,29460000000.0,1862000000.0,57864000000.0,89186000000.0,258848000000,14720000000.0,3998000000.0,58488000000.0,72242000000.0,117642000000.0,176130000000,71223000000.0,11495000000.0,82718000000.0,258848000000,8873000000.0,2516000000.0,6758000000.0,-6729000000.0,-9188000000.0,-572000000.0,1010000000.0,2021000000.0,11418000000.0,-3980000000.0,1752000000.0,-434000000.0,-2670000000.0,-3226000000.0,-681000000.0,-2107000000.0,-6039000000.0,2725000000,2018-06-29,98.93000030517578,99.91000366210938,98.33000183105469,98.61000061035156,94.754150390625,28053200.0
2018-09-30,29084000000.0,-9905000000.0,19179000000.0,-9224000000.0,-5247000000.0,-3977000000.0,9955000000.0,266000000.0,10221000000,10221000000,-1397000000.0,8824000000,8824000000,8824000000,135880000000.0,17390000000.0,3614000000.0,164195000000.0,31430000000.0,2034000000.0,59960000000.0,93424000000.0,257619000000,12782000000.0,6497000000.0,56277000000.0,69733000000.0,115375000000.0,171652000000,71303000000.0,14664000000.0,85967000000.0,257619000000,8824000000.0,2837000000.0,-1821000000.0,3817000000.0,9194000000.0,-956000000.0,-395000000.0,-4026000000.0,13657000000.0,-3602000000.0,894000000.0,-245000000.0,-2953000000.0,-3220000000.0,0.0,-3384000000.0,-7384000000.0,3191000000,2018-09-28,114.19000244140624,114.56999969482422,113.68000030517578,114.37000274658205,110.32083892822266,21647800.0
2018-12-31,32471000000.0,-12423000000.0,20048000000.0,-9790000000.0,-5720000000.0,-4070000000.0,10258000000.0,127000000.0,10385000000,10385000000,-1965000000.0,8420000000,8420000000,8420000000,127662000000.0,19680000000.0,1961000000.0,156874000000.0,32717000000.0,2274000000.0,66994000000.0,101985000000.0,258859000000,12187000000.0,3516000000.0,50318000000.0,69653000000.0,116413000000.0,166731000000,77556000000.0,14572000000.0,92128000000.0,258859000000,8420000000.0,2995000000.0,-1247000000.0,-1268000000.0,-2396000000.0,1654000000.0,-440000000.0,-86000000.0,8900000000.0,-3707000000.0,1100000000.0,-1593000000.0,-4200000000.0,-3544000000.0,-3000000000.0,-6213000000.0,-13216000000.0,-8499000000,2018-12-31,101.29000091552734,102.4000015258789,100.44000244140624,101.56999969482422,98.39725494384766,33173800.0
2019-03-31,30571000000.0,-10170000000.0,20401000000.0,-10060000000.0,-5744000000.0,-4316000000.0,10341000000.0,145000000.0,10486000000,10486000000,-1677000000.0,8809000000,8809000000,8809000000,131618000000.0,19269000000.0,1951000000.0,159887000000.0,33648000000.0,2403000000.0,67343000000.0,103394000000.0,263281000000,13308000000.0,6515000000.0,53861000000.0,66585000000.0,114556000000.0,168417000000,77791000000.0,17073000000.0,94864000000.0,263281000000,8809000000.0,2926000000.0,777000000.0,1008000000.0,460000000.0,12000000.0,-197000000.0,733000000.0,13520000000.0,-2565000000.0,1471000000.0,-269000000.0,-1363000000.0,-3526000000.0,0.0,-4479000000.0,-7601000000.0,4574000000,2019-03-29,118.06999969482422,118.31999969482422,116.95999908447266,117.94000244140624,114.74388122558594,25399800.0
2019-06-30,33717000000.0,-10412000000.0,23305000000.0,-10900000000.0,-6387000000.0,-4513000000.0,12405000000.0,191000000.0,12596000000,12596000000,591000000.0,13187000000,13187000000,13187000000,133819000000.0,29524000000.0,2063000000.0,175552000000.0,36477000000.0,2649000000.0,71878000000.0,111004000000.0,286556000000,16212000000.0,5516000000.0,69420000000.0,66662000000.0,114806000000.0,184226000000,78520000000.0,23810000000.0,102330000000.0,286556000000,13187000000.0,2924000000.0,-312000000.0,309000000.0,-10070000000.0,-113000000.0,1264000000.0,9228000000.0,16108000000.0,-4051000000.0,-2925000000.0,-281000000.0,-7932000000.0,-3521000000.0,-1000000000.0,-4325000000.0,-8011000000.0,144000000,2019-06-28,134.57000732421878,134.60000610351562,133.16000366210938,133.96000671386722,130.81217956542972,30043000.0
2019-09-30,33055000000.0,-10406000000.0,22649000000.0,-9963000000.0,-5398000000.0,-4565000000.0,12686000000.0,0.0,12686000000,12686000000,-2008000000.0,10678000000,10678000000,10678000000,136636000000.0,19087000000.0,2622000000.0,165896000000.0,38409000000.0,2684000000.0,71966000000.0,113059000000.0,278955000000,13250000000.0,3017000000.0,58118000000.0,66478000000.0,114776000000.0,172894000000,78882000000.0,27179000000.0,106061000000.0,278955000000,10678000000.0,2971000000.0,-1796000000.0,1965000000.0,10090000000.0,-561000000.0,-547000000.0,-7017000000.0,13818000000.0,-3385000000.0,2071000000.0,-462000000.0,-1776000000.0,-3510000000.0,-2500000000.0,-4485000000.0,-10209000000.0,1761000000,2019-09-30,138.05000305175778,139.22000122070312,137.77999877929688,139.02999877929688,136.21513366699222,17280900.0
2019-12-31,36906000000.0,-12358000000.0,24548000000.0,-10657000000.0,-6054000000.0,-4603000000.0,13891000000.0,194000000.0,14085000000,14085000000,-2436000000.0,11649000000,11649000000,11649000000,134253000000.0,23525000000.0,1823000000.0,167074000000.0,40522000000.0,2755000000.0,72443000000.0,115720000000.0,282794000000,14232000000.0,6247000000.0,59640000000.0,63361000000.0,113045000000.0,172685000000,79625000000.0,30484000000.0,110109000000.0,282794000000,11649000000.0,3203000000.0,1084000000.0,-5256000000.0,-4203000000.0,799000000.0,-7000000.0,-1845000000.0,10680000000.0,-3545000000.0,-2411000000.0,-80000000.0,-6036000000.0,-3886000000.0,-18000000.0,-4972000000.0,-8915000000.0,-4253000000,2019-12-31,156.77000427246094,157.77000427246094,156.4499969482422,157.6999969482422,155.03285217285156,18369400.0
2020-03-31,35021000000.0,-10975000000.0,24046000000.0,-11071000000.0,-6184000000.0,-4887000000.0,12975000000.0,-132000000.0,12843000000,12843000000,-2091000000.0,10752000000,10752000000,10752000000,137626000000.0,22699000000.0,1644000000.0,170505000000.0,41221000000.0,2660000000.0,71063000000.0,114944000000.0,285449000000,15500000000.0,3748000000.0,58707000000.0,62862000000.0,112241000000.0,170948000000,79813000000.0,34688000000.0,114501000000.0,285449000000,10752000000.0,3118000000.0,1184000000.0,2450000000.0,891000000.0,181000000.0,546000000.0,832000000.0,17504000000.0,-3767000000.0,4147000000.0,-329000000.0,51000000.0,-3876000000.0,-3000000000.0,-6717000000.0,-14645000000.0,2846000000,2020-03-31,159.39999389648438,164.77999877929688,156.55999755859375,157.7100067138672,155.46617126464844,77927200.0
2020-06-30,38033000000.0,-12339000000.0,25694000000.0,-12287000000.0,-7073000000.0,-5214000000.0,13407000000.0,15000000.0,13422000000,13422000000,-2220000000.0,11202000000,11202000000,11202000000,136527000000.0,32011000000.0,1895000000.0,181915000000.0,44151000000.0,2965000000.0,72280000000.0,119396000000.0,301311000000,20404000000.0,5879000000.0,72310000000.0,59578000000.0,110697000000.0,183007000000,80552000000.0,37752000000.0,118304000000.0,301311000000,11202000000.0,3504000000.0,4609000000.0,-642000000.0,-9355000000.0,-251000000.0,3026000000.0,5938000000.0,18673000000.0,-4744000000.0,3173000000.0,-1650000000.0,-4462000000.0,-3865000000.0,0.0,-5451000000.0,-12262000000.0,1866000000,2020-06-30,197.8800048828125,204.3999938964844,197.7400054931641,203.50999450683602,201.1732635498047,34310300.0
