Report Date,Revenue,Cost of Revenue,Gross Profit,Operating Expenses,"Selling, General & Administrative",Research & Development,Depreciation & Amortization,Operating Income (Loss),Non-Operating Income (Loss),"Pretax Income (Loss), Adj.",Abnormal Gains (Losses),Pretax Income (Loss),"Income Tax (Expense) Benefit, Net",Income (Loss) from Continuing Operations,Net Income,Net Income (Common),"Cash, Cash Equivalents & Short Term Investments",Accounts & Notes Receivable,Inventories,Total Current Assets,"Property, Plant & Equipment, Net",Other Long Term Assets,Total Noncurrent Assets,Total Assets,Payables & Accruals,Total Current Liabilities,Long Term Debt,Total Noncurrent Liabilities,Total Liabilities,Share Capital & Additional Paid-In Capital,Retained Earnings,Total Equity,Total Liabilities & Equity,Net Income/Starting Line,Depreciation & Amortization.1,Non-Cash Items,Change in Working Capital,Net Cash from Operating Activities,Change in Fixed Assets & Intangibles,Net Change in Long Term Investment,Net Cash from Acquisitions & Divestitures,Net Cash from Investing Activities,Dividends Paid,Cash from (Repayment of) Debt,Cash from (Repurchase of) Equity,Net Cash from Financing Activities,Net Change in Cash,Price Date,Open,High,Low,Close,Adj Close,Volume
2010-06-30,565962000.0,-225014000.0,340948000.0,-199865000.0,-67342000.0,-123542000.0,-4988000.0,141083000.0,1838000.0,142921000,0.0,142921000,-84466000.0,58455000,58455000,58455000,826512000.0,339322000.0,206040000.0,1706613000.0,1324436000.0,451276000.0,1775712000.0,3482325000,333738000.0,532517000.0,300000000.0,596850000.0,1129367000,301000.0,2364598000.0,2352958000.0,3482325000,58455000.0,50385000.0,76040000.0,-27880000.0,157000000.0,-42045000.0,100000000.0,-312784000.0,-258564000.0,-60412000.0,298568000.0,-70646000.0,169640000.0,68076000,2010-06-30,17.120000839233402,17.229999542236328,16.719999313354492,16.729999542236328,11.900195121765135,4266700.0
2011-03-31,606775000.0,-234125000.0,372650000.0,-208655000.0,-73617000.0,-130955000.0,-4092000.0,163995000.0,-1570000.0,162425000,0.0,162425000,-26149000.0,136276000,136276000,136276000,918847000.0,304591000.0,234933000.0,1676593000.0,1286061000.0,489763000.0,1775824000.0,3452417000,355582000.0,391153000.0,300000000.0,596224000.0,987377000,5865000.0,2473271000.0,2465040000.0,3452417000,136276000.0,50684000.0,66092000.0,3645000.0,256697000.0,-29513000.0,-49787000.0,0.0,-79300000.0,-62323000.0,0.0,-48724000.0,-106818000.0,70579000,2011-03-31,25.489999771118164,25.670000076293945,25.309999465942386,25.60000038146973,18.747535705566406,1915400.0
2011-06-30,626491000.0,-235666000.0,390825000.0,-212903000.0,-74537000.0,-136573000.0,-4200000.0,177922000.0,-2022000.0,175900000,0.0,175900000,-50307000.0,125593000,125593000,125593000,1012887000.0,297632000.0,237928000.0,1727852000.0,1308850000.0,491041000.0,1799891000.0,3527743000,377459000.0,414340000.0,300000000.0,602585000.0,1016925000,296000.0,2524790000.0,2510818000.0,3527743000,125593000.0,50016000.0,38114000.0,32551000.0,246274000.0,-45768000.0,0.0,-7811000.0,-53579000.0,-62077000.0,0.0,-41792000.0,-99077000.0,93618000,2011-06-30,25.03000068664551,25.63999938964844,25.03000068664551,25.559999465942386,18.861387252807614,1682400.0
2011-12-31,591359000.0,-243399000.0,347960000.0,-233450000.0,-80826000.0,-142084000.0,-4338000.0,114510000.0,2374000.0,116884000,0.0,116884000,-28754000.0,88130000,88130000,88130000,816535000.0,246229000.0,233404000.0,1465200000.0,1365815000.0,689640000.0,2055455000.0,3520655000,348523000.0,379659000.0,308700000.0,636530000.0,1016189000,292000.0,2517166000.0,2504466000.0,3520655000,88130000.0,51995000.0,14596000.0,94599000.0,249320000.0,-66652000.0,-25108000.0,-8793000.0,-100553000.0,-64158000.0,-4189000.0,-53543000.0,-117648000.0,31119000,2011-12-30,26.21999931335449,26.38999938964844,26.040000915527344,26.040000915527344,19.578956604003906,1006000.0
2012-03-31,571212000.0,-235782000.0,335430000.0,-215832000.0,-78011000.0,-136075000.0,-4029000.0,119598000.0,-230000.0,119368000,-7712000.0,111656000,-88948000.0,22708000,54517000,54517000,935956000.0,296255000.0,220153000.0,1637246000.0,1361300000.0,671691000.0,2032991000.0,3670237000,408898000.0,437627000.0,308700000.0,729412000.0,1167039000,9125000.0,2507298000.0,2503198000.0,3670237000,54517000.0,53476000.0,12706000.0,121172000.0,196499000.0,-56279000.0,0.0,0.0,-1652000.0,-64384000.0,0.0,-16244000.0,-75456000.0,119391000,2012-03-30,28.739999771118164,28.76000022888184,28.239999771118164,28.59000015258789,21.66265296936035,2997600.0
2012-06-30,604956000.0,-232967000.0,371989000.0,-213585000.0,-79980000.0,-134007000.0,-4049000.0,158404000.0,-108000.0,158296000,-22383000.0,135913000,-25279000.0,110634000,110634000,110634000,956386000.0,317461000.0,242162000.0,1699366000.0,1353606000.0,684974000.0,2038580000.0,3737946000,425613000.0,755389000.0,5592000.0,444280000.0,1199669000,293000.0,2553418000.0,2538277000.0,3737946000,110634000.0,53554000.0,39696000.0,-13790000.0,190094000.0,-75210000.0,-3480000.0,-2257000.0,-78967000.0,-64408000.0,-400000.0,-31057000.0,-90618000.0,20509000,2012-06-29,25.3700008392334,25.63999938964844,25.32999992370605,25.63999938964844,19.589702606201172,2862300.0
2012-12-31,605306000.0,-241931000.0,363375000.0,-223605000.0,-80058000.0,-135742000.0,-3903000.0,139770000.0,-2798000.0,136972000,-22222000.0,114750000,-38128000.0,76622000,76622000,76622000,1030299000.0,264545000.0,257690000.0,1723995000.0,1359014000.0,655544000.0,2014558000.0,3738553000,343663000.0,673819000.0,3997000.0,483522000.0,1157341000,7040000.0,2589619000.0,2581212000.0,3738553000,76622000.0,51880000.0,30572000.0,96023000.0,255097000.0,-57987000.0,0.0,0.0,-57987000.0,-70063000.0,-74000.0,-20855000.0,-91853000.0,105257000,2012-12-31,28.899999618530273,29.399999618530273,28.790000915527344,29.399999618530273,22.854204177856445,1550400.0
2013-03-31,604884000.0,-228782000.0,376102000.0,-221824000.0,-81954000.0,-134138000.0,-3903000.0,154278000.0,-2669000.0,151609000,0.0,151609000,-22824000.0,128785000,131388000,131388000,1573075000.0,300046000.0,268018000.0,2335958000.0,1368905000.0,629255000.0,1998160000.0,4334118000,376798000.0,706963000.0,503573000.0,1014589000.0,1721552000,292000.0,2629895000.0,2612566000.0,4334118000,131388000.0,50391000.0,35428000.0,-2229000.0,211693000.0,-44746000.0,50000000.0,0.0,5254000.0,-70421000.0,490242000.0,-48192000.0,375926000.0,592873000,2013-03-28,32.139999389648445,32.75,32.09999847412109,32.639999389648445,25.55905723571777,2860100.0
2013-06-30,608194000.0,-236795000.0,371399000.0,-217509000.0,-82083000.0,-132009000.0,-3670000.0,153890000.0,-6831000.0,147059000,-2800000.0,144259000,-25245000.0,119014000,119014000,119014000,1200046000.0,285438000.0,275640000.0,1939906000.0,1373124000.0,622880000.0,1996004000.0,3935910000,378336000.0,404893000.0,503573000.0,1023019000.0,1427912000,288000.0,2523457000.0,2507998000.0,3935910000,119014000.0,51191000.0,15686000.0,28509000.0,214400000.0,-44384000.0,-500000.0,-2182000.0,-36280000.0,-69532000.0,-299049000.0,-175099000.0,-551114000.0,-372994000,2013-06-28,27.71999931335449,28.020000457763672,27.59000015258789,27.78000068664551,21.919818878173828,4888200.0
2013-12-31,620274000.0,-291602000.0,328672000.0,-248944000.0,-83471000.0,-142971000.0,-4968000.0,79728000.0,-5833000.0,73895000,-9334000.0,64561000,-20208000.0,44353000,44353000,44353000,1149909000.0,288285000.0,297234000.0,1890136000.0,1372393000.0,1044353000.0,2416746000.0,4306882000,352609000.0,381116000.0,1000871000.0,1569702000.0,1950818000,283000.0,2368350000.0,2356064000.0,4306882000,44353000.0,64404000.0,13441000.0,112233000.0,234431000.0,-46133000.0,27000000.0,-453506000.0,-472639000.0,-73324000.0,495956000.0,-38489000.0,378570000.0,140362000,2013-12-31,28.07999992370605,28.11000061035156,27.790000915527344,27.899999618530273,22.422815322875977,2782800.0
2014-03-31,605681000.0,-265744000.0,339937000.0,-230707000.0,-80680000.0,-141493000.0,-4863000.0,109230000.0,5174000.0,114404000,-2492000.0,111912000,10632000.0,122544000,122544000,122544000,1231248000.0,304128000.0,290518000.0,1979278000.0,1355268000.0,1020019000.0,2375287000.0,4354565000,364603000.0,391388000.0,1000871000.0,1562573000.0,1953961000,283000.0,2412627000.0,2400604000.0,4354565000,122544000.0,64665000.0,-9239000.0,33728000.0,211698000.0,-25789000.0,0.0,-5750000.0,-31539000.0,-73481000.0,-439000.0,-29935000.0,-98820000.0,81339000,2014-03-31,32.459999084472656,33.130001068115234,32.380001068115234,33.11999893188477,26.839658737182607,3931400.0
2014-06-30,642467000.0,-273507000.0,368960000.0,-243029000.0,-83153000.0,-143802000.0,-4423000.0,125931000.0,-8943000.0,116988000,-9381000.0,107607000,-22814000.0,84793000,84793000,84793000,1372425000.0,295828000.0,289292000.0,2086702000.0,1331519000.0,987397000.0,2318916000.0,4405618000,372901000.0,398635000.0,1001026000.0,1577072000.0,1975707000,23290000.0,2423794000.0,2429911000.0,4405618000,84793000.0,64391000.0,22382000.0,62518000.0,234084000.0,-22027000.0,-49953000.0,0.0,-71980000.0,-73626000.0,-2430000.0,31663000.0,-70880000.0,91224000,2014-06-30,34.029998779296875,34.049999237060554,33.610000610351555,33.810001373291016,27.61293029785156,2086700.0
2015-03-31,577263000.0,-261995000.0,315268000.0,-204296000.0,-75766000.0,-123913000.0,-3977000.0,110972000.0,-5534000.0,105438000,-5522000.0,99916000,-20483000.0,79433000,79433000,79433000,1467339000.0,278427000.0,297270000.0,2180688000.0,1155589000.0,831440000.0,1987029000.0,4167717000,324784000.0,355334000.0,1000000000.0,1558534000.0,1913868000,12359000.0,2260011000.0,2253849000.0,4167717000,79433000.0,71439000.0,9647000.0,21545000.0,182064000.0,-8570000.0,-200000.0,0.0,-8270000.0,-79419000.0,0.0,-14045000.0,-87467000.0,86327000,2015-03-31,35.15999984741211,35.2400016784668,34.72999954223633,34.810001373291016,29.20075988769531,2732400.0
2015-06-30,582517000.0,-278816000.0,303701000.0,-208204000.0,-72532000.0,-121552000.0,-3618000.0,95497000.0,28500000.0,123997000,-549000.0,123448000,-24789000.0,98659000,98659000,98659000,1626119000.0,278844000.0,288474000.0,2319403000.0,1090739000.0,805929000.0,1896668000.0,4216071000,351826000.0,383177000.0,987687000.0,1542874000.0,1926051000,28142000.0,2279112000.0,2290020000.0,4216071000,98659000.0,92639000.0,-18348000.0,84689000.0,221790000.0,-12619000.0,0.0,35550000.0,22931000.0,-79558000.0,0.0,19026000.0,-85953000.0,158768000,2015-06-30,34.860000610351555,34.93000030517578,34.419998168945305,34.580001831054695,29.246152877807607,2319400.0
2016-06-30,566126000.0,-219099000.0,347027000.0,-196623000.0,-71483000.0,-113491000.0,-2538000.0,150404000.0,-6427000.0,143977000,-28031000.0,115946000,-23607000.0,92339000,92339000,92339000,2230668000.0,256531000.0,227929000.0,2807048000.0,692551000.0,735017000.0,1427568000.0,4234616000,320907000.0,609403000.0,990090000.0,1517399000.0,2126802000,284000.0,2121749000.0,2107814000.0,4234616000,92339000.0,46414000.0,96295000.0,77967000.0,254071000.0,12203000.0,23446000.0,0.0,35649000.0,-85210000.0,250000000.0,-37144000.0,105169000.0,394889000,2016-06-30,35.150001525878906,35.709999084472656,34.90999984741211,35.689998626708984,31.23426818847656,2025100.0
2016-12-31,550998000.0,-210820000.0,340178000.0,-190721000.0,-71543000.0,-114057000.0,-2348000.0,149457000.0,-636000.0,148821000,-383000.0,148438000,-17961000.0,130477000,130477000,130477000,2086896000.0,224342000.0,236040000.0,2622562000.0,660660000.0,664752000.0,1325412000.0,3947974000,224536000.0,260673000.0,991281000.0,1543110000.0,1803783000,284000.0,2155698000.0,2144191000.0,3947974000,130477000.0,42140000.0,9114000.0,5179000.0,186910000.0,-13551000.0,-199494000.0,0.0,-207325000.0,-93562000.0,-250000000.0,-40661000.0,-384223000.0,-404638000,2016-12-30,39.13999938964844,39.16999816894531,38.45000076293945,38.56999969482422,34.312244415283196,1658300.0
2017-03-31,581216000.0,-214312000.0,366904000.0,-191652000.0,-73987000.0,-113163000.0,-2348000.0,175252000.0,-3884000.0,171368000,-1000000.0,170368000,-30155000.0,140213000,140213000,140213000,2155881000.0,257592000.0,241439000.0,2715107000.0,636835000.0,665841000.0,1302676000.0,4017783000,258386000.0,294110000.0,991877000.0,1563364000.0,1857474000,284000.0,2169760000.0,2160309000.0,4017783000,140213000.0,40473000.0,6142000.0,32869000.0,219697000.0,-7499000.0,-99560000.0,0.0,-106059000.0,-93387000.0,0.0,-50959000.0,-144346000.0,-30708000,2017-03-31,45.08000183105469,45.15999984741211,44.72000122070313,44.959999084472656,40.29258346557617,2439400.0
2017-06-30,602005000.0,-208339000.0,393666000.0,-194288000.0,-75129000.0,-114011000.0,-2050000.0,199378000.0,-3798000.0,195580000,0.0,195580000,-32271000.0,163309000,163309000,163309000,2744839000.0,256454000.0,247242000.0,3305594000.0,606581000.0,658058000.0,1264639000.0,4570233000,264023000.0,278997000.0,1487678000.0,2088542000.0,2367539000,283000.0,2212301000.0,2202694000.0,4570233000,163309000.0,38194000.0,60332000.0,8433000.0,243648000.0,-5474000.0,109000.0,0.0,-12085000.0,-93395000.0,500000000.0,-19903000.0,357831000.0,589394000,2017-06-30,44.88999938964844,45.11000061035156,44.349998474121094,44.900001525878906,40.519134521484375,2352900.0
2017-12-31,622637000.0,-212961000.0,409676000.0,-207778000.0,-85323000.0,-115896000.0,-995000.0,201898000.0,-3121000.0,198777000,-850000.0,197927000,-272942000.0,-75015000,-75015000,-75015000,2823275000.0,235695000.0,259597000.0,3342720000.0,597818000.0,623974000.0,1221792000.0,4564512000,246696000.0,745390000.0,990428000.0,1833424000.0,2578814000,283000.0,1997207000.0,1985698000.0,4564512000,-75014000.0,35813000.0,17203000.0,251023000.0,229025000.0,-20969000.0,1440000.0,0.0,-18679000.0,-101421000.0,0.0,-54575000.0,-155996000.0,54350000,2017-12-29,52.77999877929688,52.95000076293945,52.25,52.27999877929688,47.878379821777344,1224400.0
2018-03-31,648599000.0,-224653000.0,423946000.0,-199108000.0,-81304000.0,-114390000.0,-876000.0,224838000.0,-2534000.0,222304000,0.0,222304000,-28677000.0,193627000,193627000,193627000,2724394000.0,320553000.0,273616000.0,3340838000.0,589177000.0,693180000.0,1282357000.0,4623195000,304901000.0,803951000.0,990787000.0,1868253000.0,2672204000,283000.0,1963912000.0,1950991000.0,4623195000,193627000.0,37201000.0,19095000.0,-26698000.0,223225000.0,-14086000.0,94226000.0,-57773000.0,22367000.0,-117883000.0,0.0,-129626000.0,-247509000.0,-1917000,2018-03-29,59.52000045776367,60.41999816894531,58.79999923706055,60.22000122070313,55.525123596191406,3271700.0
2018-06-30,633154000.0,-214486000.0,418668000.0,-196272000.0,-82610000.0,-112056000.0,-844000.0,222396000.0,1306000.0,223702000,0.0,223702000,-29529000.0,194173000,194173000,194173000,2626399000.0,280072000.0,282390000.0,3210409000.0,579364000.0,661788000.0,1241152000.0,4451561000,297989000.0,797395000.0,991147000.0,1723226000.0,2520621000,279000.0,1945646000.0,1930940000.0,4451561000,194172000.0,35206000.0,42484000.0,-124353000.0,147509000.0,-12056000.0,10809000.0,0.0,-2097000.0,-117321000.0,0.0,-83890000.0,-231521000.0,-86109000,2018-06-29,58.61999893188477,59.52999877929688,58.22000122070313,58.65999984741211,54.47539138793945,2466500.0
2018-12-31,576906000.0,-203858000.0,373048000.0,-190091000.0,-77853000.0,-110303000.0,-756000.0,182957000.0,472000.0,183429000,-753000.0,182676000,-50784000.0,131892000,131892000,131892000,1960641000.0,391419000.0,278925000.0,2657918000.0,571983000.0,659026000.0,1231009000.0,3888927000,275879000.0,406480000.0,991866000.0,1727033000.0,2133513000,279000.0,1766471000.0,1755414000.0,3888927000,131892000.0,26803000.0,19510000.0,46045000.0,224250000.0,-12596000.0,411672000.0,0.0,399076000.0,-126808000.0,-500000000.0,-175106000.0,-815358000.0,-192032000,2018-12-31,50.61000061035156,51.09000015258789,50.209999084472656,50.849998474121094,47.9709587097168,2021900.0
2019-03-31,542383000.0,-201552000.0,340831000.0,-183691000.0,-74116000.0,-107075000.0,-756000.0,157140000.0,3318000.0,160458000,0.0,160458000,-29845000.0,130613000,130613000,130613000,1898427000.0,381152000.0,272832000.0,2576769000.0,571955000.0,655130000.0,1227085000.0,3803854000,809222000.0,915233000.0,992225000.0,1225874000.0,2141107000,279000.0,1672938000.0,1662747000.0,3803854000,130613000.0,27182000.0,18922000.0,30221000.0,206938000.0,-21225000.0,312374000.0,0.0,288933000.0,-125566000.0,0.0,-111848000.0,-248048000.0,247823000,2019-03-29,53.22000122070313,53.43999862670898,52.88999938964844,53.16999816894531,50.577903747558594,1686300.0
2019-06-30,556545000.0,-200154000.0,356391000.0,-182820000.0,-75130000.0,-105136000.0,-756000.0,173571000.0,4079000.0,177650000,0.0,177650000,189908000.0,367558000,367558000,367558000,1898332000.0,360016000.0,246512000.0,2539500000.0,577722000.0,626760000.0,1204482000.0,3743982000,587626000.0,688116000.0,992584000.0,1210590000.0,1898706000,272000.0,1856358000.0,1845276000.0,3743982000,367558000.0,25569000.0,48497000.0,-204157000.0,237467000.0,-30347000.0,100255000.0,0.0,71524000.0,-125345000.0,0.0,-74204000.0,-206212000.0,102779000,2019-06-28,60.31999969482422,60.849998474121094,59.7400016784668,59.81999969482422,57.411582946777344,4081100.0
2020-06-30,545369000.0,-183001000.0,362368000.0,-187632000.0,-72893000.0,-110172000.0,-810000.0,174736000.0,-8488000.0,166248000,3251000.0,169499000,37799000.0,207298000,207298000,207298000,1614206000.0,404778000.0,259626000.0,2317829000.0,550406000.0,761068000.0,1311474000.0,3629303000,304418000.0,453334000.0,994022000.0,1518512000.0,1971846000,266000.0,1671786000.0,1657457000.0,3629303000,207298000.0,36384000.0,40360000.0,-71713000.0,212329000.0,-15556000.0,10184000.0,-69065000.0,-74435000.0,-128058000.0,0.0,-56334000.0,-191133000.0,-53239000,2020-06-30,59.790000915527344,60.88000106811523,59.4900016784668,60.61000061035156,60.19919967651367,2295500.0
