Report Date,Revenue,Cost of Revenue,Gross Profit,Operating Expenses,"Selling, General & Administrative",Depreciation & Amortization,Operating Income (Loss),Non-Operating Income (Loss),"Interest Expense, Net","Pretax Income (Loss), Adj.",Abnormal Gains (Losses),Pretax Income (Loss),"Income Tax (Expense) Benefit, Net",Income (Loss) from Continuing Operations,Net Income,Net Income (Common),"Cash, Cash Equivalents & Short Term Investments",Accounts & Notes Receivable,Total Current Assets,"Property, Plant & Equipment, Net",Other Long Term Assets,Total Noncurrent Assets,Total Assets,Payables & Accruals,Short Term Debt,Total Current Liabilities,Long Term Debt,Total Noncurrent Liabilities,Total Liabilities,Share Capital & Additional Paid-In Capital,Retained Earnings,Total Equity,Total Liabilities & Equity,Net Income/Starting Line,Depreciation & Amortization.1,Non-Cash Items,Change in Working Capital,Change in Accounts Receivable,Change in Accounts Payable,Change in Other,Net Cash from Operating Activities,Change in Fixed Assets & Intangibles,Net Cash from Acquisitions & Divestitures,Net Cash from Investing Activities,Dividends Paid,Cash from (Repayment of) Debt,Cash from (Repurchase of) Equity,Net Cash from Financing Activities,Net Change in Cash,Price Date,Open,High,Low,Close,Adj Close,Volume
2013-03-31,1319000000.0,-579000000.0,740000000.0,-563000000.0,-442000000.0,-121000000.0,177000000.0,-101000000.0,-77000000.0,76000000,-35000000.0,41000000,-18000000.0,22000000,35000000,35000000,233000000.0,1076000000.0,1609000000.0,537000000.0,12270000000.0,12807000000.0,14416000000,922000000.0,372000000.0,1639000000.0,5948000000.0,7529000000.0,9168000000,6769000000.0,-1217000000.0,5248000000.0,14416000000,34000000.0,128000000.0,41000000.0,-149000000.0,27000000.0,-165000000.0,-11000000.0,54000000.0,-70000000.0,-11000000.0,-82000000.0,-56000000.0,33000000.0,16000000.0,-12000000.0,-55000000,2013-03-28,35.130001068115234,35.84000015258789,35.06999969482422,35.81999969482422,28.213363647460927,1402000.0
2013-06-30,1386000000.0,-580000000.0,806000000.0,-560000000.0,-434000000.0,-126000000.0,246000000.0,-77000000.0,-73000000.0,169000000,-8000000.0,161000000,-46000000.0,119000000,426000000,426000000,1157000000.0,1104000000.0,2541000000.0,535000000.0,11464000000.0,11999000000.0,14540000000,918000000.0,335000000.0,1534000000.0,5920000000.0,7426000000.0,8960000000,6756000000.0,-791000000.0,5580000000.0,14540000000,426000000.0,130000000.0,-290000000.0,-60000000.0,-92000000.0,45000000.0,-13000000.0,206000000.0,-100000000.0,926000000.0,827000000.0,-59000000.0,-73000000.0,35000000.0,-102000000.0,924000000,2013-06-28,34.169998168945305,34.259998321533196,33.549999237060554,33.59000015258789,26.58234214782715,7860200.0
2013-09-30,1387000000.0,-573000000.0,814000000.0,-551000000.0,-434000000.0,-117000000.0,263000000.0,-72000000.0,-77000000.0,191000000,-20000000.0,171000000,-40000000.0,131000000,134000000,134000000,737000000.0,1138000000.0,2211000000.0,555000000.0,12949000000.0,13504000000.0,15715000000,1089000000.0,361000000.0,1774000000.0,6521000000.0,8229000000.0,10003000000,6702000000.0,-657000000.0,5712000000.0,15715000000,131000000.0,117000000.0,8000000.0,65000000.0,42000000.0,-8000000.0,31000000.0,321000000.0,-85000000.0,-1183000000.0,-1268000000.0,-74000000.0,604000000.0,8000000.0,524000000.0,-420000000,2013-09-30,36.36000061035156,36.650001525878906,35.959999084472656,36.45000076293945,29.01605987548828,1943000.0
2013-12-31,1611000000.0,-666000000.0,945000000.0,-651000000.0,-505000000.0,-146000000.0,294000000.0,-91000000.0,-80000000.0,203000000,-56000000.0,147000000,13000000.0,159000000,145000000,145000000,564000000.0,1196000000.0,2134000000.0,560000000.0,12836000000.0,13396000000.0,15530000000,1081000000.0,148000000.0,1535000000.0,6492000000.0,8188000000.0,9723000000,6628000000.0,-512000000.0,5807000000.0,15530000000,145000000.0,146000000.0,-67000000.0,96000000.0,-61000000.0,73000000.0,84000000.0,320000000.0,-119000000.0,-46000000.0,-164000000.0,-76000000.0,-255000000.0,15000000.0,-327000000.0,-173000000,2013-12-31,45.70000076293945,46.20000076293945,45.6500015258789,45.88999938964844,36.71212768554688,1297900.0
2014-03-31,1489000000.0,-642000000.0,847000000.0,-630000000.0,-489000000.0,-141000000.0,217000000.0,-106000000.0,-76000000.0,111000000,-24000000.0,87000000,-33000000.0,55000000,58000000,58000000,301000000.0,1186000000.0,1933000000.0,530000000.0,13010000000.0,13540000000.0,15473000000,1001000000.0,185000000.0,1531000000.0,6461000000.0,8145000000.0,9676000000,6560000000.0,-454000000.0,5797000000.0,15473000000,55000000.0,141000000.0,41000000.0,-147000000.0,21000000.0,-167000000.0,-1000000.0,90000000.0,-77000000.0,-184000000.0,-261000000.0,-74000000.0,6000000.0,-5000000.0,-75000000.0,-263000000,2014-03-31,44.36000061035156,44.66999816894531,44.209999084472656,44.63000106811523,35.8583869934082,1296000.0
2014-06-30,1594000000.0,-677000000.0,917000000.0,-627000000.0,-482000000.0,-145000000.0,290000000.0,-128000000.0,-77000000.0,162000000,-13000000.0,149000000,-74000000.0,76000000,74000000,74000000,310000000.0,1266000000.0,1987000000.0,530000000.0,13039000000.0,13569000000.0,15556000000,1028000000.0,136000000.0,1503000000.0,6556000000.0,8209000000.0,9712000000,6491000000.0,-380000000.0,5844000000.0,15556000000,76000000.0,145000000.0,62000000.0,-73000000.0,-68000000.0,0.0,-5000000.0,210000000.0,-94000000.0,-8000000.0,-102000000.0,-93000000.0,19000000.0,14000000.0,-99000000.0,9000000,2014-06-30,48.459999084472656,48.61000061035156,48.1500015258789,48.40999984741211,39.09943771362305,1858400.0
2014-09-30,1572000000.0,-648000000.0,924000000.0,-607000000.0,-468000000.0,-139000000.0,317000000.0,-124000000.0,-73000000.0,193000000,-6000000.0,187000000,-95000000.0,92000000,91000000,91000000,369000000.0,1189000000.0,1982000000.0,525000000.0,12854000000.0,13379000000.0,15361000000,1118000000.0,112000000.0,1542000000.0,6508000000.0,8119000000.0,9661000000,6413000000.0,-289000000.0,5700000000.0,15361000000,92000000.0,139000000.0,65000000.0,96000000.0,38000000.0,8000000.0,50000000.0,392000000.0,-103000000.0,-11000000.0,-114000000.0,-94000000.0,-54000000.0,-4000000.0,-202000000.0,59000000,2014-09-30,44.70000076293945,44.91999816894531,44.18999862670898,44.33000183105469,35.994140625,1872500.0
2014-12-31,1633000000.0,-653000000.0,980000000.0,-626000000.0,-478000000.0,-148000000.0,354000000.0,-110000000.0,-71000000.0,244000000,-46000000.0,198000000,-34000000.0,158000000,161000000,161000000,273000000.0,1241000000.0,2011000000.0,533000000.0,12782000000.0,13315000000.0,15326000000,1097000000.0,393000000.0,1794000000.0,6419000000.0,8399000000.0,10193000000,6376000000.0,-128000000.0,5133000000.0,15326000000,158000000.0,148000000.0,163000000.0,-68000000.0,-84000000.0,155000000.0,-139000000.0,401000000.0,-138000000.0,-117000000.0,-255000000.0,-95000000.0,241000000.0,-368000000.0,-209000000.0,-96000000,2014-12-31,45.2599983215332,45.47000122070313,44.70000076293945,44.72999954223633,36.54026794433594,1877600.0
2015-03-31,1458000000.0,-622000000.0,836000000.0,-623000000.0,-481000000.0,-142000000.0,213000000.0,-98000000.0,-72000000.0,115000000,-14000000.0,101000000,-38000000.0,63000000,63000000,63000000,343000000.0,1168000000.0,2065000000.0,512000000.0,12811000000.0,13323000000.0,15388000000,930000000.0,188000000.0,1438000000.0,7159000000.0,9107000000.0,10545000000,6317000000.0,-65000000.0,4843000000.0,15388000000,63000000.0,142000000.0,40000000.0,-144000000.0,47000000.0,-200000000.0,9000000.0,101000000.0,-102000000.0,-191000000.0,-291000000.0,-90000000.0,516000000.0,-135000000.0,288000000.0,70000000,2015-03-31,44.70000076293945,44.97999954223633,44.41999816894531,44.56999969482422,36.61320114135742,2995100.0
2015-06-30,1559000000.0,-648000000.0,911000000.0,-611000000.0,-465000000.0,-146000000.0,300000000.0,-84000000.0,-78000000.0,216000000,-14000000.0,202000000,-86000000.0,116000000,114000000,114000000,331000000.0,1227000000.0,2114000000.0,508000000.0,12843000000.0,13351000000.0,15465000000,970000000.0,331000000.0,1633000000.0,7142000000.0,9080000000.0,10713000000,6211000000.0,49000000.0,4752000000.0,15465000000,116000000.0,146000000.0,22000000.0,-31000000.0,-43000000.0,13000000.0,-1000000.0,253000000.0,-97000000.0,-6000000.0,-102000000.0,-102000000.0,109000000.0,-159000000.0,-161000000.0,-12000000,2015-06-30,45.06999969482422,45.13000106811523,44.61000061035156,44.77000045776367,37.00864028930664,2081200.0
2015-09-30,1531000000.0,-615000000.0,916000000.0,-603000000.0,-459000000.0,-144000000.0,313000000.0,-73000000.0,-78000000.0,240000000,-15000000.0,225000000,-82000000.0,142000000,142000000,142000000,358000000.0,1163000000.0,2106000000.0,486000000.0,12685000000.0,13171000000.0,15277000000,1117000000.0,339000000.0,1755000000.0,7114000000.0,9024000000.0,10779000000,5281000000.0,191000000.0,4498000000.0,15277000000,142000000.0,144000000.0,8000000.0,160000000.0,28000000.0,47000000.0,85000000.0,454000000.0,-107000000.0,-1000000.0,-111000000.0,-115000000.0,-23000000.0,-159000000.0,-301000000.0,27000000,2015-09-30,44.16999816894531,45.58000183105469,43.849998474121094,44.47000122070313,36.99798583984375,6014400.0
2015-12-31,1624000000.0,-654000000.0,970000000.0,-652000000.0,-510000000.0,-142000000.0,318000000.0,123000000.0,-79000000.0,441000000,-8000000.0,433000000,-177000000.0,254000000,251000000,251000000,357000000.0,1235000000.0,1908000000.0,490000000.0,12905000000.0,13395000000.0,15303000000,1055000000.0,310000000.0,1687000000.0,7028000000.0,8989000000.0,10676000000,5151000000.0,341000000.0,4627000000.0,15303000000,254000000.0,142000000.0,28000000.0,-23000000.0,-67000000.0,176000000.0,-132000000.0,401000000.0,-95000000.0,-18000000.0,-77000000.0,-101000000.0,-92000000.0,-142000000.0,-318000000.0,-1000000,2015-12-31,46.84000015258789,47.0,46.4900016784668,46.599998474121094,38.99916458129883,1245000.0
2016-03-31,1487000000.0,-641000000.0,846000000.0,-612000000.0,-465000000.0,-147000000.0,234000000.0,-79000000.0,-78000000.0,155000000,-10000000.0,145000000,-44000000.0,101000000,100000000,100000000,432000000.0,1239000000.0,2054000000.0,482000000.0,13052000000.0,13534000000.0,15588000000,999000000.0,189000000.0,1504000000.0,7471000000.0,9372000000.0,10876000000,5098000000.0,387000000.0,4712000000.0,15588000000,101000000.0,147000000.0,14000000.0,-175000000.0,3000000.0,-191000000.0,13000000.0,87000000.0,-109000000.0,-47000000.0,-156000000.0,-101000000.0,299000000.0,-65000000.0,130000000.0,75000000,2016-03-31,52.66999816894531,53.08000183105469,52.56999969482422,52.65999984741211,44.317230224609375,1794900.0
2016-06-30,1596000000.0,-654000000.0,942000000.0,-626000000.0,-474000000.0,-152000000.0,316000000.0,-86000000.0,-82000000.0,230000000,-34000000.0,196000000,-82000000.0,114000000,113000000,113000000,346000000.0,1313000000.0,2035000000.0,478000000.0,13205000000.0,13683000000.0,15718000000,1016000000.0,1075000000.0,2415000000.0,6933000000.0,8835000000.0,11250000000,4897000000.0,389000000.0,4468000000.0,15718000000,114000000.0,152000000.0,20000000.0,-76000000.0,-66000000.0,-9000000.0,-1000000.0,210000000.0,-112000000.0,-205000000.0,-316000000.0,-111000000.0,344000000.0,-210000000.0,21000000.0,-86000000,2016-06-30,51.959999084472656,52.099998474121094,51.20000076293945,51.97000122070313,43.99039840698242,4529600.0
2016-09-30,1570000000.0,-642000000.0,928000000.0,-603000000.0,-452000000.0,-151000000.0,325000000.0,-82000000.0,-84000000.0,243000000,-29000000.0,214000000,-82000000.0,132000000,130000000,130000000,446000000.0,1240000000.0,2051000000.0,485000000.0,13164000000.0,13649000000.0,15700000000,1132000000.0,578000000.0,2011000000.0,7379000000.0,9254000000.0,11265000000,4859000000.0,408000000.0,4435000000.0,15700000000,132000000.0,151000000.0,9000000.0,164000000.0,71000000.0,-19000000.0,112000000.0,456000000.0,-103000000.0,-11000000.0,-119000000.0,-111000000.0,-81000000.0,-47000000.0,-241000000.0,100000000,2016-09-30,53.68000030517578,53.959999084472656,53.38000106811523,53.56999969482422,45.60915756225586,2778000.0
2016-12-31,1656000000.0,-670000000.0,986000000.0,-613000000.0,-460000000.0,-153000000.0,373000000.0,-80000000.0,-85000000.0,293000000,-32000000.0,261000000,-101000000.0,160000000,159000000,159000000,754000000.0,1171000000.0,2222000000.0,471000000.0,13037000000.0,13508000000.0,15730000000,1109000000.0,188000000.0,1594000000.0,7738000000.0,9843000000.0,11437000000,4857000000.0,456000000.0,4293000000.0,15730000000,160000000.0,153000000.0,79000000.0,151000000.0,45000000.0,156000000.0,-50000000.0,543000000.0,-67000000.0,12000000.0,-51000000.0,-111000000.0,-25000000.0,-14000000.0,-158000000.0,308000000,2016-12-30,42.27000045776367,42.34000015258789,41.79999923706055,41.95000076293945,35.97101593017578,1307600.0
2017-03-31,1526000000.0,-661000000.0,865000000.0,-628000000.0,-473000000.0,-155000000.0,237000000.0,-89000000.0,-89000000.0,148000000,-32000000.0,116000000,-43000000.0,73000000,71000000,71000000,451000000.0,1287000000.0,2101000000.0,464000000.0,13767000000.0,14231000000.0,16332000000,1035000000.0,236000000.0,1635000000.0,8180000000.0,10380000000.0,12015000000,4841000000.0,416000000.0,4317000000.0,16332000000,73000000.0,155000000.0,15000000.0,-203000000.0,-53000000.0,-131000000.0,-19000000.0,40000000.0,-114000000.0,-572000000.0,-686000000.0,-111000000.0,472000000.0,-29000000.0,329000000.0,-303000000,2017-03-31,41.099998474121094,41.43000030517578,41.0,41.310001373291016,35.66950225830078,2366300.0
2017-06-30,1644000000.0,-678000000.0,966000000.0,-636000000.0,-474000000.0,-162000000.0,330000000.0,-97000000.0,-91000000.0,233000000,-9000000.0,224000000,-91000000.0,133000000,131000000,131000000,510000000.0,1367000000.0,2217000000.0,454000000.0,13823000000.0,14277000000.0,16494000000,1060000000.0,163000000.0,1575000000.0,8360000000.0,10528000000.0,12103000000,4816000000.0,426000000.0,4391000000.0,16494000000,133000000.0,162000000.0,-8000000.0,-61000000.0,-66000000.0,2000000.0,3000000.0,226000000.0,-64000000.0,-9000000.0,-74000000.0,-121000000.0,56000000.0,-36000000.0,-106000000.0,59000000,2017-06-30,38.72999954223633,38.81999969482422,38.47000122070313,38.65999984741211,33.67544174194336,1701500.0
2017-09-30,1641000000.0,-692000000.0,949000000.0,-608000000.0,-448000000.0,-160000000.0,341000000.0,-92000000.0,-94000000.0,249000000,-7000000.0,242000000,-92000000.0,150000000,146000000,146000000,662000000.0,1282000000.0,2272000000.0,458000000.0,13855000000.0,14313000000.0,16585000000,1213000000.0,67000000.0,1608000000.0,8377000000.0,10517000000.0,12125000000,4787000000.0,451000000.0,4460000000.0,16585000000,150000000.0,160000000.0,5000000.0,223000000.0,104000000.0,6000000.0,113000000.0,538000000.0,-113000000.0,-14000000.0,-128000000.0,-121000000.0,-119000000.0,-26000000.0,-271000000.0,152000000,2017-09-29,41.41999816894531,41.61000061035156,41.18999862670898,41.45000076293945,36.42040252685547,2103300.0
2017-12-31,1761000000.0,-734000000.0,1027000000.0,-641000000.0,-478000000.0,-163000000.0,386000000.0,-108000000.0,-96000000.0,278000000,-32000000.0,246000000,-162000000.0,84000000,81000000,81000000,656000000.0,1280000000.0,2282000000.0,482000000.0,14102000000.0,14584000000.0,16866000000,1252000000.0,84000000.0,1697000000.0,8357000000.0,10726000000.0,12423000000,4774000000.0,411000000.0,4443000000.0,16866000000,84000000.0,163000000.0,177000000.0,82000000.0,25000000.0,164000000.0,-107000000.0,506000000.0,-156000000.0,-181000000.0,-348000000.0,-121000000.0,-15000000.0,-22000000.0,-167000000.0,-6000000,2017-12-29,36.099998474121094,36.61000061035156,35.97999954223633,36.400001525878906,32.28490447998047,3043900.0
2018-03-31,1610000000.0,-719000000.0,891000000.0,-660000000.0,-493000000.0,-167000000.0,231000000.0,-93000000.0,-94000000.0,138000000,-24000000.0,114000000,-39000000.0,75000000,72000000,72000000,462000000.0,1374000000.0,2264000000.0,468000000.0,14191000000.0,14659000000.0,16923000000,1090000000.0,360000000.0,1839000000.0,8286000000.0,10626000000.0,12465000000,4782000000.0,362000000.0,4458000000.0,16923000000,75000000.0,167000000.0,13000000.0,-372000000.0,-110000000.0,-179000000.0,-83000000.0,-117000000.0,-128000000.0,-2000000.0,-132000000.0,-121000000.0,168000000.0,-5000000.0,40000000.0,-194000000,2018-03-29,32.310001373291016,32.669998168945305,31.75,31.790000915527344,28.48746109008789,4834200.0
2018-06-30,1647000000.0,-698000000.0,949000000.0,-656000000.0,-494000000.0,-162000000.0,293000000.0,-107000000.0,-98000000.0,186000000,-65000000.0,121000000,-44000000.0,76000000,72000000,72000000,394000000.0,1320000000.0,2120000000.0,471000000.0,14107000000.0,14578000000.0,16698000000,1085000000.0,343000000.0,1789000000.0,8321000000.0,10664000000.0,12453000000,4755000000.0,309000000.0,4245000000.0,16698000000,76000000.0,162000000.0,15000000.0,-11000000.0,1000000.0,50000000.0,-62000000.0,242000000.0,-118000000.0,-28000000.0,-144000000.0,-125000000.0,20000000.0,-34000000.0,-148000000.0,-68000000,2018-06-29,30.78000068664551,31.21999931335449,30.729999542236328,30.93000030517578,28.04409217834473,2422200.0
2018-09-30,1600000000.0,-681000000.0,919000000.0,-639000000.0,-464000000.0,-175000000.0,280000000.0,-104000000.0,-97000000.0,176000000,-19000000.0,157000000,-59000000.0,98000000,96000000,96000000,446000000.0,1249000000.0,2047000000.0,461000000.0,14127000000.0,14588000000.0,16635000000,1142000000.0,307000000.0,1794000000.0,8304000000.0,10626000000.0,12420000000,4746000000.0,281000000.0,4215000000.0,16635000000,98000000.0,175000000.0,6000000.0,108000000.0,61000000.0,-61000000.0,108000000.0,387000000.0,-121000000.0,-9000000.0,-127000000.0,-124000000.0,-67000000.0,-10000000.0,-205000000.0,52000000,2018-09-28,27.90999984741211,28.040000915527344,27.520000457763672,27.65999984741211,25.41994667053223,3809900.0
2018-12-31,1658000000.0,-707000000.0,951000000.0,-678000000.0,-507000000.0,-171000000.0,273000000.0,-103000000.0,-97000000.0,170000000,-1444000000.0,-1274000000,324000000.0,-949000000,-952000000,-952000000,524000000.0,1118000000.0,2003000000.0,468000000.0,12708000000.0,13176000000.0,15179000000,1195000000.0,107000000.0,1657000000.0,8280000000.0,10479000000.0,12136000000,4752000000.0,-795000000.0,3043000000.0,15179000000,-949000000.0,171000000.0,917000000.0,407000000.0,143000000.0,169000000.0,95000000.0,546000000.0,-149000000.0,47000000.0,-103000000.0,-124000000.0,-159000000.0,-16000000.0,-363000000.0,78000000,2018-12-31,23.31999969482422,23.56999969482422,23.04999923706055,23.32999992370605,21.737812042236328,2609300.0
2019-03-31,1563000000.0,-695000000.0,868000000.0,-659000000.0,-480000000.0,-179000000.0,209000000.0,-95000000.0,-97000000.0,114000000,-35000000.0,79000000,-32000000.0,47000000,43000000,43000000,402000000.0,1221000000.0,2047000000.0,473000000.0,13222000000.0,13695000000.0,15742000000,1156000000.0,385000000.0,1917000000.0,8242000000.0,10836000000.0,12753000000,4646000000.0,-752000000.0,2989000000.0,15742000000,47000000.0,179000000.0,13000000.0,-282000000.0,-115000000.0,-130000000.0,-37000000.0,-43000000.0,-122000000.0,-59000000.0,-180000000.0,-124000000.0,233000000.0,-2000000.0,104000000.0,-122000000,2019-03-29,23.8799991607666,24.09000015258789,23.5,23.670000076293945,22.34744071960449,10097900.0
2019-06-30,1628000000.0,-699000000.0,929000000.0,-668000000.0,-483000000.0,-185000000.0,261000000.0,-100000000.0,-99000000.0,161000000,-12000000.0,149000000,-23000000.0,126000000,123000000,123000000,393000000.0,1227000000.0,2026000000.0,450000000.0,13112000000.0,13562000000.0,15588000000,1114000000.0,412000000.0,1889000000.0,8233000000.0,10711000000.0,12600000000,4533000000.0,-629000000.0,2988000000.0,15588000000,126000000.0,185000000.0,13000000.0,-98000000.0,-3000000.0,-23000000.0,-72000000.0,226000000.0,-108000000.0,-1000000.0,-110000000.0,-125000000.0,33000000.0,4000000.0,-126000000.0,-9000000,2019-06-28,22.31999969482422,22.60000038146973,22.209999084472656,22.60000038146973,21.668550491333008,4183800.0
2019-09-30,1616000000.0,-694000000.0,922000000.0,-653000000.0,-467000000.0,-186000000.0,269000000.0,-108000000.0,-99000000.0,161000000,-1009000000.0,-848000000,380000000.0,-468000000,-472000000,-472000000,389000000.0,1146000000.0,1947000000.0,423000000.0,11973000000.0,12396000000.0,14343000000,1161000000.0,298000000.0,1775000000.0,8189000000.0,10215000000.0,11990000000,4422000000.0,-1101000000.0,2353000000.0,14343000000,-468000000.0,186000000.0,1025000000.0,-330000000.0,61000000.0,-4000000.0,-387000000.0,413000000.0,-112000000.0,-2000000.0,-132000000.0,-124000000.0,-120000000.0,1000000.0,-268000000.0,-4000000,2019-09-30,21.07999992370605,21.38999938964844,20.979999542236328,21.25,20.724090576171875,5305800.0
2019-12-31,1691000000.0,-734000000.0,957000000.0,-705000000.0,-499000000.0,-206000000.0,252000000.0,-267000000.0,-96000000.0,-15000000,-28000000.0,-43000000,-65000000.0,-108000000,-109000000,-109000000,454000000.0,1103000000.0,1977000000.0,466000000.0,11876000000.0,12342000000.0,14319000000,1242000000.0,914000000.0,2501000000.0,7395000000.0,9430000000.0,11931000000,4410000000.0,-1210000000.0,2388000000.0,14319000000,-108000000.0,206000000.0,187000000.0,185000000.0,61000000.0,137000000.0,-13000000.0,470000000.0,-177000000.0,18000000.0,-160000000.0,-22000000.0,-203000000.0,1000000.0,-254000000.0,65000000,2019-12-31,19.96999931335449,20.36000061035156,19.950000762939453,20.299999237060547,19.85620307922364,4178700.0
2020-03-31,842000000.0,-324000000.0,518000000.0,-338000000.0,-202000000.0,-136000000.0,180000000.0,-92000000.0,-82000000.0,88000000,-3000000.0,85000000,-25000000.0,60000000,-18000000,-18000000,359000000.0,1182000000.0,2014000000.0,426000000.0,11753000000.0,12179000000.0,14193000000,1112000000.0,1054000000.0,2568000000.0,7359000000.0,9394000000.0,11962000000,4402000000.0,-1228000000.0,2231000000.0,14193000000,-13000000.0,214000000.0,23000000.0,-229000000.0,-107000000.0,-92000000.0,-30000000.0,-5000000.0,-112000000.0,-27000000.0,-142000000.0,-21000000.0,121000000.0,1000000.0,82000000.0,-95000000,2020-03-31,12.920000076293945,13.1899995803833,12.529999732971193,12.539999961853027,12.307859420776367,5041500.0
2020-06-30,811000000.0,-302000000.0,509000000.0,-320000000.0,-173000000.0,-147000000.0,189000000.0,-78000000.0,-83000000.0,111000000,-70000000.0,41000000,-9000000.0,32000000,-30000000,-30000000,438000000.0,1131000000.0,2073000000.0,402000000.0,11647000000.0,12049000000.0,14122000000,1100000000.0,291000000.0,1752000000.0,8130000000.0,10163000000.0,11915000000,4391000000.0,-1258000000.0,2207000000.0,14122000000,-26000000.0,224000000.0,58000000.0,-6000000.0,65000000.0,-2000000.0,-69000000.0,250000000.0,-120000000.0,-1000000.0,-120000000.0,-22000000.0,-7000000.0,1000000.0,-61000000.0,79000000,2020-06-30,14.649999618530273,14.9399995803833,14.380000114440918,14.859999656677244,14.64344596862793,3095700.0
