Report Date,Revenue,Cost of Revenue,Gross Profit,Operating Expenses,"Selling, General & Administrative",Operating Income (Loss),Non-Operating Income (Loss),"Interest Expense, Net","Pretax Income (Loss), Adj.",Pretax Income (Loss),"Income Tax (Expense) Benefit, Net",Income (Loss) from Continuing Operations,Net Income,Net Income (Common),"Cash, Cash Equivalents & Short Term Investments",Accounts & Notes Receivable,Inventories,Total Current Assets,"Property, Plant & Equipment, Net",Other Long Term Assets,Total Noncurrent Assets,Total Assets,Payables & Accruals,Total Current Liabilities,Long Term Debt,Total Noncurrent Liabilities,Total Liabilities,Share Capital & Additional Paid-In Capital,Retained Earnings,Total Equity,Total Liabilities & Equity,Net Income/Starting Line,Depreciation & Amortization.1,Non-Cash Items,Change in Working Capital,Change in Accounts Receivable,Change in Inventories,Change in Other,Net Cash from Operating Activities,Change in Fixed Assets & Intangibles,Net Cash from Investing Activities,Dividends Paid,Cash from (Repayment of) Debt,Cash from (Repurchase of) Equity,Net Cash from Financing Activities,Net Change in Cash,Price Date,Open,High,Low,Close,Adj Close,Volume
2012-12-31,6476000000.0,-4915000000.0,1561000000.0,-737000000.0,-737000000.0,824000000.0,-37000000.0,-54000000.0,787000000,787000000,-254000000.0,533000000,533000000,533000000,3862000000.0,2858000000.0,798000000.0,8392000000.0,2887000000.0,15264000000.0,18151000000.0,26543000000,4324000000.0,6056000000.0,3930000000.0,10973000000.0,17029000000,3163000000.0,11138000000.0,9514000000.0,26543000000,1978000000.0,510000000.0,-1379000000.0,-52000000.0,90000000.0,46000000.0,-188000000.0,1057000000.0,-135000000.0,-145000000.0,-134000000.0,0.0,-623000000.0,-575000000.0,337000000,2012-12-31,66.51000213623047,67.70999908447266,65.87000274658203,67.58000183105469,57.83955764770508,1682200.0
2013-06-30,6294000000.0,-4906000000.0,1388000000.0,-582000000.0,-582000000.0,806000000.0,-82000000.0,-60000000.0,724000000,724000000,-236000000.0,488000000,488000000,488000000,4904000000.0,3124000000.0,745000000.0,9564000000.0,2783000000.0,15161000000.0,17944000000.0,27508000000,3998000000.0,5639000000.0,5929000000.0,12311000000.0,17950000000,2355000000.0,11838000000.0,9558000000.0,27508000000,488000000.0,115000000.0,83000000.0,-358000000.0,-73000000.0,187000000.0,-472000000.0,328000000.0,-48000000.0,-44000000.0,-142000000.0,1964000000.0,-465000000.0,1437000000.0,1721000000,2013-06-28,83.0,83.56999969482422,82.55999755859375,82.80000305175781,72.00484466552734,1135200.0
2013-09-30,6106000000.0,-4761000000.0,1345000000.0,-555000000.0,-555000000.0,790000000.0,-70000000.0,-70000000.0,720000000,720000000,-223000000.0,497000000,497000000,497000000,4944000000.0,3003000000.0,784000000.0,9591000000.0,2763000000.0,15051000000.0,17814000000.0,27405000000,3977000000.0,5762000000.0,5928000000.0,12287000000.0,18049000000,1703000000.0,12196000000.0,9356000000.0,27405000000,497000000.0,120000000.0,91000000.0,242000000.0,121000000.0,-52000000.0,173000000.0,950000000.0,-90000000.0,-87000000.0,-139000000.0,0.0,-740000000.0,-823000000.0,40000000,2013-09-30,95.4499969482422,95.76000213623048,95.1500015258789,95.26000213623048,83.38758850097656,1159700.0
2013-12-31,6157000000.0,-4828000000.0,1329000000.0,-561000000.0,-561000000.0,768000000.0,-61000000.0,-74000000.0,707000000,707000000,-229000000.0,478000000,478000000,478000000,5150000000.0,2685000000.0,698000000.0,9488000000.0,2806000000.0,14087000000.0,16893000000.0,26381000000,4397000000.0,5815000000.0,5928000000.0,9946000000.0,15761000000,1066000000.0,12538000000.0,10620000000.0,26381000000,478000000.0,150000000.0,78000000.0,498000000.0,318000000.0,91000000.0,89000000.0,1204000000.0,-186000000.0,-177000000.0,-134000000.0,0.0,-710000000.0,-821000000.0,206000000,2013-12-31,114.25,114.77999877929688,113.8499984741211,114.61000061035156,100.87551879882812,965800.0
2014-03-31,5848000000.0,-4461000000.0,1387000000.0,-542000000.0,-542000000.0,845000000.0,-59000000.0,-69000000.0,786000000,786000000,-207000000.0,579000000,579000000,579000000,3885000000.0,3234000000.0,781000000.0,8604000000.0,2793000000.0,14138000000.0,16931000000.0,25535000000,3773000000.0,5271000000.0,5927000000.0,9695000000.0,14966000000,507000000.0,12983000000.0,10569000000.0,25535000000,579000000.0,109000000.0,-25000000.0,-1065000000.0,-531000000.0,-66000000.0,-468000000.0,-402000000.0,-60000000.0,-132000000.0,-132000000.0,0.0,-570000000.0,-731000000.0,-1265000000,2014-03-31,122.61000061035156,123.79000091552734,122.5999984741211,123.37999725341795,109.15542602539062,1007100.0
2014-06-30,6039000000.0,-4629000000.0,1410000000.0,-590000000.0,-590000000.0,820000000.0,-64000000.0,-70000000.0,756000000,756000000,-245000000.0,511000000,511000000,511000000,3476000000.0,3280000000.0,741000000.0,8390000000.0,2818000000.0,14143000000.0,16961000000.0,25351000000,3920000000.0,5414000000.0,5927000000.0,9669000000.0,15083000000,209000000.0,12945000000.0,10268000000.0,25351000000,511000000.0,108000000.0,-2000000.0,-45000000.0,-46000000.0,33000000.0,-32000000.0,572000000.0,-116000000.0,-116000000.0,-148000000.0,0.0,-731000000.0,-865000000.0,-409000000,2014-06-30,121.11000061035156,121.13999938964844,119.38999938964844,119.62999725341795,106.45735931396484,938900.0
2014-09-30,5984000000.0,-4635000000.0,1349000000.0,-580000000.0,-580000000.0,769000000.0,-75000000.0,-69000000.0,694000000,694000000,-221000000.0,473000000,473000000,473000000,3402000000.0,3233000000.0,671000000.0,8122000000.0,2845000000.0,14076000000.0,16921000000.0,25043000000,4028000000.0,5511000000.0,5926000000.0,9639000000.0,15150000000,203000000.0,12568000000.0,9893000000.0,25043000000,473000000.0,105000000.0,71000000.0,284000000.0,46000000.0,76000000.0,162000000.0,933000000.0,-109000000.0,-109000000.0,-143000000.0,0.0,-757000000.0,-898000000.0,-74000000,2014-09-30,132.16999816894528,132.94000244140622,131.30999755859378,131.75999450683594,117.89837646484376,1390500.0
2014-12-31,6108000000.0,-4653000000.0,1455000000.0,-693000000.0,-693000000.0,762000000.0,-61000000.0,-74000000.0,701000000,701000000,-195000000.0,506000000,506000000,506000000,3863000000.0,2806000000.0,742000000.0,7780000000.0,2991000000.0,15801000000.0,18792000000.0,26572000000,4459000000.0,5892000000.0,5925000000.0,13445000000.0,19337000000,199000000.0,12392000000.0,7235000000.0,26572000000,506000000.0,140000000.0,156000000.0,688000000.0,426000000.0,-67000000.0,329000000.0,1490000000.0,-276000000.0,-288000000.0,-140000000.0,0.0,-610000000.0,-741000000.0,461000000,2014-12-31,150.75,151.2100067138672,147.22999572753906,147.38999938964844,132.53944396972656,1600600.0
2015-03-31,5957000000.0,-4542000000.0,1415000000.0,-635000000.0,-635000000.0,780000000.0,-76000000.0,-76000000.0,704000000,704000000,-220000000.0,484000000,484000000,484000000,2646000000.0,3131000000.0,818000000.0,7143000000.0,2989000000.0,15134000000.0,18123000000.0,25266000000,3741000000.0,5284000000.0,6418000000.0,13234000000.0,18518000000,195000000.0,11843000000.0,6748000000.0,25266000000,484000000.0,99000000.0,111000000.0,-1348000000.0,-325000000.0,-76000000.0,-947000000.0,-654000000.0,-117000000.0,-115000000.0,-156000000.0,600000000.0,-825000000.0,-448000000.0,-1217000000,2015-03-31,161.94000244140625,162.8699951171875,160.9600067138672,160.9600067138672,145.34548950195312,1175400.0
2015-06-30,5896000000.0,-4442000000.0,1454000000.0,-641000000.0,-641000000.0,813000000.0,-77000000.0,-75000000.0,736000000,736000000,-205000000.0,531000000,531000000,531000000,1907000000.0,3151000000.0,856000000.0,6460000000.0,3005000000.0,15087000000.0,18092000000.0,24552000000,3713000000.0,5154000000.0,6417000000.0,13227000000.0,18381000000,188000000.0,11164000000.0,6171000000.0,24552000000,531000000.0,117000000.0,-23000000.0,1000000.0,-19000000.0,-41000000.0,61000000.0,626000000.0,-115000000.0,-119000000.0,-153000000.0,0.0,-1091000000.0,-1246000000.0,-739000000,2015-06-30,159.99000549316406,160.24000549316406,158.16000366210938,158.6300048828125,143.96438598632812,900600.0
2015-09-30,5979000000.0,-4522000000.0,1457000000.0,-663000000.0,-663000000.0,794000000.0,-65000000.0,-75000000.0,729000000,729000000,-213000000.0,516000000,516000000,516000000,1292000000.0,3268000000.0,856000000.0,5951000000.0,3005000000.0,15010000000.0,18015000000.0,23966000000,3701000000.0,5133000000.0,6417000000.0,13136000000.0,18269000000,183000000.0,10613000000.0,5697000000.0,23966000000,516000000.0,113000000.0,20000000.0,-92000000.0,-119000000.0,-13000000.0,40000000.0,557000000.0,-102000000.0,-64000000.0,-149000000.0,0.0,-948000000.0,-1108000000.0,-615000000,2015-09-30,165.14999389648438,167.25999450683594,164.47999572753906,165.9499969482422,151.34373474121094,1248500.0
2015-12-31,5694000000.0,-4378000000.0,1316000000.0,-627000000.0,-627000000.0,689000000.0,-68000000.0,-75000000.0,621000000,621000000,-162000000.0,459000000,459000000,459000000,2319000000.0,2841000000.0,807000000.0,6334000000.0,3064000000.0,15026000000.0,18090000000.0,24424000000,4014000000.0,5457000000.0,6386000000.0,13445000000.0,18902000000,181000000.0,10661000000.0,5522000000.0,24424000000,459000000.0,138000000.0,424000000.0,612000000.0,433000000.0,50000000.0,129000000.0,1633000000.0,-137000000.0,-133000000.0,-145000000.0,0.0,-318000000.0,-473000000.0,1027000000,2015-12-31,189.4600067138672,190.6499938964844,187.5500030517578,188.80999755859366,172.92755126953125,550600.0
2016-03-31,5956000000.0,-4561000000.0,1395000000.0,-656000000.0,-656000000.0,739000000.0,-63000000.0,-76000000.0,676000000,676000000,-120000000.0,556000000,556000000,556000000,1277000000.0,3346000000.0,898000000.0,5706000000.0,3230000000.0,14997000000.0,18227000000.0,23933000000,3684000000.0,4955000000.0,6387000000.0,13357000000.0,18312000000,181000000.0,10664000000.0,5621000000.0,23933000000,556000000.0,103000000.0,-27000000.0,-692000000.0,-514000000.0,-89000000.0,-89000000.0,-60000000.0,-298000000.0,-298000000.0,-159000000.0,-107000000.0,-282000000.0,-684000000.0,-1042000000,2016-03-31,199.0,199.5,197.30999755859366,197.8999938964844,182.0191802978516,1881900.0
2016-06-30,6000000000.0,-4583000000.0,1417000000.0,-620000000.0,-620000000.0,797000000.0,-67000000.0,-74000000.0,730000000,730000000,-213000000.0,517000000,517000000,517000000,1139000000.0,3483000000.0,973000000.0,5781000000.0,3299000000.0,15001000000.0,18300000000.0,24081000000,3767000000.0,5099000000.0,6387000000.0,13301000000.0,18400000000,179000000.0,10634000000.0,5681000000.0,24081000000,517000000.0,106000000.0,-48000000.0,29000000.0,-133000000.0,-81000000.0,243000000.0,604000000.0,-173000000.0,-171000000.0,-163000000.0,0.0,-400000000.0,-571000000.0,-138000000,2016-06-30,217.9199981689453,223.1100006103516,217.3300018310547,222.27999877929688,205.30560302734366,1485900.0
2016-09-30,6155000000.0,-4667000000.0,1488000000.0,-662000000.0,-662000000.0,826000000.0,-57000000.0,-74000000.0,769000000,769000000,-167000000.0,602000000,602000000,602000000,1103000000.0,3659000000.0,797000000.0,5771000000.0,3334000000.0,14995000000.0,18329000000.0,24100000000,3888000000.0,5106000000.0,6387000000.0,13227000000.0,18333000000,177000000.0,10628000000.0,5767000000.0,24100000000,602000000.0,113000000.0,76000000.0,-53000000.0,-183000000.0,184000000.0,-54000000.0,738000000.0,-137000000.0,-136000000.0,-160000000.0,0.0,-467000000.0,-638000000.0,-36000000,2016-09-30,214.22000122070312,215.1300048828125,210.6000061035156,213.9499969482422,198.44625854492188,1021700.0
2016-12-31,6595000000.0,-4986000000.0,1609000000.0,-694000000.0,-694000000.0,915000000.0,541000000.0,-77000000.0,1456000000,506000000,-138000000.0,368000000,368000000,368000000,2541000000.0,3299000000.0,816000000.0,6856000000.0,3588000000.0,15170000000.0,18758000000.0,25614000000,4367000000.0,5630000000.0,7058000000.0,14725000000.0,20355000000,175000000.0,10630000000.0,5259000000.0,25614000000,368000000.0,134000000.0,857000000.0,172000000.0,876000000.0,-67000000.0,-637000000.0,1531000000.0,-312000000.0,-200000000.0,-158000000.0,535000000.0,-398000000.0,107000000.0,1438000000,2016-12-30,232.8800048828125,233.33999633789062,231.7100067138672,232.5800018310547,216.5067596435547,740900.0
2017-06-30,6473000000.0,-4914000000.0,1559000000.0,-686000000.0,-686000000.0,873000000.0,-61000000.0,-76000000.0,812000000,812000000,-257000000.0,555000000,555000000,555000000,1383000000.0,4280000000.0,1039000000.0,6864000000.0,3802000000.0,15147000000.0,18949000000.0,25813000000,3938000000.0,6186000000.0,6219000000.0,13708000000.0,19894000000,174000000.0,11087000000.0,5919000000.0,25813000000,555000000.0,109000000.0,-31000000.0,-126000000.0,-192000000.0,-27000000.0,93000000.0,507000000.0,-217000000.0,-212000000.0,-175000000.0,0.0,-138000000.0,-315000000.0,-20000000,2017-06-30,255.7700042724609,257.76998901367193,255.57000732421875,256.70999145507807,240.7757873535156,581400.0
2017-09-30,6569000000.0,-5053000000.0,1516000000.0,-679000000.0,-679000000.0,837000000.0,-55000000.0,-73000000.0,782000000,782000000,-139000000.0,643000000,643000000,643000000,1878000000.0,4414000000.0,1007000000.0,7599000000.0,3925000000.0,14989000000.0,18914000000.0,26513000000,4106000000.0,6300000000.0,6227000000.0,13720000000.0,20020000000,190000000.0,11546000000.0,6493000000.0,26513000000,643000000.0,110000000.0,153000000.0,32000000.0,141000000.0,34000000.0,-143000000.0,938000000.0,-217000000.0,-203000000.0,-174000000.0,0.0,-26000000.0,-240000000.0,495000000,2017-09-29,285.2699890136719,287.80999755859375,283.7699890136719,287.7200012207031,270.86135864257807,618600.0
2017-12-31,6552000000.0,-5257000000.0,1295000000.0,-649000000.0,-649000000.0,646000000.0,665000000.0,-136000000.0,1311000000,1847000000,-826000000.0,1021000000,1021000000,1021000000,11225000000.0,1054000000.0,398000000.0,16587000000.0,4225000000.0,14316000000.0,18541000000.0,35128000000,4804000000.0,7092000000.0,14399000000.0,20904000000.0,27996000000,218000000.0,6913000000.0,7132000000.0,35128000000,1021000000.0,152000000.0,390000000.0,44000000.0,159000000.0,45000000.0,-160000000.0,1607000000.0,-278000000.0,-260000000.0,-174000000.0,8245000000.0,0.0,8000000000.0,9347000000,2017-12-29,308.25,309.19000244140625,306.9100036621094,306.9100036621094,289.869873046875,430900.0
2018-06-30,7119000000.0,-5557000000.0,1562000000.0,-739000000.0,-739000000.0,823000000.0,26000000.0,-144000000.0,849000000,849000000,-160000000.0,689000000,689000000,689000000,1539000000.0,1815000000.0,690000000.0,9722000000.0,5864000000.0,21792000000.0,27656000000.0,37378000000,4986000000.0,7833000000.0,14387000000.0,21318000000.0,29151000000,174000000.0,13669000000.0,8227000000.0,37378000000,689000000.0,159000000.0,57000000.0,-30000000.0,42000000.0,-36000000.0,-36000000.0,875000000.0,-199000000.0,-7852000000.0,-209000000.0,-1301000000.0,-41000000.0,-1853000000.0,-8830000000,2018-06-29,308.4599914550781,312.8800048828125,307.44000244140625,307.70001220703125,292.6336669921875,688700.0
2018-09-30,8085000000.0,-6090000000.0,1995000000.0,-817000000.0,-817000000.0,1178000000.0,59000000.0,-133000000.0,1237000000,1237000000,-93000000.0,1144000000,1144000000,1144000000,1228000000.0,1702000000.0,719000000.0,10132000000.0,6025000000.0,21786000000.0,27811000000.0,37943000000,5270000000.0,8039000000.0,13889000000.0,20801000000.0,28840000000,174000000.0,14464000000.0,9103000000.0,37943000000,1144000000.0,253000000.0,168000000.0,-753000000.0,93000000.0,-29000000.0,-817000000.0,812000000.0,-282000000.0,-261000000.0,-209000000.0,-476000000.0,-168000000.0,-862000000.0,-311000000,2018-09-28,316.4100036621094,317.6300048828125,315.1000061035156,317.3699951171875,303.05224609375,1015900.0
2018-12-31,8156000000.0,-6487000000.0,1669000000.0,-744000000.0,-744000000.0,925000000.0,515000000.0,-142000000.0,1440000000,785000000,-128000000.0,657000000,657000000,657000000,1579000000.0,1448000000.0,654000000.0,9680000000.0,6372000000.0,21601000000.0,27973000000.0,37653000000,5775000000.0,8274000000.0,13883000000.0,21192000000.0,29466000000,171000000.0,8068000000.0,8187000000.0,37653000000,657000000.0,266000000.0,784000000.0,670000000.0,254000000.0,65000000.0,351000000.0,2377000000.0,-463000000.0,-458000000.0,-205000000.0,-301000000.0,-1054000000.0,-1568000000.0,351000000,2018-12-31,243.30999755859366,246.9199981689453,241.72000122070312,244.8999938964844,234.93312072753903,1111700.0
2019-03-31,8189000000.0,-6493000000.0,1696000000.0,-760000000.0,-760000000.0,936000000.0,98000000.0,-138000000.0,1034000000,1034000000,-171000000.0,863000000,863000000,863000000,755000000.0,2166000000.0,778000000.0,10443000000.0,6420000000.0,22888000000.0,29308000000.0,39751000000,5305000000.0,8821000000.0,13863000000.0,22191000000.0,31012000000,170000000.0,8628000000.0,8739000000.0,39751000000,863000000.0,234000000.0,168000000.0,-2178000000.0,-718000000.0,-124000000.0,-1336000000.0,-913000000.0,-284000000.0,-280000000.0,-211000000.0,814000000.0,-60000000.0,462000000.0,-731000000,2019-03-29,268.83999633789057,270.64999389648443,268.07000732421875,269.60000610351557,259.71197509765625,935000.0
2019-06-30,8456000000.0,-6726000000.0,1730000000.0,-784000000.0,-784000000.0,946000000.0,82000000.0,-137000000.0,1028000000,1028000000,-167000000.0,861000000,861000000,861000000,1088000000.0,1832000000.0,810000000.0,10159000000.0,6522000000.0,22903000000.0,29425000000.0,39584000000,5432000000.0,8155000000.0,13838000000.0,22215000000.0,30370000000,169000000.0,9120000000.0,9214000000.0,39584000000,861000000.0,245000000.0,94000000.0,407000000.0,334000000.0,-32000000.0,105000000.0,1607000000.0,-252000000.0,-255000000.0,-224000000.0,-713000000.0,-171000000.0,-1112000000.0,240000000,2019-06-28,318.2300109863281,323.92999267578125,316.45001220703125,323.1099853515625,312.5912170410156,842800.0
2019-09-30,8475000000.0,-6748000000.0,1727000000.0,-776000000.0,-776000000.0,951000000.0,104000000.0,-123000000.0,1055000000,1055000000,-122000000.0,933000000,933000000,933000000,1127000000.0,2111000000.0,810000000.0,10836000000.0,6611000000.0,23106000000.0,29717000000.0,40553000000,5892000000.0,8416000000.0,13826000000.0,22406000000.0,30822000000,169000000.0,9649000000.0,9731000000.0,40553000000,933000000.0,445000000.0,-145000000.0,-94000000.0,-279000000.0,0.0,185000000.0,1139000000.0,-257000000.0,-250000000.0,-223000000.0,-400000000.0,-213000000.0,-850000000.0,39000000,2019-09-30,372.3800048828125,378.5799865722656,372.3800048828125,374.7900085449219,363.89251708984375,877100.0
2019-12-31,8721000000.0,-6615000000.0,2106000000.0,-970000000.0,-970000000.0,1136000000.0,95000000.0,-130000000.0,1231000000,-569000000,160000000.0,-409000000,-409000000,-409000000,2245000000.0,1326000000.0,783000000.0,10685000000.0,6912000000.0,23492000000.0,30404000000.0,41089000000,4091000000.0,9434000000.0,12770000000.0,22836000000.0,32270000000,168000000.0,8748000000.0,8819000000.0,41089000000,-409000000.0,341000000.0,1301000000.0,1231000000.0,785000000.0,21000000.0,425000000.0,2464000000.0,-471000000.0,-422000000.0,-222000000.0,-399000000.0,-300000000.0,-924000000.0,1118000000,2019-12-31,348.2699890136719,348.9800109863281,342.7300109863281,343.9700012207031,335.22259521484375,907800.0
2020-03-31,8620000000.0,-6898000000.0,1722000000.0,-788000000.0,-788000000.0,934000000.0,119000000.0,-125000000.0,1053000000,1053000000,-185000000.0,868000000,868000000,868000000,3278000000.0,2136000000.0,785000000.0,13128000000.0,6956000000.0,23119000000.0,30075000000.0,43203000000,5570000000.0,10177000000.0,14299000000.0,23964000000.0,34141000000,167000000.0,9011000000.0,9062000000.0,43203000000,868000000.0,297000000.0,174000000.0,-2332000000.0,-810000000.0,-2000000.0,-1520000000.0,-993000000.0,-272000000.0,-270000000.0,-227000000.0,2983000000.0,-344000000.0,2296000000.0,1033000000,2020-03-31,309.1700134277344,311.0,300.3800048828125,302.54998779296875,295.9313049316406,1980200.0
2020-06-30,8884000000.0,-7058000000.0,1826000000.0,-832000000.0,-832000000.0,994000000.0,209000000.0,-154000000.0,1203000000,1203000000,-198000000.0,1005000000,1005000000,1005000000,4178000000.0,1989000000.0,832000000.0,13179000000.0,7063000000.0,23233000000.0,30296000000.0,43475000000,5799000000.0,9727000000.0,14259000000.0,24036000000.0,33763000000,177000000.0,9652000000.0,9712000000.0,43475000000,1005000000.0,308000000.0,-446000000.0,1470000000.0,147000000.0,-47000000.0,1370000000.0,2337000000.0,-269000000.0,-269000000.0,-242000000.0,-771000000.0,-146000000.0,-1168000000.0,900000000,2020-06-30,308.6700134277344,309.2200012207031,304.3999938964844,307.44000244140625,301.99200439453125,772900.0
