Report Date,Revenue,Cost of Revenue,Gross Profit,Operating Expenses,"Selling, General & Administrative",Operating Income (Loss),Non-Operating Income (Loss),"Interest Expense, Net","Pretax Income (Loss), Adj.",Pretax Income (Loss),"Income Tax (Expense) Benefit, Net",Income (Loss) from Continuing Operations,Net Income,Net Income (Common),"Cash, Cash Equivalents & Short Term Investments",Accounts & Notes Receivable,Total Current Assets,"Property, Plant & Equipment, Net",Other Long Term Assets,Total Noncurrent Assets,Total Assets,Payables & Accruals,Total Current Liabilities,Long Term Debt,Total Noncurrent Liabilities,Total Liabilities,Share Capital & Additional Paid-In Capital,Treasury Stock,Retained Earnings,Total Equity,Total Liabilities & Equity,Depreciation & Amortization.1,Non-Cash Items,Change in Working Capital,Net Cash from Operating Activities,Change in Fixed Assets & Intangibles,Net Cash from Investing Activities,Cash from (Repurchase of) Equity,Net Cash from Financing Activities,Net Change in Cash,Price Date,Open,High,Low,Close,Adj Close,Volume
2010-06-30,946972000.0,-753943000.0,193029000.0,-76412000.0,-76412000.0,116617000.0,1642000.0,-701000.0,118259000,118259000,-46983000.0,71276000,71276000,71276000,1265882000.0,15011000.0,1865783000.0,164156000.0,329496000.0,493652000.0,2359435000,472626000.0,541970000.0,1999000.0,1999000.0,543969000,914791000.0,-3025755000.0,3926430000.0,1815466000.0,2359435000,1847000.0,593032000.0,-543022000.0,51857000.0,-1890000.0,-52890000.0,-166333000.0,-250377000.0,-251410000,2010-06-30,643.3599853515625,663.2999877929688,642.3200073242188,655.030029296875,655.030029296875,70700.0
2010-09-30,661935000.0,-526549000.0,135386000.0,-74737000.0,-74737000.0,60649000.0,4241000.0,777000.0,64890000,64890000,-20946000.0,43944000,43944000,43944000,1080469000.0,10714000.0,1672829000.0,256433000.0,320557000.0,576990000.0,2249819000,482840000.0,553302000.0,9839000.0,9839000.0,563141000,937829000.0,-3221525000.0,3970374000.0,1686678000.0,2249819000,1820000.0,606066000.0,-627179000.0,-19293000.0,-1146000.0,148854000.0,-195753000.0,-164600000.0,-35039000,2010-09-30,647.0,654.4000244140625,644.969970703125,647.530029296875,647.530029296875,30300.0
2010-12-31,794470000.0,-638430000.0,156040000.0,-72236000.0,-72236000.0,83804000.0,2709000.0,6396000.0,86513000,86513000,-27815000.0,58698000,58698000,58698000,1193392000.0,6948000.0,1652856000.0,269859000.0,337346000.0,607205000.0,2260061000,456139000.0,509844000.0,9343000.0,9843000.0,519687000,951440000.0,-3240138000.0,4029072000.0,1740374000.0,2260061000,1715000.0,615254000.0,-475982000.0,140987000.0,-2486000.0,23707000.0,-19287000.0,-26787000.0,137907000,2010-12-31,691.5,695.97998046875,690.5800170898438,691.02001953125,691.02001953125,21900.0
2011-03-31,502744000.0,-406160000.0,96584000.0,-73865000.0,-73865000.0,22719000.0,2116000.0,619000.0,24835000,24835000,-9661000.0,15174000,15174000,15174000,1220225000.0,7378000.0,1682310000.0,273850000.0,319568000.0,593418000.0,2275728000,384337000.0,447231000.0,9301000.0,10296000.0,457527000,1014223000.0,-3240268000.0,4044246000.0,1818201000.0,2275728000,1598000.0,429874000.0,-440505000.0,-9033000.0,-842000.0,3538000.0,29262000.0,32040000.0,26545000,2011-03-31,758.1199951171875,759.4099731445312,751.0,756.0,756.0,25000.0
2011-06-30,682663000.0,-545383000.0,137280000.0,-75943000.0,-75943000.0,61337000.0,2017000.0,534000.0,63354000,63354000,-24909000.0,38445000,38445000,38445000,929445000.0,7871000.0,1509339000.0,290352000.0,375984000.0,666336000.0,2175675000,447813000.0,515406000.0,8231000.0,9473000.0,524879000,1037505000.0,-3469400000.0,4082691000.0,1650796000.0,2175675000,1638000.0,464348000.0,-482176000.0,-16190000.0,-6329000.0,-64966000.0,-225555000.0,-208743000.0,-289899000,2011-06-30,726.02001953125,731.780029296875,720.3400268554688,725.47998046875,725.47998046875,64400.0
2011-09-30,696980000.0,-561886000.0,135094000.0,-68258000.0,-68258000.0,66836000.0,2106000.0,1113000.0,68942000,68942000,-25533000.0,43409000,43409000,43409000,496448000.0,7281000.0,1116612000.0,305534000.0,377470000.0,683004000.0,1799616000,378554000.0,445194000.0,7351000.0,8403000.0,453597000,1054440000.0,-3834521000.0,4126100000.0,1346019000.0,1799616000,1712000.0,509069000.0,-490139000.0,20642000.0,-1102000.0,1060000.0,-364328000.0,-454976000.0,-433274000,2011-09-30,610.5,614.4000244140625,602.3300170898438,603.97998046875,603.97998046875,41500.0
2011-12-31,728808000.0,-604242000.0,124566000.0,-76449000.0,-76449000.0,48117000.0,2328000.0,1544000.0,50445000,50445000,-18053000.0,32392000,32392000,32392000,480332000.0,6789000.0,1103306000.0,317490000.0,358689000.0,676179000.0,1779485000,337467000.0,398690000.0,4983000.0,5996000.0,404686000,1072985000.0,-3856678000.0,4158492000.0,1374799000.0,1779485000,1724000.0,488232000.0,-483912000.0,6044000.0,-2646000.0,-1498000.0,-21682000.0,-20874000.0,-16328000,2011-12-30,686.0,689.6699829101562,682.1599731445312,686.0,686.0,10900.0
2012-03-31,586195000.0,-477532000.0,108663000.0,-80089000.0,-80089000.0,28574000.0,2384000.0,1400000.0,30958000,30958000,-10835000.0,20123000,20123000,20123000,574383000.0,6028000.0,1162568000.0,325090000.0,363254000.0,688344000.0,1850912000,349821000.0,429195000.0,2348000.0,3476000.0,432671000,1074421000.0,-3834795000.0,4178615000.0,1418241000.0,1850912000,1805000.0,546907000.0,-457874000.0,90838000.0,-2740000.0,-291000.0,6003000.0,3818000.0,94365000,2012-03-30,741.1199951171875,741.1199951171875,726.3300170898438,726.3300170898438,726.3300170898438,29300.0
2012-06-30,755290000.0,-610485000.0,144805000.0,-82081000.0,-82081000.0,62724000.0,1231000.0,557000.0,63955000,63955000,-17117000.0,46838000,46838000,46838000,592652000.0,9612000.0,1283219000.0,343626000.0,364115000.0,707741000.0,1990960000,376088000.0,466343000.0,1050000.0,2793000.0,469136000,1113324000.0,-3816953000.0,4225453000.0,1521824000.0,1990960000,1925000.0,520819000.0,-541191000.0,-18447000.0,-2996000.0,-2024000.0,36179000.0,38575000.0,18104000,2012-06-29,851.9500122070312,854.760009765625,843.47998046875,850.0,850.0,51200.0
2012-09-30,854396000.0,-686195000.0,168201000.0,-84342000.0,-84342000.0,83859000.0,274000.0,-486000.0,84133000,84133000,-31133000.0,53000000,53000000,53000000,1077543000.0,9973000.0,1767027000.0,343271000.0,370428000.0,713699000.0,2480726000,405290000.0,500230000.0,599832000.0,601188000.0,1101418000,1134512000.0,-4033657000.0,4278453000.0,1379308000.0,2480726000,2092000.0,633526000.0,-529559000.0,106059000.0,-4278000.0,-2953000.0,-213457000.0,382179000.0,485285000,2012-09-28,845.9600219726562,850.1099853515625,842.0,844.5,844.5,25400.0
2012-12-31,925363000.0,-738021000.0,187342000.0,-88447000.0,-88447000.0,98895000.0,-2864000.0,-4496000.0,96031000,96031000,-35404000.0,60627000,60627000,60627000,1152601000.0,9421000.0,1878814000.0,371287000.0,354741000.0,726028000.0,2604842000,418936000.0,518623000.0,603562000.0,605742000.0,1124365000,1169905000.0,-4028508000.0,4339080000.0,1480477000.0,2604842000,2278000.0,609998000.0,-526342000.0,85934000.0,-2032000.0,-17343000.0,17205000.0,6368000.0,74959000,2012-12-31,932.52001953125,948.8099975585938,920.0,920.0,920.0,36000.0
2013-03-31,750868000.0,-604697000.0,146171000.0,-87594000.0,-87594000.0,58577000.0,-3472000.0,-4611000.0,55105000,55105000,-20064000.0,35041000,35041000,35041000,1087188000.0,14536000.0,1883573000.0,399657000.0,381825000.0,781482000.0,2665055000,384377000.0,509239000.0,601549000.0,603724000.0,1112963000,1185167000.0,-4007196000.0,4374121000.0,1552092000.0,2665055000,2772000.0,506455000.0,-587320000.0,-78093000.0,-3339000.0,-14006000.0,5412000.0,26323000.0,-65776000,2013-03-28,1082.0,1088.18994140625,1075.06005859375,1080.1099853515623,1080.1099853515623,10100.0
2013-06-30,992210000.0,-816606000.0,175604000.0,-92372000.0,-92372000.0,83232000.0,-3051000.0,-4327000.0,80181000,80181000,-29491000.0,50690000,50690000,50690000,777265000.0,14822000.0,1734550000.0,400704000.0,395913000.0,796617000.0,2531167000,470188000.0,607953000.0,600635000.0,602935000.0,1210888000,1196591000.0,-4301123000.0,4424811000.0,1320279000.0,2531167000,3076000.0,595499000.0,-610996000.0,-12421000.0,-4492000.0,-2701000.0,-293720000.0,-294185000.0,-309307000,2013-06-28,926.0,927.989990234375,918.0,922.0,922.0,49400.0
2013-09-30,1167595000.0,-943044000.0,224551000.0,-89923000.0,-89923000.0,134628000.0,-3038000.0,-4286000.0,131590000,131590000,-48655000.0,82935000,82935000,82935000,811589000.0,13137000.0,1728863000.0,410825000.0,379209000.0,790034000.0,2518897000,519488000.0,641715000.0,599612000.0,602088000.0,1243803000,1208859000.0,-4441511000.0,4507746000.0,1275094000.0,2518897000,3527000.0,766819000.0,-591667000.0,178679000.0,-5857000.0,-1846000.0,-139937000.0,-141060000.0,35773000,2013-09-30,913.0,927.5599975585938,902.5499877929688,919.1900024414062,919.1900024414062,37300.0
2013-12-31,1223808000.0,-983071000.0,240737000.0,-85734000.0,-85734000.0,155003000.0,-3183000.0,-4178000.0,151820000,151820000,-54009000.0,97811000,97811000,97811000,865585000.0,9529000.0,1665525000.0,432978000.0,387645000.0,820623000.0,2486148000,519688000.0,620710000.0,602440000.0,604086000.0,1224796000,1212256000.0,-4556461000.0,4605557000.0,1261352000.0,2486148000,4016000.0,668877000.0,-490836000.0,182057000.0,-4721000.0,-15924000.0,-112289000.0,-114077000.0,52056000,2013-12-31,1027.75,1034.9300537109377,1016.510009765625,1026.010009765625,1026.010009765625,30300.0
2014-03-31,799187000.0,-643029000.0,156158000.0,-102897000.0,-102897000.0,53261000.0,-3554000.0,-4610000.0,49707000,49707000,-25858000.0,23849000,23849000,23849000,878539000.0,10055000.0,1709864000.0,430085000.0,384804000.0,814889000.0,2524753000,476630000.0,595731000.0,601251000.0,602940000.0,1198671000,1259616000.0,-4562940000.0,4629406000.0,1326082000.0,2524753000,3710000.0,523093000.0,-542589000.0,-15786000.0,-5291000.0,5000.0,24482000.0,28851000.0,13070000,2014-03-31,1151.0,1151.699951171875,1133.1199951171875,1147.0,1147.0,50400.0
2014-06-30,1084080000.0,-864804000.0,219276000.0,-106200000.0,-106200000.0,113076000.0,-4252000.0,-4898000.0,108824000,108824000,-40646000.0,68178000,68178000,68178000,551859000.0,15196000.0,1536966000.0,457557000.0,387540000.0,845097000.0,2382063000,551873000.0,680193000.0,600378000.0,602655000.0,1282848000,1277961000.0,-4876330000.0,4697584000.0,1099215000.0,2382063000,4216000.0,627481000.0,-632991000.0,-1294000.0,-15151000.0,-12165000.0,-311337000.0,-312159000.0,-325618000,2014-06-30,1144.22998046875,1163.550048828125,1135.6099853515625,1150.5999755859375,1150.5999755859375,31600.0
2014-09-30,1185160000.0,-942049000.0,243111000.0,-96063000.0,-96063000.0,147048000.0,-3257000.0,-4402000.0,143791000,143791000,-53639000.0,90152000,90152000,90152000,463695000.0,11465000.0,1522943000.0,500950000.0,389183000.0,890133000.0,2413076000,540135000.0,659558000.0,599804000.0,602124000.0,1261682000,1299739000.0,-4936081000.0,4787736000.0,1151394000.0,2413076000,4657000.0,781047000.0,-810485000.0,-24781000.0,-6256000.0,-5828000.0,-56942000.0,-56803000.0,-87412000,2014-09-30,1135.199951171875,1150.0,1112.530029296875,1130.02001953125,1130.02001953125,25400.0
2014-12-31,1306632000.0,-1049195000.0,257437000.0,-102707000.0,-102707000.0,154730000.0,-3506000.0,-4290000.0,151224000,151224000,-51773000.0,99451000,99451000,99451000,544938000.0,10021000.0,1464482000.0,512734000.0,374119000.0,886853000.0,2351335000,519477000.0,626232000.0,599230000.0,600848000.0,1227080000,1325701000.0,-5088633000.0,4887187000.0,1124255000.0,2351335000,5031000.0,876794000.0,-655415000.0,226410000.0,-3953000.0,-1094000.0,-147594000.0,-146190000.0,79126000,2014-12-31,1275.949951171875,1284.27001953125,1265.3299560546875,1275.3299560546875,1275.3299560546875,20700.0
2015-03-31,941538000.0,-765457000.0,176081000.0,-109708000.0,-109708000.0,66373000.0,-4010000.0,-4840000.0,62363000,62363000,-23305000.0,39058000,39058000,39058000,530968000.0,10024000.0,1504535000.0,493244000.0,378355000.0,871599000.0,2376134000,484165000.0,610130000.0,599189000.0,600767000.0,1210897000,1370969000.0,-5131977000.0,4926245000.0,1165237000.0,2376134000,5281000.0,629834000.0,-636718000.0,-1603000.0,-4755000.0,536000.0,-19473000.0,-11839000.0,-12906000,2015-03-31,1334.0,1349.97998046875,1312.02001953125,1328.6600341796875,1328.6600341796875,33400.0
2015-06-30,1221111000.0,-964332000.0,256779000.0,-104807000.0,-104807000.0,151972000.0,-3288000.0,-4653000.0,148684000,148684000,-55289000.0,93395000,93395000,93395000,495731000.0,15987000.0,1732189000.0,482632000.0,381414000.0,864046000.0,2596235000,582106000.0,720489000.0,599213000.0,600865000.0,1321354000,1389931000.0,-5134690000.0,5019640000.0,1274881000.0,2596235000,5460000.0,744154000.0,-788420000.0,-38806000.0,-3492000.0,533000.0,1444000.0,3345000.0,-34928000,2015-06-30,1369.1600341796875,1369.1600341796875,1336.0400390625,1340.0,1340.0,37500.0
2015-09-30,1374467000.0,-1083788000.0,290679000.0,-102580000.0,-102580000.0,188099000.0,-3103000.0,-4109000.0,184996000,184996000,-68526000.0,116470000,116470000,116470000,386293000.0,9850000.0,1653880000.0,532793000.0,384009000.0,916802000.0,2570682000,597264000.0,729336000.0,599237000.0,600856000.0,1330192000,1420420000.0,-5316040000.0,5136110000.0,1240490000.0,2570682000,5441000.0,975292000.0,-924742000.0,55991000.0,-4745000.0,-1682000.0,-168998000.0,-164432000.0,-110123000,2015-09-30,1530.989990234375,1565.02001953125,1510.010009765625,1525.219970703125,1525.219970703125,36200.0
2015-12-31,1528084000.0,-1211397000.0,316687000.0,-106914000.0,-106914000.0,209773000.0,-2604000.0,-3472000.0,207169000,207169000,-73165000.0,134004000,134004000,134004000,424326000.0,11482000.0,1578922000.0,601702000.0,331094000.0,932796000.0,2511718000,564650000.0,675615000.0,595847000.0,596938000.0,1272553000,1448001000.0,-5478950000.0,5270114000.0,1239165000.0,2511718000,5352000.0,1066067000.0,-860299000.0,211120000.0,-4602000.0,-409000.0,-158392000.0,-172857000.0,37854000,2015-12-31,1646.0999755859375,1650.0,1634.030029296875,1643.0,1643.0,13400.0
2016-03-31,1121504000.0,-903238000.0,218266000.0,-112565000.0,-112565000.0,105701000.0,-2389000.0,-3414000.0,103312000,103312000,-38009000.0,65303000,65303000,65303000,317987000.0,13829000.0,1449371000.0,729748000.0,362532000.0,1092280000.0,2541651000,561407000.0,687959000.0,595999000.0,597229000.0,1285188000,1467206000.0,-5546160000.0,5335417000.0,1256463000.0,2541651000,5447000.0,886209000.0,-931649000.0,-39993000.0,-5232000.0,-1353000.0,-64838000.0,-64988000.0,-106334000,2016-03-31,1760.239990234375,1767.68994140625,1715.3299560546875,1732.4000244140625,1732.4000244140625,40000.0
2016-06-30,1361741000.0,-1099927000.0,261814000.0,-114879000.0,-114879000.0,146935000.0,-2215000.0,-3377000.0,144720000,144720000,-53044000.0,91676000,91676000,91676000,363202000.0,17464000.0,1717464000.0,612178000.0,368782000.0,980960000.0,2698424000,601975000.0,743721000.0,596151000.0,597102000.0,1340823000,1483270000.0,-5552762000.0,5427093000.0,1357601000.0,2698424000,5487000.0,880385000.0,-833307000.0,52565000.0,-6095000.0,-3292000.0,-3761000.0,-3761000.0,45512000,2016-06-30,1735.739990234375,1789.489990234375,1721.010009765625,1780.3399658203125,1780.3399658203125,38400.0
2016-09-30,1507451000.0,-1212174000.0,295277000.0,-107826000.0,-107826000.0,187451000.0,-2448000.0,-3624000.0,185003000,185003000,-67611000.0,117392000,117392000,117392000,261218000.0,13921000.0,1686219000.0,624855000.0,352142000.0,976997000.0,2663216000,622200000.0,766897000.0,596303000.0,597180000.0,1364077000,1499976000.0,-5745322000.0,5544485000.0,1299139000.0,2663216000,5657000.0,1105928000.0,-1021720000.0,89865000.0,-4485000.0,-2658000.0,-189206000.0,-189273000.0,-102066000,2016-09-30,1642.4599609375,1644.9000244140625,1633.0999755859375,1639.8699951171875,1639.8699951171875,18000.0
2016-12-31,1831848000.0,-1492522000.0,339326000.0,-108050000.0,-108050000.0,231276000.0,-2614000.0,-3723000.0,228662000,228662000,-77771000.0,150891000,150891000,150891000,395405000.0,18937000.0,1685754000.0,622726000.0,335463000.0,958189000.0,2643943000,620811000.0,743047000.0,596455000.0,596455000.0,1339502000,1516034000.0,-5906969000.0,5695376000.0,1304441000.0,2643943000,5678000.0,1204900000.0,-920027000.0,290551000.0,-5557000.0,-3047000.0,-159440000.0,-159373000.0,128131000,2016-12-30,1680.3199462890625,1680.3199462890625,1665.0,1669.0,1669.0,11800.0
2017-03-31,1247587000.0,-996512000.0,251075000.0,-116150000.0,-116150000.0,134925000.0,-2764000.0,-4175000.0,132161000,132161000,-29238000.0,102923000,102923000,102923000,492551000.0,19876000.0,1781658000.0,613868000.0,346773000.0,960641000.0,2742299000,588180000.0,736533000.0,596607000.0,597486000.0,1334019000,1570476000.0,-5959538000.0,5797342000.0,1408280000.0,2742299000,5699000.0,1027779000.0,-925216000.0,108262000.0,-4984000.0,-3277000.0,-10282000.0,-10282000.0,94703000,2017-03-31,2093.0,2115.0,2085.199951171875,2106.8798828125,2106.8798828125,23500.0
2017-06-30,1512714000.0,-1186305000.0,326409000.0,-115034000.0,-115034000.0,211375000.0,-2407000.0,-4360000.0,208968000,208968000,-61091000.0,147877000,147877000,147877000,528114000.0,22110000.0,1981556000.0,601810000.0,334721000.0,936531000.0,2918087000,618992000.0,784676000.0,596760000.0,597634000.0,1382310000,1608164000.0,-6017606000.0,5945219000.0,1535777000.0,2918087000,5795000.0,1124942000.0,-1060791000.0,69946000.0,-4328000.0,-1252000.0,-31258000.0,-31258000.0,37436000,2017-06-30,2328.39990234375,2426.75,2315.909912109375,2410.610107421875,2410.610107421875,32300.0
2017-09-30,1667920000.0,-1307971000.0,359949000.0,-113616000.0,-113616000.0,246333000.0,-1869000.0,-4167000.0,244464000,244464000,-82362000.0,162102000,162102000,162102000,626884000.0,20448000.0,2121086000.0,592503000.0,335922000.0,928425000.0,3049511000,638784000.0,801069000.0,596913000.0,597766000.0,1398835000,1626318000.0,-6082963000.0,6107321000.0,1650676000.0,3049511000,5593000.0,1241164000.0,-1089319000.0,157438000.0,-5694000.0,-3267000.0,-58414000.0,-58414000.0,95757000,2017-09-29,2859.050048828125,2891.429931640625,2847.679931640625,2855.0,2855.0,26100.0
2017-12-31,1877619000.0,-1499590000.0,378029000.0,-116000000.0,-116000000.0,262029000.0,-711000.0,-3633000.0,261318000,261318000,-136699000.0,124619000,124619000,124619000,666794000.0,20026000.0,2124370000.0,602779000.0,262130000.0,864909000.0,2989279000,636688000.0,786721000.0,597066000.0,597066000.0,1383787000,1644403000.0,-6270851000.0,6231940000.0,1605492000.0,2989279000,5580000.0,1334070000.0,-1104942000.0,234708000.0,-4416000.0,-7397000.0,-181687000.0,-181687000.0,45624000,2017-12-29,3510.550048828125,3536.969970703125,3497.25,3508.219970703125,3508.219970703125,18400.0
2018-03-31,1529414000.0,-1211946000.0,317468000.0,-124782000.0,-124782000.0,192686000.0,-1688000.0,-4189000.0,190998000,190998000,-24949000.0,166049000,166049000,166049000,425566000.0,22374000.0,2002962000.0,566844000.0,276259000.0,843103000.0,2846065000,614551000.0,782037000.0,597220000.0,597220000.0,1379257000,1678306000.0,-6611683000.0,6400185000.0,1466808000.0,2846065000,5036000.0,1182891000.0,-1109899000.0,78028000.0,-2918000.0,-436000.0,-316438000.0,-316438000.0,-238846000,2018-03-29,2977.39990234375,3050.0,2800.0,2800.0,2800.0,32600.0
2018-06-30,1787305000.0,-1416797000.0,370508000.0,-128313000.0,-128313000.0,242195000.0,-609000.0,-3414000.0,241586000,241586000,-38412000.0,203174000,203174000,203174000,431550000.0,30179000.0,2172167000.0,558467000.0,278761000.0,837228000.0,3009395000,632418000.0,804451000.0,597373000.0,597373000.0,1401824000,1721902000.0,-6717690000.0,6603359000.0,1607571000.0,3009395000,4988000.0,1374820000.0,-1288386000.0,91422000.0,-5908000.0,-2647000.0,-81006000.0,-81006000.0,7769000,2018-06-29,2975.0,3019.27001953125,2970.35009765625,2970.35009765625,2970.35009765625,24000.0
2018-09-30,1852407000.0,-1472649000.0,379758000.0,-130712000.0,-130712000.0,249046000.0,664000.0,-2835000.0,249710000,249710000,-53894000.0,195816000,195816000,195816000,609870000.0,26363000.0,2263734000.0,562370000.0,263719000.0,826089000.0,3089823000,642304000.0,809980000.0,597527000.0,597527000.0,1407507000,1762529000.0,-6879388000.0,6799175000.0,1682316000.0,3089823000,5029000.0,1557175000.0,-1239839000.0,322365000.0,-5250000.0,-3404000.0,-144657000.0,-144891000.0,174070000,2018-09-28,2543.510009765625,2574.0,2465.010009765625,2470.800048828125,2470.800048828125,28900.0
2018-12-31,1835178000.0,-1590735000.0,244443000.0,-128905000.0,-128905000.0,115538000.0,2530000.0,-3050000.0,118068000,277438000,-45280000.0,232158000,232158000,232158000,711875000.0,18641000.0,2307515000.0,599409000.0,259009000.0,858418000.0,3165933000,621444000.0,759690000.0,597681000.0,597681000.0,1357371000,1820429000.0,-7043200000.0,7031333000.0,1808562000.0,3165933000,5115000.0,-4132439000.0,3561438000.0,231311000.0,-4332000.0,-1690000.0,-129923000.0,-129923000.0,99698000,2018-12-31,2422.0,2447.389892578125,2386.219970703125,2436.989990234375,2436.989990234375,11900.0
2019-03-31,1687011000.0,-1338806000.0,348205000.0,-132492000.0,-132492000.0,215713000.0,2894000.0,-3382000.0,218607000,218607000,-30201000.0,188406000,188406000,188406000,816453000.0,30488000.0,2413866000.0,599622000.0,349283000.0,948905000.0,3362771000,637326000.0,779960000.0,597836000.0,684035000.0,1463995000,1899306000.0,-7220269000.0,7219739000.0,1898776000.0,3362771000,5062000.0,1372126000.0,-1149333000.0,227855000.0,-4801000.0,-1879000.0,-117525000.0,-117525000.0,108451000,2019-03-29,2819.760009765625,2829.590087890625,2757.510009765625,2767.0,2767.0,21500.0
2019-06-30,1800194000.0,-1425388000.0,374806000.0,-133044000.0,-133044000.0,241762000.0,2950000.0,-3564000.0,244712000,244712000,-34503000.0,210209000,210209000,210209000,882319000.0,28943000.0,2616087000.0,643665000.0,343488000.0,987153000.0,3603240000,652272000.0,798479000.0,597991000.0,685322000.0,1483801000,1962362000.0,-7272871000.0,7429948000.0,2119439000.0,3603240000,5084000.0,1418976000.0,-1349296000.0,74764000.0,-4829000.0,-919000.0,-8123000.0,-8135000.0,65710000,2019-06-28,3358.2099609375,3384.0,3301.199951171875,3370.25,3370.25,25500.0
2019-09-30,1911264000.0,-1518276000.0,392988000.0,-130376000.0,-130376000.0,262612000.0,4562000.0,-2953000.0,267174000,267174000,-43387000.0,223787000,223787000,223787000,1094937000.0,29276000.0,2811105000.0,702981000.0,329273000.0,1032254000.0,3843359000,645145000.0,788082000.0,598146000.0,683820000.0,1471902000,2020386000.0,-7302664000.0,7653735000.0,2371457000.0,3843359000,5223000.0,1676507000.0,-1474913000.0,206817000.0,-5593000.0,-4523000.0,7461000.0,7357000.0,209651000,2019-09-30,3643.0,3728.75,3631.0400390625,3717.35009765625,3717.35009765625,27400.0
2019-12-31,1822375000.0,-1567392000.0,254983000.0,-131493000.0,-131493000.0,123490000.0,3992000.0,-3339000.0,127482000,295302000,-39165000.0,256137000,256137000,256137000,1140304000.0,18278000.0,2764666000.0,725487000.0,319662000.0,1045149000.0,3809815000,653007000.0,784893000.0,598301000.0,683678000.0,1468571000,2055613000.0,-7624241000.0,7909872000.0,2341244000.0,3809815000,5449000.0,-4423055000.0,3896166000.0,357099000.0,-5606000.0,-5963000.0,-306202000.0,-306392000.0,44744000,2019-12-31,3820.89990234375,3844.97998046875,3777.89990234375,3808.409912109375,3808.409912109375,17100.0
2020-03-31,1555707000.0,-1294743000.0,260964000.0,-128378000.0,-128378000.0,132586000.0,1968000.0,-4017000.0,134554000,161375000,14328000.0,175703000,175703000,175703000,1091996000.0,27089000.0,2813197000.0,704207000.0,370119000.0,1074326000.0,3887523000,641355000.0,788516000.0,598456000.0,682088000.0,1470604000,2127521000.0,-7796177000.0,8085575000.0,2416919000.0,3887523000,5622000.0,1253453000.0,-1366337000.0,68441000.0,-3258000.0,-3258000.0,-107520000.0,-107720000.0,-42537000,2020-03-31,2673.0,2682.429931640625,2526.81005859375,2569.110107421875,2569.110107421875,54900.0
2020-06-30,1588758000.0,-1284493000.0,304265000.0,-121460000.0,-121460000.0,182805000.0,-4584000.0,-7671000.0,178221000,209831000,-45756000.0,164075000,164075000,164075000,2000876000.0,20801000.0,3734557000.0,658412000.0,337051000.0,995463000.0,4730020000,685867000.0,843883000.0,1193962000.0,1273725000.0,2117608000,2151829000.0,-7789067000.0,8249650000.0,2612412000.0,4730020000,5632000.0,1255471000.0,-1122950000.0,302228000.0,-4510000.0,-4548000.0,16984000.0,612050000.0,909730000,2020-06-30,3194.8798828125,3270.0,3194.8798828125,3258.75,3258.75,32200.0
