Report Date,Revenue,Cost of Revenue,Gross Profit,Operating Expenses,"Selling, General & Administrative",Depreciation & Amortization,Operating Income (Loss),Non-Operating Income (Loss),"Interest Expense, Net","Pretax Income (Loss), Adj.",Abnormal Gains (Losses),Pretax Income (Loss),"Income Tax (Expense) Benefit, Net",Income (Loss) from Continuing Operations,Net Extraordinary Gains (Losses),Net Income,Net Income (Common),"Cash, Cash Equivalents & Short Term Investments",Accounts & Notes Receivable,Total Current Assets,"Property, Plant & Equipment, Net",Other Long Term Assets,Total Noncurrent Assets,Total Assets,Payables & Accruals,Short Term Debt,Total Current Liabilities,Long Term Debt,Total Noncurrent Liabilities,Total Liabilities,Share Capital & Additional Paid-In Capital,Total Equity,Total Liabilities & Equity,Net Income/Starting Line,Depreciation & Amortization.1,Non-Cash Items,Change in Working Capital,Net Cash from Operating Activities,Change in Fixed Assets & Intangibles,Net Cash from Investing Activities,Dividends Paid,Cash from (Repayment of) Debt,Cash from (Repurchase of) Equity,Net Cash from Financing Activities,Net Change in Cash,Price Date,Open,High,Low,Close,Adj Close,Volume
2009-06-30,292489000.0,-45685000.0,246804000.0,-99525000.0,-20232000.0,-79293000.0,147279000.0,-73692000.0,-75340000.0,73587000,-5781000.0,67806000,-840000.0,68093000,33085000.0,97459000,91784000,49484000.0,1107953000.0,1838652000.0,8662384000.0,1284814000.0,9947198000.0,11785850000,197295000.0,100000000.0,369011000.0,5409843000.0,5625414000.0,5994425000,5573466000.0,5791425000.0,11785850000,101178000.0,79293000.0,-46215000.0,-1171000.0,133085000.0,27467000.0,28661000.0,-122524000.0,-475332000.0,422931000.0,-178638000.0,-16892000,2009-06-30,19.153005599975586,19.380691528320312,18.88888931274414,19.298725128173828,10.186092376708984,3283569.0
2010-03-31,294820000.0,-46087000.0,248733000.0,-102858000.0,-24924000.0,-77934000.0,145875000.0,-75639000.0,-75952000.0,70236000,11900000.0,82136000,-372000.0,83147000,954000.0,81036000,74836000,44604000.0,1726876000.0,2422424000.0,8542562000.0,1174584000.0,9717146000.0,12139570000,293932000.0,210000000.0,589247000.0,5448999000.0,5642152000.0,6231399000,6016793000.0,5908171000.0,12139570000,84101000.0,77934000.0,-33037000.0,-19539000.0,109459000.0,-31192000.0,-38710000.0,-142592000.0,1158000.0,-1546000.0,-138404000.0,-67655000,2010-03-31,30.054645538330078,30.33697509765625,29.92713928222656,30.054645538330078,16.69666862487793,3746815.0
2010-09-30,317049000.0,-60426000.0,256623000.0,-97903000.0,-19590000.0,-78313000.0,158720000.0,-64941000.0,-71598000.0,93779000,-71693000.0,22086000,-867000.0,21428000,4745000.0,22655000,16995000,52635000.0,1890935000.0,2585185000.0,8629169000.0,1030945000.0,9660114000.0,12245299000,338806000.0,318000000.0,736288000.0,5101705000.0,5255227000.0,5991515000,6548170000.0,6253784000.0,12245299000,26173000.0,78314000.0,39894000.0,10250000.0,154631000.0,-77302000.0,-165633000.0,-149625000.0,43097000.0,78255000.0,-32623000.0,-43625000,2010-09-30,32.94171142578125,33.26047515869141,32.513660430908196,32.76866912841797,18.709192276000977,2494436.0
2011-09-30,441229000.0,-57662000.0,383567000.0,-106319000.0,-19647000.0,-86672000.0,277248000.0,-104231000.0,-103459000.0,173017000,-15400000.0,157617000,-5000.0,174662000,809000.0,172195000,166367000,44860000.0,128259000.0,6908782000.0,9446910000.0,1083685000.0,10530595000.0,17439377000,260346000.0,375000000.0,705075000.0,7284462000.0,7417250000.0,8122325000,9761564000.0,9317052000.0,17439377000,175471000.0,84746000.0,-25592000.0,-80519000.0,154106000.0,-22597000.0,-286371000.0,-201133000.0,71902000.0,21308000.0,-99080000.0,-231345000,2011-09-30,32.09471893310547,32.604736328125,31.912567138671875,31.930782318115234,19.214887619018555,4363562.0
2011-12-31,433936000.0,-67579000.0,366357000.0,-97975000.0,-19588000.0,-78387000.0,268382000.0,-102413000.0,-98291000.0,165969000,-125000000.0,40969000,-1011000.0,53910000,16877000.0,67844000,62067000,33506000.0,136934000.0,6939770000.0,9280510000.0,1188195000.0,10468705000.0,17408475000,275478000.0,454000000.0,795092000.0,7219087000.0,7392761000.0,8187853000,9792165000.0,9220622000.0,17408475000,70787000.0,80313000.0,-36940000.0,23080000.0,137240000.0,-8573000.0,-29462000.0,-201641000.0,61734000.0,24930000.0,-119132000.0,-11354000,2011-12-30,38.09653854370117,38.23315048217773,37.73223876953125,37.73223876953125,22.98748779296875,1864184.0
2014-12-31,-25918000.0,-127121000.0,-153039000.0,-131251000.0,-19731000.0,-111520000.0,-284290000.0,-111485000.0,-114987000.0,-395775000,-478000.0,-396253000,3346000.0,-435900000,635530000.0,196583000,196145000,183810000.0,943300000.0,8456420000.0,10886887000.0,1988129000.0,12875016000.0,21331436000,432934000.0,838516000.0,1366861000.0,8882753000.0,8967476000.0,10334337000,11891733000.0,10997099000.0,21331436000,199630000.0,111520000.0,11242000.0,43207000.0,365599000.0,-28485000.0,-554654000.0,-250724000.0,525314000.0,22429000.0,287622000.0,100279000,2014-12-31,40.89253234863281,41.14754104614258,40.03643035888672,40.100181579589844,28.230609893798828,2368386.0
2015-12-31,64667000.0,-168791000.0,-104124000.0,-157089000.0,-21813000.0,-135276000.0,-261213000.0,-118026000.0,-122027000.0,-379239000,507847000.0,128608000,3187000.0,104469000,-699086000.0,-598868000,-599164000,340442000.0,817672000.0,1954897000.0,11854242000.0,7640710000.0,19494952000.0,21449849000,430786000.0,397432000.0,950548000.0,10671571000.0,10752984000.0,11703532000,12112527000.0,9746317000.0,21449849000,-594617000.0,135276000.0,802712000.0,11114000.0,354485000.0,-218345000.0,25220000.0,-263060000.0,-3010000.0,36242000.0,-141793000.0,237642000,2015-12-31,35.236793518066406,35.35519027709961,34.82695770263672,34.82695770263672,25.97122573852539,3132265.0
2016-03-31,520457000.0,-175957000.0,344500000.0,-165306000.0,-25451000.0,-139855000.0,179194000.0,-120770000.0,-122062000.0,58424000,-2475000.0,55949000,-3704000.0,51337000,68408000.0,116119000,115762000,94665000.0,814120000.0,6812275000.0,12065135000.0,2322517000.0,14387652000.0,21199927000,433144000.0,810313000.0,1373113000.0,10125631000.0,10196489000.0,11569602000,12152466000.0,9630325000.0,21199927000,119745000.0,139855000.0,55158000.0,-46141000.0,268617000.0,-193367000.0,-165757000.0,-268186000.0,-114021000.0,30494000.0,-354402000.0,-251835000,2016-03-31,29.59016418457031,30.00910758972168,29.016393661499023,29.6721305847168,22.479936599731445,5803479.0
2016-06-30,538335000.0,-179080000.0,359255000.0,-162698000.0,-22779000.0,-139919000.0,196557000.0,-118993000.0,-121333000.0,77564000,118791000.0,196355000,2179000.0,197467000,107375000.0,301717000,301375000,116450000.0,759896000.0,6913294000.0,11925769000.0,2277394000.0,14203163000.0,21116457000,482133000.0,869078000.0,1487249000.0,9886371000.0,9952820000.0,11440069000,12169032000.0,9676388000.0,21116457000,304842000.0,139919000.0,-110149000.0,63683000.0,398295000.0,-8876000.0,12139000.0,-268875000.0,-124468000.0,11556000.0,-388346000.0,21785000,2016-06-30,32.29508209228516,32.404373168945305,31.72131156921387,32.22222137451172,24.81533432006836,3877258.0
2016-09-30,530557000.0,-187714000.0,342843000.0,-176188000.0,-34781000.0,-141407000.0,166655000.0,-116428000.0,-117860000.0,50227000,-2772000.0,47455000,424000.0,45826000,108213000.0,151250000,150924000,132891000.0,724365000.0,6789384000.0,12101452000.0,2297709000.0,14399161000.0,21188545000,487033000.0,1372032000.0,1995471000.0,9548503000.0,9617640000.0,11613111000,12188372000.0,9575434000.0,21188545000,154039000.0,141407000.0,15260000.0,21014000.0,331720000.0,-148007000.0,-160541000.0,-269182000.0,111846000.0,8467000.0,-154580000.0,16441000,2016-09-30,35.35519027709961,35.61019897460937,34.535518646240234,34.562843322753906,27.015300750732425,4596448.0
2016-12-31,539945000.0,-195648000.0,344297000.0,-167527000.0,-20600000.0,-146927000.0,176770000.0,-104558000.0,-103148000.0,72212000,-4687000.0,67525000,-3372000.0,79541000,-18241000.0,58661000,58488000,94730000.0,853070000.0,1742649000.0,11325830000.0,2690786000.0,14016616000.0,15759265000,417360000.0,899718000.0,1466259000.0,8289777000.0,8351698000.0,9817957000,8666971000.0,5941308000.0,15759265000,61300000.0,146927000.0,10796000.0,-3524000.0,215499000.0,109520000.0,-114814000.0,-173299000.0,63458000.0,8448000.0,-156937000.0,-56517000,2016-12-30,29.479999542236328,29.84000015258789,29.32999992370605,29.71999931335449,23.51755332946777,3985100.0
2017-12-31,443259000.0,-198669000.0,244590000.0,-158318000.0,-21485000.0,-136833000.0,86272000.0,-81185000.0,-71882000.0,5087000,-56044000.0,-50957000,-13297000.0,-57924000,0.0,-58702000,-58857000,55306000.0,354059000.0,1150614000.0,10731878000.0,2205969000.0,12937847000.0,14088461000,401738000.0,1017076000.0,1563523000.0,6863390000.0,6930000000.0,8493523000,8695549000.0,5594938000.0,14088461000,-57924000.0,136833000.0,123668000.0,6568000.0,209145000.0,-472574000.0,-494441000.0,-174176000.0,408500000.0,9677000.0,206502000.0,-78819000,2017-12-29,26.0,26.25,25.96999931335449,26.07999992370605,21.707029342651367,3010700.0
2018-12-31,-213450000.0,148968000.0,-64482000.0,-7451000.0,-21510000.0,14059000.0,-71933000.0,788000.0,-49654000.0,-71145000,685108000.0,613963000,-10523000.0,598127000,236256000.0,831548000,830156000,110790000.0,111169000.0,964833000.0,10209450000.0,1544270000.0,11753720000.0,12718553000,391583000.0,80103000.0,662369000.0,5487805000.0,5543593000.0,6205962000,8876343000.0,6512591000.0,12718553000,834383000.0,130759000.0,-768527000.0,19176000.0,215791000.0,1085830000.0,1011745000.0,-174347000.0,-1231157000.0,212880000.0,-1196377000.0,31105000,2018-12-31,27.96999931335449,28.040000915527344,27.31999969482422,27.93000030517578,24.67845916748047,2816200.0
2019-06-30,491567000.0,-213993000.0,277574000.0,-192416000.0,-27120000.0,-165296000.0,85158000.0,-35934000.0,-56942000.0,49224000,-59562000.0,-10338000,1864000.0,-9980000,0.0,-13597000,-13991000,130521000.0,178399000.0,691555000.0,11233904000.0,1787634000.0,13021538000.0,13713093000,371235000.0,530004000.0,1249402000.0,5760555000.0,5844419000.0,7093821000,9292146000.0,6619272000.0,13713093000,-9980000.0,165296000.0,49173000.0,17489000.0,221978000.0,-882561000.0,-928700000.0,-177264000.0,502103000.0,403791000.0,716137000.0,9400000,2019-06-28,31.790000915527344,32.06999969482422,31.76000022888184,31.979999542236328,28.94970703125,4017500.0
2019-12-31,-225353000.0,225745000.0,392000.0,12479000.0,-21521000.0,34000000.0,12871000.0,90122000.0,-50113000.0,102993000,62196000.0,165189000,-6104000.0,162767000,-115408000.0,43520000,43198000,80398000.0,235421000.0,413808000.0,8230624000.0,5388459000.0,13619083000.0,14032891000,457532000.0,93000000.0,977486000.0,5909252000.0,6387931000.0,7365417000,9689114000.0,6667474000.0,14032891000,47359000.0,190798000.0,-25946000.0,5261000.0,217472000.0,-409833000.0,-7264000.0,-183463000.0,-244343000.0,284797000.0,-180977000.0,29553000,2019-12-31,34.15999984741211,34.47999954223633,34.09000015258789,34.470001220703125,31.873809814453125,2155100.0
2020-03-31,381054000.0,-237377000.0,143677000.0,-147461000.0,-22349000.0,-125112000.0,-3784000.0,154962000.0,-55691000.0,151178000,-22768000.0,128410000,29868000.0,147132000,135408000.0,279080000,277464000,783542000.0,305689000.0,1240494000.0,12581846000.0,2250339000.0,14832185000.0,16072679000,856031000.0,0.0,1766271000.0,6389104000.0,6492965000.0,8259236000,10751146000.0,7813443000.0,16072679000,282540000.0,194108000.0,-358227000.0,-23379000.0,95042000.0,189945000.0,-151011000.0,-188500000.0,-98338000.0,1056691000.0,761421000.0,705442000,2020-03-31,24.01000022888184,24.5,22.8799991607666,23.85000038146973,22.27475357055664,6739500.0
2020-06-30,408559000.0,-177808000.0,230751000.0,-163411000.0,-23720000.0,-139691000.0,67340000.0,-37408000.0,-54823000.0,29932000,48250000.0,78182000,-106000.0,60341000,-5292000.0,51506000,51131000,730957000.0,327206000.0,1208553000.0,12786999000.0,2320888000.0,15107887000.0,16316440000,847080000.0,0.0,1775552000.0,6728787000.0,6872167000.0,8647719000,10761046000.0,7668721000.0,16316440000,55049000.0,173656000.0,-41633000.0,37709000.0,224781000.0,-333271000.0,-384259000.0,-199550000.0,342577000.0,506000.0,106163000.0,-53458000,2020-06-30,27.209999084472656,27.78000068664551,26.940000534057607,27.559999465942386,26.14223861694336,4826600.0
