Report Date,Revenue,Cost of Revenue,Gross Profit,Operating Expenses,"Selling, General & Administrative",Operating Income (Loss),Non-Operating Income (Loss),"Interest Expense, Net","Pretax Income (Loss), Adj.",Pretax Income (Loss),"Income Tax (Expense) Benefit, Net",Income (Loss) from Continuing Operations,Net Income,Net Income (Common),"Cash, Cash Equivalents & Short Term Investments",Accounts & Notes Receivable,Inventories,Total Current Assets,"Property, Plant & Equipment, Net",Other Long Term Assets,Total Noncurrent Assets,Total Assets,Payables & Accruals,Short Term Debt,Total Current Liabilities,Long Term Debt,Total Noncurrent Liabilities,Total Liabilities,Share Capital & Additional Paid-In Capital,Retained Earnings,Total Equity,Total Liabilities & Equity,Net Income/Starting Line,Depreciation & Amortization.1,Non-Cash Items,Change in Working Capital,Net Cash from Operating Activities,Change in Fixed Assets & Intangibles,Net Cash from Investing Activities,Dividends Paid,Cash from (Repayment of) Debt,Net Cash from Financing Activities,Net Change in Cash,Price Date,Open,High,Low,Close,Adj Close,Volume
2010-06-30,615459000.0,-483794000.0,131665000.0,-63919000.0,-44653000.0,67746000.0,-8093000.0,-8093000.0,59653000,59653000,-21623000.0,38030000,38030000,38030000,181511000.0,308665000.0,207867000.0,860796000.0,1256927000.0,85796000.0,1342723000.0,2203519000,287379000.0,109648000.0,397027000.0,571097000.0,885339000.0,1282366000,392669000.0,572672000.0,921153000.0,2203519000,38030000.0,39087000.0,34517000.0,-19651000.0,91983000.0,-92212000.0,-92705000.0,-15460000.0,-154000.0,-15368000.0,-16090000,2010-06-30,21.75,22.3700008392334,21.57999992370605,22.020000457763672,15.99541187286377,1750300.0
2010-09-30,642764000.0,-476312000.0,166452000.0,-178794000.0,-47219000.0,-12342000.0,-7903000.0,-7903000.0,-20245000,-20245000,113565000.0,93320000,93320000,93320000,172820000.0,335000000.0,226731000.0,813017000.0,1291555000.0,85460000.0,1377015000.0,2190032000,316404000.0,109659000.0,426063000.0,571015000.0,797657000.0,1223720000,371220000.0,650565000.0,966312000.0,2190032000,93320000.0,39042000.0,-43299000.0,12325000.0,101388000.0,-75577000.0,-74725000.0,-15455000.0,-158000.0,-35354000.0,-8691000,2010-09-30,23.38999938964844,23.56999969482422,22.96999931335449,23.170000076293945,16.9381103515625,724000.0
2010-12-31,626651000.0,-479367000.0,147284000.0,-50922000.0,-46340000.0,96362000.0,-7559000.0,-7559000.0,88803000,88803000,-33912000.0,54891000,54891000,54891000,196556000.0,294192000.0,241142000.0,799677000.0,1337986000.0,88247000.0,1426233000.0,2225910000,294940000.0,109670000.0,404610000.0,672982000.0,812299000.0,1216909000,363271000.0,690111000.0,1009001000.0,2225910000,54891000.0,39528000.0,41486000.0,13294000.0,149199000.0,-89274000.0,-89622000.0,-15432000.0,-161000.0,-35841000.0,23736000,2010-12-31,25.86000061035156,26.1299991607666,25.81999969482422,25.84000015258789,18.99711036682129,345100.0
2011-03-31,629500000.0,-496359000.0,133141000.0,-67238000.0,-47952000.0,65903000.0,-6903000.0,-6903000.0,59000000,59000000,-21583000.0,37417000,37417000,37417000,173014000.0,308816000.0,233916000.0,772104000.0,1360140000.0,88703000.0,1448843000.0,2220947000,277629000.0,109682000.0,387311000.0,672894000.0,813140000.0,1200451000,351466000.0,707059000.0,1020496000.0,2220947000,37417000.0,39296000.0,16030000.0,-28304000.0,64439000.0,-64731000.0,-66487000.0,-15351000.0,-163000.0,-21494000.0,-23542000,2011-03-31,28.70000076293945,29.020000457763672,28.59000015258789,28.88999938964844,21.39478874206543,750100.0
2011-06-30,665481000.0,-528580000.0,136901000.0,-69042000.0,-48192000.0,67859000.0,-6321000.0,-6321000.0,61538000,61538000,-22170000.0,39368000,39368000,39368000,119181000.0,331249000.0,226521000.0,742288000.0,1401516000.0,115377000.0,1516893000.0,2259181000,316041000.0,109694000.0,425735000.0,672803000.0,812241000.0,1237976000,332317000.0,726208000.0,1021205000.0,2259181000,39368000.0,40638000.0,8512000.0,13143000.0,101661000.0,-80419000.0,-111716000.0,-20444000.0,-167000.0,-43778000.0,-53833000,2011-06-30,27.63999938964844,28.04999923706055,27.57999992370605,27.989999771118164,20.873485565185547,1489600.0
2011-09-30,670824000.0,-533077000.0,137747000.0,-66567000.0,-48914000.0,71180000.0,-6727000.0,-6727000.0,64453000,64453000,-22676000.0,41777000,41777000,41777000,40117000.0,338516000.0,244375000.0,669911000.0,1434362000.0,128470000.0,1562832000.0,2232743000,312274000.0,109706000.0,421980000.0,672710000.0,837212000.0,1259192000,357660000.0,678011000.0,973551000.0,2232743000,41777000.0,41099000.0,13678000.0,-24750000.0,71804000.0,-69808000.0,-82944000.0,-20258000.0,-168000.0,-67924000.0,-79064000,2011-09-30,23.8799991607666,24.170000076293945,23.29999923706055,23.29999923706055,17.513120651245114,1218500.0
2011-12-31,654306000.0,-520072000.0,134234000.0,-66427000.0,-113493000.0,67807000.0,-9294000.0,-9294000.0,58513000,58513000,-19048000.0,39465000,39465000,39465000,156313000.0,319988000.0,254675000.0,812063000.0,1476654000.0,123782000.0,1600436000.0,2412499000,360782000.0,15718000.0,376500000.0,916613000.0,1107089000.0,1483589000,352787000.0,673960000.0,928910000.0,2412499000,39465000.0,41806000.0,12958000.0,14613000.0,108842000.0,-65255000.0,-89018000.0,-19959000.0,149828000.0,96372000.0,116196000,2011-12-30,25.040000915527344,25.29999923706055,25.01000022888184,25.239999771118164,19.13153076171875,424200.0
2012-03-31,671357000.0,-526338000.0,145019000.0,24091000.0,-51942000.0,169110000.0,-9683000.0,-9683000.0,159427000,159427000,-141583000.0,17844000,17844000,17844000,84017000.0,348272000.0,263283000.0,865196000.0,1477130000.0,150033000.0,1627163000.0,2492359000,304828000.0,15918000.0,320746000.0,917469000.0,1249669000.0,1570415000,362116000.0,648693000.0,921944000.0,2492359000,17844000.0,42638000.0,38804000.0,-63214000.0,36072000.0,-34813000.0,-71739000.0,-19665000.0,-3955000.0,-36629000.0,-72296000,2012-03-30,29.809999465942386,29.959999084472656,29.420000076293945,29.59000015258789,22.61673355102539,542900.0
2012-06-30,712468000.0,-554360000.0,158108000.0,-74250000.0,-52868000.0,83858000.0,-13256000.0,-13256000.0,70602000,70602000,-25448000.0,45154000,45154000,45154000,515121000.0,353527000.0,258620000.0,1285686000.0,1393730000.0,152075000.0,1545805000.0,2831491000,274358000.0,415590000.0,689948000.0,913555000.0,1218823000.0,1908771000,364155000.0,661600000.0,922720000.0,2831491000,45154000.0,42444000.0,53086000.0,-25357000.0,115327000.0,-34509000.0,22842000.0,-24631000.0,393070000.0,292935000.0,431104000,2012-06-29,27.79999923706055,28.29999923706055,27.65999984741211,28.239999771118164,21.78211784362793,714900.0
2012-09-30,723473000.0,-560921000.0,162552000.0,-70480000.0,-51529000.0,92072000.0,-30590000.0,-30590000.0,61482000,61482000,-21691000.0,39791000,39791000,39791000,140906000.0,379675000.0,260772000.0,924833000.0,1376457000.0,153860000.0,1530317000.0,2455150000,291308000.0,15949000.0,307257000.0,909572000.0,1207797000.0,1515054000,371886000.0,670178000.0,940096000.0,2455150000,39791000.0,42912000.0,41508000.0,-20813000.0,103398000.0,-25074000.0,-24649000.0,-24480000.0,-425273000.0,-452964000.0,-374215000,2012-09-28,35.959999084472656,36.68000030517578,35.7400016784668,36.29999923706055,28.217287063598643,1498000.0
2012-12-31,736602000.0,-567581000.0,169021000.0,-76461000.0,-124461000.0,92560000.0,-9371000.0,-9371000.0,83189000,83189000,-25778000.0,57411000,57411000,57411000,207393000.0,352142000.0,268767000.0,937033000.0,1366069000.0,150666000.0,1516735000.0,2453768000,243882000.0,15964000.0,259846000.0,905585000.0,1224461000.0,1484307000,379775000.0,703728000.0,969461000.0,2453768000,57411000.0,47406000.0,17302000.0,31284000.0,153403000.0,-34104000.0,-33954000.0,-49024000.0,-4042000.0,-52942000.0,66507000,2012-12-31,38.0099983215332,38.66999816894531,37.88000106811523,38.47000122070313,30.10787773132324,625100.0
2013-03-31,755207000.0,-569961000.0,185246000.0,-79246000.0,-75285000.0,106000000.0,-9251000.0,-9251000.0,96749000,96749000,-34455000.0,62294000,62294000,62294000,268037000.0,391683000.0,270181000.0,1011636000.0,1353202000.0,151100000.0,1504302000.0,2515938000,270400000.0,15980000.0,286380000.0,901594000.0,1227739000.0,1514119000,383376000.0,729727000.0,1001819000.0,2515938000,62294000.0,44296000.0,21645000.0,-31705000.0,96530000.0,-27276000.0,-28960000.0,0.0,-3985000.0,-6926000.0,60644000,2013-03-28,44.5099983215332,44.93000030517578,44.29999923706055,44.86999893188477,35.373435974121094,569000.0
2013-06-30,800230000.0,-604980000.0,195250000.0,-85053000.0,-74225000.0,110197000.0,-9232000.0,-9232000.0,100965000,100965000,-34713000.0,66252000,66252000,66252000,370057000.0,403367000.0,263008000.0,1102333000.0,1363681000.0,148807000.0,1512488000.0,2614821000,328153000.0,15997000.0,344150000.0,897599000.0,1219385000.0,1563535000,393161000.0,753439000.0,1051286000.0,2614821000,66252000.0,44683000.0,84247000.0,-3231000.0,191951000.0,-53615000.0,-53893000.0,-30658000.0,-3989000.0,-36038000.0,102020000,2013-06-28,48.90999984741211,49.52000045776367,48.70000076293945,48.959999084472656,38.91599655151367,1195300.0
2013-09-30,845440000.0,-617841000.0,227599000.0,-84817000.0,-77096000.0,142782000.0,-11850000.0,-11850000.0,130932000,130932000,-46250000.0,84682000,84682000,84682000,396595000.0,409725000.0,266892000.0,1135928000.0,1369053000.0,152128000.0,1521181000.0,2657109000,337889000.0,16013000.0,353902000.0,893600000.0,1204079000.0,1557981000,397538000.0,787684000.0,1099128000.0,2657109000,84682000.0,48433000.0,4620000.0,1491000.0,139226000.0,-49519000.0,-49666000.0,-39225000.0,-3993000.0,-63022000.0,26538000,2013-09-30,56.88999938964844,57.65999984741211,56.06999969482422,57.09000015258789,45.70818710327149,1518500.0
2013-12-31,1264423000.0,-1005018000.0,259405000.0,-136484000.0,-99994000.0,122921000.0,-27967000.0,-27967000.0,94954000,94954000,133118000.0,228072000,228072000,228072000,191000000.0,643100000.0,594300000.0,1531000000.0,2805700000.0,907100000.0,3712800000.0,5243800000,620600000.0,40000000.0,660600000.0,2532700000.0,3226400000.0,3887000000,402700000.0,1019100000.0,1356800000.0,5243800000,228072000.0,80488000.0,-144012000.0,23745000.0,188293000.0,-103990000.0,-1278881000.0,-39217000.0,935267000.0,884986000.0,-205602000,2013-12-31,63.36999893188477,63.6500015258789,63.0,63.27999877929688,50.98870468139648,441000.0
2014-03-31,1431300000.0,-1129900000.0,301400000.0,-140500000.0,-116500000.0,160900000.0,-20800000.0,-20800000.0,140100000,140100000,-50000000.0,90100000,90100000,90100000,185706000.0,696344000.0,607306000.0,1561343000.0,2800742000.0,901863000.0,3702605000.0,5263948000,635886000.0,7547000.0,643433000.0,2498999000.0,3202932000.0,3846365000,413125000.0,1067661000.0,1417583000.0,5263948000,90100000.0,86000000.0,29100000.0,-52200000.0,153000000.0,-50900000.0,-53600000.0,-39300000.0,-66300000.0,-104700000.0,-5300000,2014-03-31,69.41000366210939,70.56999969482422,69.06999969482422,70.37000274658203,57.01492309570313,988300.0
2014-06-30,1468400000.0,-1157600000.0,310800000.0,-130600000.0,-122900000.0,180200000.0,-21400000.0,-21400000.0,158800000,158800000,-59200000.0,99600000,99600000,99600000,161991000.0,704218000.0,611342000.0,1574249000.0,2817249000.0,912739000.0,3729988000.0,5304237000,650348000.0,7565000.0,657913000.0,2448774000.0,3163705000.0,3821618000,424582000.0,1119367000.0,1482619000.0,5304237000,99500000.0,103100000.0,22400000.0,-32300000.0,192700000.0,-97300000.0,-117700000.0,-39300000.0,-50200000.0,-98700000.0,-23700000,2014-06-30,71.51000213623047,71.69000244140625,71.05000305175781,71.48999786376953,58.25039672851562,603700.0
2014-09-30,1518900000.0,-1198600000.0,320300000.0,-131900000.0,-119600000.0,188400000.0,-23100000.0,-23100000.0,165300000,165300000,-60900000.0,104400000,104400000,104400000,154323000.0,717947000.0,616962000.0,1597707000.0,2818133000.0,914909000.0,3733042000.0,5330749000,682453000.0,7582000.0,690035000.0,2373539000.0,3088675000.0,3778710000,428828000.0,1184155000.0,1552039000.0,5330749000,104500000.0,107400000.0,8500000.0,2400000.0,222800000.0,-106700000.0,-112300000.0,-39400000.0,-75200000.0,-118200000.0,-7700000,2014-09-30,64.69999694824219,64.80999755859375,63.790000915527344,63.81999969482422,52.30535888671875,674500.0
2014-12-31,1434000000.0,-1137000000.0,297000000.0,-123800000.0,-110500000.0,173200000.0,-23100000.0,-23100000.0,150100000,150100000,-51600000.0,98500000,98500000,98500000,124900000.0,646100000.0,664900000.0,1502900000.0,2857600000.0,912300000.0,3769900000.0,5272800000,603400000.0,7600000.0,611000000.0,2371700000.0,3140400000.0,3751400000,433100000.0,1242200000.0,1521400000.0,5272800000,98500000.0,85100000.0,12000000.0,-15800000.0,179800000.0,-165300000.0,-167500000.0,-39400000.0,-1900000.0,-41700000.0,-29400000,2014-12-31,79.4000015258789,79.4000015258789,78.01000213623047,78.05000305175781,64.30392456054689,490700.0
2015-03-31,1425700000.0,-1148700000.0,277000000.0,-119900000.0,-117300000.0,157100000.0,-19200000.0,-19200000.0,137900000,137900000,-47100000.0,90800000,90800000,90800000,126400000.0,676700000.0,687600000.0,1614800000.0,2864100000.0,906500000.0,3770600000.0,5385400000,613700000.0,7600000.0,621300000.0,2369900000.0,3207800000.0,3829100000,437000000.0,1271600000.0,1556300000.0,5385400000,90800000.0,93400000.0,21500000.0,-97100000.0,108600000.0,-55600000.0,-57600000.0,-39400000.0,-1900000.0,-49500000.0,1500000,2015-03-31,78.22000122070312,78.76000213623047,78.0,78.19000244140625,64.87773895263672,784700.0
2015-06-30,1454300000.0,-1136600000.0,317700000.0,-120100000.0,-115900000.0,197600000.0,-22200000.0,-22200000.0,175400000,175400000,-61400000.0,114000000,114000000,114000000,163700000.0,708000000.0,667500000.0,1657400000.0,2852700000.0,899800000.0,3752500000.0,5409900000,598600000.0,7600000.0,606200000.0,2368000000.0,3212700000.0,3818900000,442900000.0,1293100000.0,1591000000.0,5409900000,114000000.0,86800000.0,19400000.0,-18900000.0,201300000.0,-86300000.0,-66300000.0,-54100000.0,-1900000.0,-97700000.0,37300000,2015-06-30,63.29999923706055,63.599998474121094,62.47999954223633,62.4900016784668,52.27524948120117,1989100.0
2015-09-30,1470800000.0,-1142500000.0,328300000.0,-108900000.0,-112700000.0,219400000.0,-21700000.0,-21700000.0,197700000,197700000,-69900000.0,127800000,127800000,127800000,186900000.0,683500000.0,695900000.0,1679300000.0,2842500000.0,900400000.0,3742900000.0,5422200000,620800000.0,7600000.0,628400000.0,2341200000.0,3178800000.0,3807200000,439100000.0,1317900000.0,1615000000.0,5422200000,127800000.0,87700000.0,9400000.0,12800000.0,237700000.0,-76000000.0,-78900000.0,-53800000.0,-26900000.0,-135600000.0,23200000,2015-09-30,60.16999816894531,60.7400016784668,59.40999984741211,60.15999984741211,50.75019073486328,865300.0
2015-12-31,1390900000.0,-1105900000.0,285000000.0,-109100000.0,-105400000.0,175900000.0,-22400000.0,-22400000.0,153500000,153500000,-49300000.0,104200000,104200000,104200000,184200000.0,636500000.0,676800000.0,1554500000.0,2832100000.0,885700000.0,3717800000.0,5272300000,554200000.0,7700000.0,561900000.0,2312000000.0,3077100000.0,3639000000,440900000.0,1317300000.0,1633300000.0,5272300000,104200000.0,88600000.0,8600000.0,19600000.0,221000000.0,-95100000.0,-95300000.0,-53500000.0,-16900000.0,-128400000.0,-2700000,2015-12-31,63.61999893188477,64.25,62.86000061035156,63.04999923706055,53.65884780883789,736100.0
2016-03-31,1401000000.0,-1102000000.0,299000000.0,-118200000.0,-114300000.0,180800000.0,-21600000.0,-21600000.0,159200000,159200000,-55500000.0,103700000,103700000,103700000,162300000.0,631400000.0,692500000.0,1528900000.0,2817900000.0,880500000.0,3698400000.0,5227300000,537600000.0,7700000.0,545300000.0,2310600000.0,3091200000.0,3636500000,433700000.0,1286500000.0,1590800000.0,5227300000,103700000.0,88700000.0,22000000.0,-23400000.0,191000000.0,-52900000.0,-55500000.0,-53100000.0,-1900000.0,-157400000.0,-21900000,2016-03-31,59.38000106811523,61.0,59.04999923706055,60.4000015258789,51.92895889282226,1278700.0
2016-06-30,1417400000.0,-1097300000.0,320100000.0,-119900000.0,-114800000.0,200200000.0,-22500000.0,-22500000.0,177700000,177700000,-61800000.0,115900000,115900000,115900000,213600000.0,663400000.0,671300000.0,1609900000.0,2809900000.0,876300000.0,3686200000.0,5296100000,543800000.0,7700000.0,551500000.0,2309100000.0,3082300000.0,3633800000,442000000.0,1337200000.0,1662300000.0,5296100000,115900000.0,87600000.0,2100000.0,-20400000.0,185200000.0,-68600000.0,-72200000.0,-51800000.0,-1900000.0,-61700000.0,51300000,2016-06-30,66.08999633789061,66.93000030517578,65.69000244140625,66.93000030517578,58.00475311279297,1162800.0
2016-09-30,1484000000.0,-1154500000.0,329500000.0,-123100000.0,-116900000.0,206400000.0,-23400000.0,-23400000.0,183000000,183000000,-63700000.0,119300000,119300000,119300000,279800000.0,713200000.0,690600000.0,1747000000.0,2878700000.0,1121500000.0,4000200000.0,5747200000,610500000.0,27000000.0,637500000.0,2646500000.0,3379700000.0,4017200000,446900000.0,1396900000.0,1730000000.0,5747200000,119300000.0,88000000.0,-30300000.0,40300000.0,217300000.0,-66600000.0,-455000000.0,-51800000.0,358100000.0,303900000.0,66200000,2016-09-30,80.25,81.68000030517578,79.98999786376953,81.26000213623047,70.97988891601562,755100.0
2016-12-31,1476600000.0,-1149500000.0,327100000.0,-134200000.0,-125100000.0,192900000.0,-24300000.0,-24300000.0,168600000,168600000,-57900000.0,110700000,110700000,110700000,239300000.0,689200000.0,723600000.0,1696300000.0,2895700000.0,1185000000.0,4080700000.0,5777000000,598300000.0,27100000.0,625400000.0,2640300000.0,3391800000.0,4017200000,452300000.0,1447100000.0,1759800000.0,5777000000,110700000.0,93700000.0,-800000.0,9800000.0,213400000.0,-85700000.0,-186900000.0,-59400000.0,-6800000.0,-67000000.0,-40500000,2016-12-30,85.48999786376953,85.56999969482422,84.27999877929688,84.81999969482422,74.63166809082031,372600.0
2017-03-31,1536500000.0,-1198300000.0,338200000.0,-134800000.0,-127800000.0,203400000.0,-24300000.0,-24300000.0,179100000,179100000,-61700000.0,117400000,117400000,117400000,254000000.0,733300000.0,744500000.0,1779100000.0,2887200000.0,1177100000.0,4064300000.0,5843400000,618200000.0,157800000.0,776000000.0,2478400000.0,3242700000.0,4018700000,456900000.0,1504500000.0,1824700000.0,5843400000,117400000.0,92500000.0,19900000.0,-65700000.0,164100000.0,-56100000.0,-57800000.0,-59400000.0,-31700000.0,-91600000.0,14700000,2017-03-31,90.9000015258789,92.26000213623048,90.58000183105469,91.62000274658205,81.16963958740234,739600.0
2017-06-30,1584000000.0,-1219700000.0,364300000.0,-130200000.0,-129600000.0,234100000.0,-25500000.0,-25500000.0,208600000,208600000,-65400000.0,143200000,143200000,143200000,321000000.0,755200000.0,734400000.0,1863400000.0,2872500000.0,1167300000.0,4039800000.0,5903200000,602400000.0,157800000.0,760200000.0,2477000000.0,3236400000.0,3996600000,461800000.0,1578800000.0,1906600000.0,5903200000,143200000.0,93700000.0,3100000.0,-18500000.0,221500000.0,-80400000.0,-83100000.0,-59400000.0,-2000000.0,-71400000.0,67000000,2017-06-30,112.13999938964844,112.23999786376952,110.77999877929688,111.38999938964844,99.27918243408205,843200.0
2017-09-30,1640100000.0,-1243100000.0,397000000.0,-154400000.0,-129600000.0,242600000.0,-25700000.0,-25700000.0,216900000,216900000,-77800000.0,139100000,139100000,139100000,370500000.0,831300000.0,736600000.0,2001800000.0,2881600000.0,1143800000.0,4025400000.0,6027200000,666500000.0,157800000.0,824300000.0,2475600000.0,3208700000.0,4033000000,467000000.0,1658200000.0,1994200000.0,6027200000,139100000.0,97500000.0,-11800000.0,-27100000.0,197700000.0,-85300000.0,-86700000.0,-59400000.0,-1900000.0,-61500000.0,49500000,2017-09-29,115.08999633789062,115.13999938964844,113.88999938964844,114.68000030517578,102.76673889160156,829800.0
2017-12-31,1684300000.0,-1311600000.0,372700000.0,-121600000.0,-135600000.0,251100000.0,-27100000.0,-27100000.0,224000000,224000000,44900000.0,268900000,268900000,268900000,216900000.0,830700000.0,762500000.0,1915100000.0,2924900000.0,1357500000.0,4282400000.0,6197500000,681400000.0,151300000.0,832700000.0,2499400000.0,3182200000.0,4014900000,472100000.0,1867400000.0,2182600000.0,6197500000,268900000.0,107700000.0,-72000000.0,-31800000.0,272800000.0,-104600000.0,-381500000.0,-59400000.0,21500000.0,-44900000.0,-153600000,2017-12-29,121.1999969482422,121.37999725341795,120.30999755859376,120.5500030517578,108.59564208984376,444400.0
2018-03-31,1690600000.0,-1334500000.0,356100000.0,-143200000.0,-134900000.0,212900000.0,-26300000.0,-26300000.0,186600000,186600000,-46500000.0,140100000,140100000,140100000,102400000.0,860200000.0,766400000.0,1832600000.0,2961400000.0,1345800000.0,4307200000.0,6139800000,672200000.0,1400000.0,673600000.0,2499800000.0,3192400000.0,3866000000,477200000.0,1949600000.0,2273800000.0,6139800000,140100000.0,108100000.0,27200000.0,-72900000.0,202500000.0,-107900000.0,-107200000.0,-59400000.0,-150300000.0,-209800000.0,-114500000,2018-03-29,112.0500030517578,113.83999633789062,111.4499969482422,112.6999969482422,102.05887603759766,676200.0
2018-06-30,1767500000.0,-1346900000.0,420600000.0,-151000000.0,-137700000.0,269600000.0,-24300000.0,-24300000.0,245300000,245300000,-58700000.0,186600000,186600000,186600000,199600000.0,920000000.0,763700000.0,1956600000.0,3026500000.0,1332500000.0,4359000000.0,6315600000,714400000.0,1400000.0,715800000.0,2500400000.0,3211800000.0,3927600000,483000000.0,2054000000.0,2388000000.0,6315600000,186600000.0,104100000.0,27000000.0,13300000.0,331000000.0,-165500000.0,-166300000.0,-59500000.0,-400000.0,-67500000.0,97200000,2018-06-29,112.37000274658205,113.45999908447266,111.79000091552734,111.79000091552734,101.90153503417969,410600.0
2018-09-30,1809900000.0,-1366700000.0,443200000.0,-144700000.0,-134200000.0,298500000.0,-24400000.0,-24400000.0,274100000,274100000,-67400000.0,206700000,206700000,206700000,293800000.0,986200000.0,780600000.0,2114700000.0,3065100000.0,1320200000.0,4385300000.0,6500000000,765100000.0,1400000.0,766500000.0,2500800000.0,3203300000.0,3969800000,489800000.0,2185500000.0,2530200000.0,6500000000,206700000.0,101400000.0,1900000.0,-9000000.0,301000000.0,-130400000.0,-131800000.0,-74500000.0,-300000.0,-75000000.0,94200000,2018-09-28,110.56999969482422,111.16000366210938,109.5,109.69000244140624,100.69193267822266,614700.0
2018-12-31,1746600000.0,-1321200000.0,425400000.0,-138700000.0,-129600000.0,286700000.0,-22200000.0,-20100000.0,264500000,264500000,-59900000.0,204600000,204600000,204600000,361500000.0,901900000.0,795600000.0,2115100000.0,3108600000.0,1346000000.0,4454600000.0,6569700000,692200000.0,1400000.0,693600000.0,2501300000.0,3203700000.0,3897300000,495400000.0,2315800000.0,2672400000.0,6569700000,204600000.0,97300000.0,28000000.0,15700000.0,345600000.0,-146100000.0,-202900000.0,-74700000.0,-300000.0,-75000000.0,67700000,2018-12-31,82.5999984741211,83.80000305175781,82.19999694824219,83.45999908447266,77.26822662353516,712700.0
2019-03-31,1733700000.0,-1312300000.0,421400000.0,-146000000.0,-140000000.0,275400000.0,-26100000.0,-24100000.0,249300000,249300000,-62500000.0,186800000,186800000,186800000,442400000.0,930300000.0,831700000.0,2262400000.0,3109800000.0,1556400000.0,4666200000.0,6928600000,682000000.0,58700000.0,740700000.0,2667200000.0,3393300000.0,4134000000,502300000.0,2427800000.0,2794600000.0,6928600000,186800000.0,94800000.0,39400000.0,-85000000.0,236000000.0,-78800000.0,-80100000.0,-74700000.0,-300000.0,-75000000.0,80900000,2019-03-29,100.0,100.47000122070312,98.12999725341795,99.37999725341795,92.73204803466795,883700.0
2019-06-30,1759900000.0,-1332000000.0,427900000.0,-147500000.0,-143700000.0,280400000.0,-24400000.0,-22400000.0,256000000,256000000,-62400000.0,193600000,193600000,193600000,569400000.0,947000000.0,815700000.0,2402700000.0,3107200000.0,1564500000.0,4671700000.0,7074400000,668200000.0,61400000.0,729600000.0,2685600000.0,3423600000.0,4153200000,514200000.0,2539200000.0,2921200000.0,7074400000,193600000.0,95900000.0,32300000.0,-19400000.0,302400000.0,-92100000.0,-93900000.0,-74600000.0,800000.0,-81500000.0,127000000,2019-06-28,93.98999786376952,96.27999877929688,93.95999908447266,95.31999969482422,89.68514251708984,3026300.0
2019-09-30,1750700000.0,-1339300000.0,411400000.0,-148600000.0,-136900000.0,262800000.0,-23500000.0,-21600000.0,239300000,239300000,-59500000.0,179800000,179800000,179800000,738300000.0,932300000.0,806300000.0,2531300000.0,3110400000.0,1549400000.0,4659800000.0,7191100000,708800000.0,61900000.0,770700000.0,2680000000.0,3385700000.0,4156400000,519800000.0,2643700000.0,3034700000.0,7191100000,179800000.0,97900000.0,-23200000.0,85300000.0,339800000.0,-91500000.0,-94300000.0,-74600000.0,-1600000.0,-76600000.0,168900000,2019-09-30,105.26000213623048,106.41999816894531,105.26000213623048,106.0999984741211,100.56287384033205,588600.0
2020-03-31,1708700000.0,-1343700000.0,365000000.0,-145900000.0,-145900000.0,219100000.0,-29000000.0,-19600000.0,190100000,190100000,-48400000.0,141700000,141700000,141700000,856300000.0,879500000.0,809900000.0,2613600000.0,3138600000.0,1538300000.0,4734000000.0,7347600000,678700000.0,65900000.0,744600000.0,2670200000.0,3453100000.0,4197700000,535800000.0,2771100000.0,3149900000.0,7347600000,141700000.0,100300000.0,30700000.0,-36000000.0,236700000.0,-70400000.0,-77000000.0,-74800000.0,-400000.0,-75200000.0,84500000,2020-03-31,90.55999755859376,91.05999755859376,86.19999694824219,86.83000183105469,83.65848541259766,1265300.0
2020-06-30,1541600000.0,-1215800000.0,325800000.0,-136300000.0,-136300000.0,189500000.0,-42700000.0,-25100000.0,146800000,91600000,-34900000.0,56700000,56700000,56700000,940200000.0,817300000.0,834500000.0,2659000000.0,3114700000.0,1462000000.0,4613000000.0,7272000000,614900000.0,1600000.0,683600000.0,2664700000.0,3455300000.0,4138900000,543600000.0,2742900000.0,3133100000.0,7272000000,56600000.0,108200000.0,78100000.0,-16100000.0,226800000.0,-76500000.0,-51800000.0,-74900000.0,-400000.0,-85700000.0,89300000,2020-06-30,97.5500030517578,100.30999755859376,97.11000061035156,99.8000030517578,96.93512725830078,776400.0
