Report Date,Revenue,Cost of Revenue,Gross Profit,Operating Expenses,"Selling, General & Administrative",Depreciation & Amortization,Operating Income (Loss),Non-Operating Income (Loss),"Interest Expense, Net","Pretax Income (Loss), Adj.",Abnormal Gains (Losses),Pretax Income (Loss),"Income Tax (Expense) Benefit, Net",Income (Loss) from Continuing Operations,Net Income,Net Income (Common),"Cash, Cash Equivalents & Short Term Investments",Accounts & Notes Receivable,Inventories,Total Current Assets,"Property, Plant & Equipment, Net",Long Term Investments & Receivables,Other Long Term Assets,Total Noncurrent Assets,Total Assets,Payables & Accruals,Short Term Debt,Total Current Liabilities,Long Term Debt,Total Noncurrent Liabilities,Total Liabilities,Share Capital & Additional Paid-In Capital,Retained Earnings,Total Equity,Total Liabilities & Equity,Net Income/Starting Line,Depreciation & Amortization.1,Non-Cash Items,Change in Working Capital,Net Cash from Operating Activities,Change in Fixed Assets & Intangibles,Net Cash from Investing Activities,Dividends Paid,Cash from (Repayment of) Debt,Net Cash from Financing Activities,Net Change in Cash,Price Date,Open,High,Low,Close,Adj Close,Volume
2010-06-30,802795000.0,-251800000.0,550995000.0,-349611000.0,-213609000.0,-102995000.0,201384000.0,-65458000.0,-60751000.0,135926000,8576000.0,144502000,-51188000.0,93314000,114797000,114797000,50502000.0,277611000.0,201688000.0,1086786000.0,9306893000.0,578253000.0,1186268000.0,11071414000.0,12158200000,525877000.0,463372000.0,1324156000.0,3326524000.0,7241041000.0,8565197000,2408863000.0,1239865000.0,3593003000.0,12158200000,119566000.0,115842000.0,-18417000.0,-1902000.0,215089000.0,-176025000.0,-67441000.0,-55101000.0,-296071000.0,-100674000.0,46974000,2010-06-30,36.66999816894531,37.0099983215332,36.29999923706055,36.36000061035156,23.50991439819336,1020800.0
2010-09-30,1116710000.0,-353904000.0,762806000.0,-362532000.0,-219658000.0,-104177000.0,400274000.0,-60052000.0,-60419000.0,340222000,11687000.0,351909000,-122347000.0,229562000,233920000,233920000,195915000.0,379534000.0,196254000.0,1243332000.0,9347082000.0,621728000.0,1223345000.0,11192155000.0,12435487000,463646000.0,238513000.0,1009192000.0,3463306000.0,7598066000.0,8607258000,2416503000.0,1473683000.0,3828229000.0,12435487000,239039000.0,120798000.0,163562000.0,-155313000.0,368086000.0,-174128000.0,-99350000.0,-55200000.0,-73924000.0,-123323000.0,145413000,2010-09-30,41.63000106811523,41.7400016784668,41.18999862670898,41.27000045776367,27.041900634765625,847600.0
2010-12-31,649339000.0,-225571000.0,423768000.0,-368211000.0,-229076000.0,-106654000.0,55557000.0,-60905000.0,-62299000.0,-5348000,9846000.0,4498000,5494000.0,9992000,7350000,7350000,110188000.0,316226000.0,202989000.0,1024511000.0,9393867000.0,625134000.0,1349486000.0,11368487000.0,12392998000,395896000.0,648479000.0,1449704000.0,3045794000.0,7168068000.0,8617772000,2419133000.0,1423961000.0,3775226000.0,12392998000,12501000.0,122045000.0,24009000.0,22402000.0,180957000.0,-195667000.0,-198681000.0,-55257000.0,-5443000.0,-68003000.0,-85727000,2010-12-31,41.4900016784668,41.7400016784668,41.43000030517578,41.45000076293945,27.505556106567386,350000.0
2011-03-31,648847000.0,-212007000.0,436840000.0,-401056000.0,-255029000.0,-106583000.0,35784000.0,-61128000.0,-61077000.0,-25344000,8971000.0,-16373000,6005000.0,-10368000,-15135000,-15135000,114193000.0,302163000.0,181568000.0,958017000.0,9397434000.0,589686000.0,1357753000.0,11344873000.0,12302890000,426088000.0,849575000.0,1674212000.0,2845479000.0,6899907000.0,8574119000,2429016000.0,1351716000.0,3728771000.0,12302890000,-9674000.0,123298000.0,-11206000.0,141078000.0,243496000.0,-191553000.0,-192795000.0,-55300000.0,530000.0,-46696000.0,4005000,2011-03-31,42.79999923706055,42.959999084472656,42.56999969482422,42.790000915527344,28.752197265625,494300.0
2011-06-30,799799000.0,-244049000.0,555750000.0,-358758000.0,-210590000.0,-106617000.0,196992000.0,-62769000.0,-60140000.0,134223000,9780000.0,144003000,-50818000.0,93185000,86685000,86685000,92274000.0,290741000.0,221215000.0,1036853000.0,9478377000.0,604570000.0,1354280000.0,11437227000.0,12474080000,515881000.0,910816000.0,1831294000.0,2761695000.0,6927176000.0,8758470000,2432488000.0,1323892000.0,3715610000.0,12474080000,93839000.0,122402000.0,51120000.0,-74578000.0,192783000.0,-195719000.0,-135534000.0,-57237000.0,-22792000.0,-79168000.0,-21919000,2011-06-30,44.61000061035156,44.61000061035156,44.33000183105469,44.58000183105469,30.32366371154785,687700.0
2011-09-30,1124841000.0,-337896000.0,786945000.0,-351928000.0,-210035000.0,-106350000.0,435017000.0,-64645000.0,-62034000.0,370372000,14317000.0,384689000,-131416000.0,253273000,255359000,255359000,564712000.0,361742000.0,228521000.0,1591235000.0,9625438000.0,584598000.0,1349092000.0,11559128000.0,13150363000,529328000.0,876363000.0,1783268000.0,3046587000.0,7364100000.0,9147368000,2436389000.0,1579240000.0,4002995000.0,13150363000,262785000.0,124407000.0,150213000.0,-53178000.0,484227000.0,-255989000.0,-205963000.0,-53660000.0,247558000.0,194174000.0,472438000,2011-09-30,42.97999954223633,43.5099983215332,42.81999969482422,42.93999862670898,29.56711006164551,826300.0
2011-12-31,667892000.0,-215512000.0,452380000.0,-373665000.0,-228632000.0,-107504000.0,78715000.0,-60793000.0,-58744000.0,17922000,8997000.0,26919000,-7375000.0,19544000,12564000,12564000,33583000.0,280435000.0,226387000.0,956470000.0,9791687000.0,627643000.0,1735218000.0,12154548000.0,13111018000,502148000.0,477435000.0,1342705000.0,3019054000.0,7837727000.0,9180432000,2439530000.0,1534483000.0,3930586000.0,13111018000,19990000.0,123677000.0,-14251000.0,75661000.0,205077000.0,-241089000.0,-247715000.0,-55531000.0,-426712000.0,-488491000.0,-531129000,2011-12-30,48.68000030517578,48.75,48.1500015258789,48.18000030517578,33.549808502197266,541300.0
2012-03-31,620631000.0,-216309000.0,404322000.0,-356315000.0,-210663000.0,-100109000.0,48007000.0,-60275000.0,-56967000.0,-12268000,7907000.0,-4361000,4645000.0,284000,-8257000,-8257000,20710000.0,235501000.0,240140000.0,904800000.0,9889009000.0,659528000.0,1730577000.0,12279114000.0,13183914000,470847000.0,318308000.0,1157899000.0,3341198000.0,8164586000.0,9322485000,2443825000.0,1468869000.0,3861429000.0,13183914000,-481000.0,118487000.0,-37710000.0,35039000.0,115335000.0,-240973000.0,-235099000.0,-55595000.0,159954000.0,106891000.0,-12873000,2012-03-30,47.6500015258789,47.97999954223633,47.52000045776367,47.9000015258789,33.72213363647461,710400.0
2012-06-30,878576000.0,-264723000.0,613853000.0,-359364000.0,-216236000.0,-100606000.0,254489000.0,-55492000.0,-53000000.0,198997000,8622000.0,207619000,-76689000.0,130930000,122345000,122345000,11228000.0,313420000.0,247399000.0,947416000.0,9953952000.0,653259000.0,1659780000.0,12266991000.0,13214407000,569025000.0,166962000.0,1104323000.0,3371412000.0,8210747000.0,9315070000,2452094000.0,1476259000.0,3899337000.0,13214407000,130111000.0,121256000.0,160905000.0,-68972000.0,343300000.0,-183802000.0,-179623000.0,-55702000.0,-121324000.0,-173159000.0,-9482000,2012-06-29,52.209999084472656,52.209999084472656,51.47999954223633,51.7400016784668,36.824893951416016,669000.0
2012-09-30,1109475000.0,-302894000.0,806581000.0,-358611000.0,-220729000.0,-100353000.0,447970000.0,-57518000.0,-52242000.0,390452000,9538000.0,399990000,-147116000.0,252874000,244823000,244823000,79479000.0,361012000.0,250260000.0,1098852000.0,10071843000.0,667837000.0,1621754000.0,12361434000.0,13460286000,472229000.0,90360000.0,949348000.0,3338951000.0,8325354000.0,9274702000,2454667000.0,1721050000.0,4185584000.0,13460286000,252863000.0,120827000.0,181303000.0,-84157000.0,470836000.0,-245909000.0,-238396000.0,-55777000.0,-109252000.0,-164189000.0,68251000,2012-09-28,52.599998474121094,52.91999816894531,52.459999084472656,52.79999923706055,37.94607162475586,611000.0
2012-12-31,693122000.0,-210864000.0,482258000.0,-380969000.0,-237141000.0,-103268000.0,101289000.0,-59567000.0,-52407000.0,41722000,11340000.0,53062000,-18157000.0,34905000,22631000,22631000,26202000.0,273885000.0,249430000.0,1005726000.0,10234243000.0,669210000.0,1470436000.0,12373889000.0,13379615000,455420000.0,215003000.0,1083542000.0,3199088000.0,8193784000.0,9277326000,2466923000.0,1624102000.0,4102289000.0,13379615000,30671000.0,120692000.0,38704000.0,51584000.0,241651000.0,-218867000.0,-219876000.0,-58001000.0,-15408000.0,-75052000.0,-53277000,2012-12-31,50.5099983215332,51.08000183105469,50.11999893188477,50.97999954223633,37.01976776123047,776300.0
2013-03-31,686652000.0,-230679000.0,455973000.0,-369050000.0,-223250000.0,-103730000.0,86923000.0,-52472000.0,-49478000.0,34451000,10854000.0,45305000,-12469000.0,32836000,24444000,24444000,25109000.0,265400000.0,258816000.0,871777000.0,10264260000.0,694540000.0,1470350000.0,12429150000.0,13300927000,421450000.0,122828000.0,891511000.0,3304458000.0,8257086000.0,9148597000,2473865000.0,1648521000.0,4152330000.0,13300927000,32836000.0,124344000.0,29837000.0,25140000.0,212157000.0,-182859000.0,-176720000.0,-58067000.0,12132000.0,-36530000.0,-1093000,2013-03-28,57.16999816894531,57.959999084472656,57.11000061035156,57.88999938964844,42.47027587890625,880100.0
2013-06-30,915822000.0,-277584000.0,638238000.0,-378426000.0,-229300000.0,-106292000.0,259812000.0,-53072000.0,-51307000.0,206740000,9901000.0,216641000,-77043000.0,139598000,131207000,131207000,27803000.0,342760000.0,253432000.0,1066289000.0,10309624000.0,691453000.0,1495328000.0,12496405000.0,13562694000,526378000.0,629231000.0,1537218000.0,2820172000.0,7856241000.0,9393459000,2476754000.0,1659868000.0,4169235000.0,13562694000,139598000.0,125138000.0,60668000.0,-83305000.0,242099000.0,-193742000.0,-195158000.0,-58164000.0,21973000.0,-44247000.0,2694000,2013-06-28,54.9900016784668,55.849998474121094,54.68000030517578,55.47000122070313,41.063568115234375,1232300.0
2013-09-30,1152392000.0,-350953000.0,801439000.0,-385751000.0,-233323000.0,-107388000.0,415688000.0,-57862000.0,-50587000.0,357826000,8804000.0,366630000,-131912000.0,234718000,226163000,226163000,135457000.0,423602000.0,258344000.0,1350486000.0,10368932000.0,698905000.0,1404348000.0,12472185000.0,13822671000,479692000.0,566481000.0,1446943000.0,2820315000.0,7954300000.0,9401243000,2489180000.0,1886038000.0,4421428000.0,13822671000,234718000.0,128489000.0,178630000.0,-113763000.0,428074000.0,-204914000.0,-200078000.0,-58254000.0,-62750000.0,-120342000.0,107654000,2013-09-30,54.61999893188477,54.9900016784668,54.47000122070313,54.7400016784668,40.89707565307617,562600.0
2013-12-31,699762000.0,-236493000.0,463269000.0,-379369000.0,-238854000.0,-98298000.0,83900000.0,-52802000.0,-50516000.0,31098000,10883000.0,41981000,-9167000.0,32814000,24260000,24260000,9526000.0,296701000.0,259710000.0,1043609000.0,10731296000.0,726697000.0,1007084000.0,12465077000.0,13508686000,526393000.0,693549000.0,1618644000.0,2796465000.0,7549582000.0,9168226000,2491558000.0,1785273000.0,4340460000.0,13508686000,32814000.0,114351000.0,20011000.0,103801000.0,270977000.0,-434807000.0,-437445000.0,-60759000.0,103074000.0,40537000.0,-125931000,2013-12-31,53.099998474121094,53.16999816894531,52.709999084472656,52.91999816894531,39.93081665039063,818800.0
2014-03-31,686251000.0,-249786000.0,436465000.0,-361295000.0,-212882000.0,-101772000.0,75170000.0,-55286000.0,-52969000.0,19884000,11212000.0,31096000,-6405000.0,24691000,15766000,15766000,103421000.0,243380000.0,259897000.0,897930000.0,10810605000.0,740241000.0,1002021000.0,12552867000.0,13450797000,451349000.0,549924000.0,1394643000.0,3045614000.0,7678453000.0,9073096000,2497485000.0,1801047000.0,4377701000.0,13450797000,24691000.0,122394000.0,-27967000.0,130039000.0,249157000.0,-207459000.0,-208508000.0,-62520000.0,106375000.0,53246000.0,93895000,2014-03-31,54.290000915527344,54.849998474121094,54.13999938964844,54.65999984741211,41.70170974731445,890400.0
2014-06-30,906264000.0,-290854000.0,615410000.0,-361297000.0,-211222000.0,-105150000.0,254113000.0,-49478000.0,-51751000.0,204635000,11289000.0,215924000,-74540000.0,141384000,132458000,132458000,9161000.0,322621000.0,269145000.0,999072000.0,10892008000.0,765320000.0,1033917000.0,12691245000.0,13690317000,597882000.0,545491000.0,1554707000.0,2999513000.0,7753748000.0,9308455000,2500064000.0,1808232000.0,4381862000.0,13690317000,141384000.0,123977000.0,52136000.0,-101588000.0,215909000.0,-181293000.0,-184460000.0,-62618000.0,-50458000.0,-125709000.0,-94260000,2014-06-30,56.66999816894531,58.06000137329102,56.63000106811523,57.84000015258789,44.58041000366211,1204800.0
2014-09-30,1172667000.0,-382361000.0,790306000.0,-368531000.0,-223418000.0,-103660000.0,421775000.0,-49453000.0,-47626000.0,372322000,10517000.0,382839000,-134753000.0,248086000,243961000,243961000,10471000.0,387717000.0,263056000.0,1040932000.0,10876014000.0,768091000.0,1295311000.0,12939416000.0,13980348000,570056000.0,387991000.0,1448518000.0,3037801000.0,7887817000.0,9336335000,2502217000.0,2052207000.0,4644013000.0,13980348000,248086000.0,125351000.0,95260000.0,-46845000.0,421852000.0,-229906000.0,-240789000.0,-62640000.0,-119349000.0,-179753000.0,1310000,2014-09-30,54.95000076293945,55.349998474121094,54.13000106811523,54.63999938964844,42.54219436645508,1125100.0
2014-12-31,726450000.0,-256828000.0,469622000.0,-409438000.0,-260503000.0,-106776000.0,60184000.0,-58871000.0,-48604000.0,1313000,13229000.0,14542000,-5007000.0,9535000,5410000,5410000,7604000.0,294646000.0,255986000.0,973435000.0,11074575000.0,785533000.0,1455347000.0,13315455000.0,14288890000,554217000.0,530970000.0,1559143000.0,3006573000.0,8210645000.0,9769788000,2512970000.0,1926065000.0,4519102000.0,14288890000,9535000.0,124765000.0,43473000.0,34936000.0,212709000.0,-291976000.0,-288911000.0,-58893000.0,136255000.0,73335000.0,-2867000,2014-12-31,69.72000122070311,69.76999664306639,68.23999786376953,68.30999755859375,53.72040176391602,1032600.0
2015-03-31,671219000.0,-223237000.0,447982000.0,-380298000.0,-214944000.0,-120949000.0,67684000.0,-52450000.0,-48399000.0,15234000,13440000.0,28674000,-7947000.0,20727000,16122000,16122000,11664000.0,239897000.0,265981000.0,935442000.0,11197136000.0,797235000.0,1505890000.0,13500261000.0,14435703000,502309000.0,428070000.0,1373976000.0,3281319000.0,8508720000.0,9882696000,2523247000.0,1942194000.0,4553007000.0,14435703000,20727000.0,141494000.0,-16064000.0,-2009000.0,144148000.0,-251041000.0,-232817000.0,-64061000.0,147100000.0,92729000.0,4060000,2015-03-31,63.63999938964844,64.19999694824219,63.33000183105469,63.75,50.55609512329102,771200.0
2015-06-30,890648000.0,-281477000.0,609171000.0,-377198000.0,-210965000.0,-122739000.0,231973000.0,-50762000.0,-48328000.0,181211000,13667000.0,194878000,-67371000.0,127507000,122902000,122902000,13557000.0,286718000.0,274297000.0,1031756000.0,11343457000.0,794082000.0,1532188000.0,13669727000.0,14701483000,602411000.0,260223000.0,1339859000.0,3565857000.0,8835981000.0,10175840000,2526945000.0,1933256000.0,4525643000.0,14701483000,127507000.0,140724000.0,87282000.0,-105367000.0,250146000.0,-279994000.0,-276686000.0,-64180000.0,118153000.0,28433000.0,1893000,2015-06-30,56.72999954223633,57.11000061035156,56.4000015258789,56.88999938964844,45.54733657836914,1480900.0
2015-09-30,1199146000.0,-363847000.0,835299000.0,-390188000.0,-220449000.0,-125625000.0,445111000.0,-54741000.0,-49342000.0,390370000,11163000.0,401533000,-139555000.0,261978000,257116000,257116000,13007000.0,358464000.0,278523000.0,1061979000.0,11467754000.0,779805000.0,1565480000.0,13813039000.0,14875018000,524694000.0,468433000.0,1523362000.0,3257347000.0,8560337000.0,10083699000,2529019000.0,2190387000.0,4791319000.0,14875018000,261978000.0,145903000.0,110598000.0,-91400000.0,427079000.0,-247665000.0,-263285000.0,-64225000.0,-100500000.0,-164344000.0,-550000,2015-09-30,63.52000045776367,64.20999908447266,63.22999954223633,64.13999938964844,51.85333633422852,574800.0
2015-12-31,734430000.0,-232737000.0,501693000.0,-391859000.0,-222019000.0,-125109000.0,109834000.0,-54213000.0,-48895000.0,55621000,13204000.0,68825000,-22847000.0,45978000,41117000,41117000,39488000.0,271566000.0,279931000.0,890516000.0,11684969000.0,799820000.0,1652953000.0,14137742000.0,15028258000,561748000.0,357580000.0,1442317000.0,3462391000.0,8866484000.0,10308801000,2541668000.0,2092803000.0,4719457000.0,15028258000,45978000.0,143543000.0,69412000.0,14021000.0,272954000.0,-297387000.0,-293445000.0,-67561000.0,114692000.0,46972000.0,26481000,2015-12-31,65.05000305175781,65.09999847412111,63.77999877929688,64.48000335693361,52.6384162902832,517100.0
2016-03-31,677167000.0,-221285000.0,455882000.0,-405720000.0,-243195000.0,-119476000.0,50162000.0,-54665000.0,-50744000.0,-4503000,15743000.0,11240000,-1914000.0,9326000,4453000,4453000,14484000.0,213381000.0,278406000.0,826025000.0,11907920000.0,813245000.0,1637911000.0,14359076000.0,15185101000,461324000.0,619380000.0,1585902000.0,3463032000.0,8858786000.0,10444688000,2547065000.0,2097246000.0,4740413000.0,15185101000,9326000.0,140759000.0,9824000.0,-15700000.0,144209000.0,-378500000.0,-372305000.0,-67611000.0,261800000.0,203092000.0,-25004000,2016-03-31,74.68000030517578,75.1500015258789,74.48999786376953,75.06999969482422,61.88768005371094,861400.0
2016-06-30,915394000.0,-274848000.0,640546000.0,-408798000.0,-242279000.0,-123073000.0,231748000.0,-55494000.0,-52849000.0,176254000,15670000.0,191924000,-65742000.0,126182000,121308000,121308000,43040000.0,276145000.0,278380000.0,963387000.0,12132109000.0,827281000.0,1615788000.0,14575178000.0,15538565000,589167000.0,357720000.0,1478544000.0,3897835000.0,9340838000.0,10819382000,2549498000.0,2079619000.0,4719183000.0,15538565000,126182000.0,141532000.0,75910000.0,-65358000.0,278266000.0,-353109000.0,-343152000.0,-67724000.0,171423000.0,93442000.0,28556000,2016-06-30,79.30000305175781,81.08000183105469,79.02999877929688,81.05999755859375,67.40969848632811,1087800.0
2016-09-30,1166922000.0,-336120000.0,830802000.0,-379544000.0,-217568000.0,-120428000.0,451258000.0,-56427000.0,-51293000.0,394831000,14515000.0,409346000,-141446000.0,267900000,263027000,263027000,48267000.0,321421000.0,285534000.0,977492000.0,12348810000.0,848730000.0,1630694000.0,14828234000.0,15805726000,513689000.0,134170000.0,1109718000.0,4145366000.0,9703873000.0,10813591000,2552979000.0,2342643000.0,4992135000.0,15805726000,267900000.0,140560000.0,117155000.0,-183040000.0,342575000.0,-283301000.0,-295009000.0,-67780000.0,23668000.0,-42339000.0,5227000,2016-09-30,77.16000366210938,77.44999694824219,75.55999755859375,75.98999786376953,63.69960403442383,951400.0
2016-12-31,739199000.0,-243257000.0,495942000.0,-373126000.0,-208277000.0,-122852000.0,122816000.0,-53570000.0,-50834000.0,69246000,16182000.0,85428000,-27309000.0,58119000,53246000,53246000,8881000.0,247454000.0,282587000.0,822219000.0,12624254000.0,848650000.0,1709130000.0,15182034000.0,16004253000,529356000.0,302200000.0,1292946000.0,4021785000.0,9775395000.0,11068341000,2596030000.0,2255547000.0,4935912000.0,16004253000,58119000.0,142160000.0,21138000.0,36923000.0,258340000.0,-260562000.0,-241612000.0,-71114000.0,43030000.0,-56114000.0,-39386000,2016-12-30,78.26000213623047,78.51000213623047,77.7699966430664,78.02999877929688,65.98688507080078,432300.0
2017-03-31,677728000.0,-212395000.0,465333000.0,-397922000.0,-226071000.0,-127627000.0,67411000.0,-55064000.0,-51864000.0,12347000,20049000.0,32396000,-4211000.0,28185000,23312000,23312000,3028000.0,189229000.0,283254000.0,794996000.0,12630632000.0,875073000.0,1892124000.0,15397829000.0,16192825000,481585000.0,332297000.0,1193813000.0,4273890000.0,10033072000.0,11226885000,2595042000.0,2278867000.0,4965940000.0,16192825000,28185000.0,147861000.0,10427000.0,-46422000.0,140051000.0,-348824000.0,-348684000.0,-71177000.0,285538000.0,202780000.0,-5853000,2017-03-31,83.2300033569336,83.87000274658203,83.0,83.37999725341797,71.11792755126953,584800.0
2017-06-30,944587000.0,-254611000.0,689976000.0,-392719000.0,-220985000.0,-125739000.0,297257000.0,-58307000.0,-54969000.0,238950000,22334000.0,261284000,-88967000.0,172317000,167443000,167443000,4953000.0,291115000.0,288024000.0,1068204000.0,12701356000.0,893420000.0,2006747000.0,15601523000.0,16669727000,547130000.0,689000000.0,1638594000.0,4192520000.0,10041056000.0,11679650000,2604482000.0,2300109000.0,4990077000.0,16669727000,172317000.0,143424000.0,68775000.0,-234005000.0,150511000.0,-344802000.0,-339556000.0,-71343000.0,270897000.0,190970000.0,1925000,2017-06-30,85.18000030517578,85.70999908447266,85.02999877929688,85.16000366210938,73.19200897216797,1062600.0
2017-09-30,1183322000.0,-310469000.0,872853000.0,-413305000.0,-230839000.0,-133912000.0,459548000.0,-59546000.0,-55644000.0,400002000,25262000.0,425264000,-144319000.0,280945000,276072000,276072000,10674000.0,422507000.0,284468000.0,1174205000.0,12898401000.0,932490000.0,1972771000.0,15803662000.0,16977867000,514755000.0,338400000.0,1303143000.0,4491048000.0,10397117000.0,11700260000,2608825000.0,2576193000.0,5277607000.0,16977867000,280945000.0,154422000.0,109762000.0,-63767000.0,481362000.0,-334127000.0,-351399000.0,-71407000.0,-52757000.0,-124242000.0,5721000,2017-09-29,84.7300033569336,85.0,84.19000244140625,84.55999755859375,73.2278823852539,662900.0
2017-12-31,759659000.0,-203826000.0,555833000.0,-445622000.0,-246548000.0,-146840000.0,110211000.0,-64412000.0,-57319000.0,45799000,1478000.0,47277000,-20775000.0,26502000,21629000,21629000,13892000.0,302634000.0,289270000.0,1016288000.0,13188077000.0,923040000.0,1891677000.0,16002794000.0,17019082000,539452000.0,177400000.0,1197852000.0,4789713000.0,10685500000.0,11883352000,2614805000.0,2442511000.0,5135730000.0,17019082000,26502000.0,164922000.0,27198000.0,127490000.0,346112000.0,-381021000.0,-388898000.0,-75866000.0,137761000.0,46004000.0,3218000,2017-12-29,85.33000183105469,85.5,84.87999725341797,85.18000030517578,74.35053253173828,512800.0
2018-03-31,692714000.0,-197110000.0,495604000.0,-464270000.0,-265682000.0,-144825000.0,31334000.0,-58198000.0,-58954000.0,-26864000,33693000.0,6829000,1265000.0,8094000,3221000,3221000,15440000.0,210142000.0,305877000.0,957404000.0,13362542000.0,919616000.0,1908744000.0,16190902000.0,17148306000,451434000.0,951900000.0,1874391000.0,4290533000.0,10120244000.0,11994635000,2620261000.0,2454268000.0,5153671000.0,17148306000,8094000.0,163566000.0,-5010000.0,222000.0,166872000.0,-361037000.0,-361093000.0,-75903000.0,274500000.0,195769000.0,1548000,2018-03-29,79.68000030517578,80.20999908447266,79.4800033569336,79.80000305175781,70.27017974853516,754100.0
2018-06-30,974123000.0,-257087000.0,717036000.0,-474874000.0,-268397000.0,-145436000.0,242162000.0,-57881000.0,-60708000.0,184281000,31370000.0,215651000,-44039000.0,171612000,166738000,166738000,3839000.0,317284000.0,310961000.0,1118711000.0,13450379000.0,932780000.0,1990303000.0,16373462000.0,17492173000,550716000.0,1216249000.0,2238885000.0,4191525000.0,10093854000.0,12332739000,2624672000.0,2465402000.0,5159434000.0,17492173000,171612000.0,161984000.0,20898000.0,-125564000.0,228930000.0,-318912000.0,-318003000.0,-76039000.0,164349000.0,77472000.0,-11601000,2018-06-29,80.30000305175781,81.06999969482422,79.91999816894531,80.55999755859375,71.5487289428711,726600.0
2018-09-30,1268034000.0,-389936000.0,878098000.0,-444791000.0,-246545000.0,-145971000.0,433307000.0,-59710000.0,-61605000.0,373597000,30621000.0,404218000,-84333000.0,319885000,315012000,315012000,64991000.0,365499000.0,308582000.0,1207190000.0,13557414000.0,1013675000.0,1893676000.0,16464765000.0,17671955000,528926000.0,728200000.0,1734788000.0,4487364000.0,10451306000.0,12186094000,2629627000.0,2780428000.0,5485861000.0,17671955000,319885000.0,164311000.0,70033000.0,9732000.0,563961000.0,-218506000.0,-234220000.0,-76095000.0,-192804000.0,-268589000.0,61152000,2018-09-28,78.33000183105469,79.25,78.33000183105469,79.18000030517578,70.93741607666016,851100.0
2018-12-31,756376000.0,-231983000.0,524393000.0,-457509000.0,-256120000.0,-146122000.0,66884000.0,-60746000.0,-62198000.0,6138000,31606000.0,37744000,-6795000.0,30949000,26076000,26076000,5766000.0,263818000.0,294094000.0,923878000.0,13766668000.0,852247000.0,2121409000.0,16740324000.0,17664202000,575937000.0,576400000.0,1648964000.0,4638232000.0,10666533000.0,12315497000,2634265000.0,2641183000.0,5348705000.0,17664202000,30949000.0,161094000.0,31965000.0,93373000.0,317381000.0,-279714000.0,-279508000.0,-80855000.0,-1800000.0,-97098000.0,-59225000,2018-12-31,85.33000183105469,85.7300033569336,84.29000091552734,85.19999694824219,77.0099105834961,1066400.0
2019-03-31,740530000.0,-230588000.0,509942000.0,-449858000.0,-245634000.0,-148707000.0,60084000.0,-57842000.0,-60653000.0,2242000,22967000.0,25209000,-2418000.0,22791000,17918000,17918000,6109000.0,247113000.0,307151000.0,876389000.0,13845423000.0,919309000.0,2212986000.0,16977718000.0,17854107000,513679000.0,494050000.0,1591304000.0,4886108000.0,10881078000.0,12472382000,2644063000.0,2659086000.0,5381725000.0,17854107000,22791000.0,167801000.0,4153000.0,-21313000.0,173432000.0,-259792000.0,-254513000.0,-80897000.0,164974000.0,81424000.0,343000,2019-03-29,95.05999755859376,95.6500015258789,94.73999786376952,95.58000183105469,87.12596130371094,1288800.0
2019-06-30,869501000.0,-242222000.0,627279000.0,-430690000.0,-227543000.0,-147374000.0,196589000.0,-48930000.0,-57465000.0,147659000,18440000.0,166099000,-17080000.0,149019000,144145000,144145000,1648000.0,260741000.0,315381000.0,1028567000.0,13991836000.0,950448000.0,2194815000.0,17137099000.0,18165666000,620295000.0,682373000.0,1900961000.0,4886879000.0,10907462000.0,12808423000,2648234000.0,2637620000.0,5357243000.0,18165666000,149019000.0,164384000.0,-7518000.0,-133383000.0,172502000.0,-281609000.0,-273125000.0,-81082000.0,188323000.0,96162000.0,-4461000,2019-06-28,93.6999969482422,94.81999969482422,93.4499969482422,94.08999633789062,86.4437484741211,1304400.0
2019-09-30,1190787000.0,-344862000.0,845925000.0,-442635000.0,-238582000.0,-149450000.0,403290000.0,-48030000.0,-57481000.0,355260000,15155000.0,370415000,-53266000.0,317149000,312276000,312276000,29852000.0,354669000.0,312426000.0,1133155000.0,14108864000.0,967673000.0,2167874000.0,17244411000.0,18377566000,548040000.0,507375000.0,1586746000.0,4984996000.0,11109115000.0,12695861000,2654430000.0,2949891000.0,5681705000.0,18377566000,317149000.0,168616000.0,71589000.0,-68527000.0,488827000.0,-316482000.0,-304375000.0,-81137000.0,-77341000.0,-156248000.0,28204000,2019-09-30,97.44000244140624,98.0,96.9499969482422,97.06999969482422,89.9033203125,718100.0
2019-12-31,670391000.0,-224565000.0,445826000.0,-433829000.0,-229857000.0,-145398000.0,11997000.0,-48066000.0,-59652000.0,-36069000,16386000.0,-19683000,88537000.0,68854000,63981000,63981000,10283000.0,258255000.0,345920000.0,1030030000.0,14231974000.0,1010775000.0,2206468000.0,17449217000.0,18479247000,632863000.0,914675000.0,2078365000.0,4832558000.0,10847694000.0,12926059000,2659561000.0,2837610000.0,5553188000.0,18479247000,68854000.0,163339000.0,-119669000.0,9441000.0,121965000.0,-333564000.0,-298964000.0,-86527000.0,254507000.0,157430000.0,-19569000,2019-12-31,89.33000183105469,89.9800033569336,89.27999877929688,89.93000030517578,83.98918151855469,882500.0
2020-03-31,661930000.0,-188521000.0,473409000.0,-432987000.0,-221318000.0,-154079000.0,40422000.0,-51449000.0,-59234000.0,-11027000,25684000.0,14657000,20209000.0,34866000,29993000,29993000,63139000.0,250508000.0,340475000.0,1078307000.0,14358169000.0,920426000.0,2204858000.0,17483453000.0,18561760000,549665000.0,1213000000.0,2295488000.0,4833324000.0,10669440000.0,12964928000,2664387000.0,2867610000.0,5596832000.0,18561760000,34866000.0,173168000.0,-27559000.0,3153000.0,183628000.0,-340014000.0,-341160000.0,-86257000.0,298325000.0,210388000.0,52856000,2020-03-31,77.33999633789062,78.94999694824219,75.51000213623047,75.79000091552734,71.34883880615234,1029800.0
2020-06-30,929590000.0,-238382000.0,691208000.0,-429334000.0,-219392000.0,-152482000.0,261874000.0,-50056000.0,-62690000.0,211818000,27702000.0,239520000,-41061000.0,198459000,193585000,193585000,6763000.0,267901000.0,335625000.0,1147089000.0,14513983000.0,1024033000.0,2622283000.0,18160299000.0,19307388000,609286000.0,291900000.0,1496363000.0,5922161000.0,12200548000.0,13696911000,2665518000.0,2885109000.0,5610477000.0,19307388000,198459000.0,170005000.0,7736000.0,-190796000.0,185404000.0,-336959000.0,-311361000.0,-86309000.0,167786000.0,69581000.0,-56376000,2020-06-30,72.8499984741211,73.58000183105469,72.33000183105469,73.29000091552734,69.70423889160156,1230000.0
