Report Date,Revenue,Cost of Revenue,Gross Profit,Operating Expenses,"Selling, General & Administrative",Research & Development,Depreciation & Amortization,Operating Income (Loss),Non-Operating Income (Loss),"Pretax Income (Loss), Adj.",Abnormal Gains (Losses),Pretax Income (Loss),"Income Tax (Expense) Benefit, Net",Income (Loss) from Continuing Operations,Net Income,Net Income (Common),"Cash, Cash Equivalents & Short Term Investments",Accounts & Notes Receivable,Inventories,Total Current Assets,"Property, Plant & Equipment, Net",Other Long Term Assets,Total Noncurrent Assets,Total Assets,Payables & Accruals,Total Current Liabilities,Total Noncurrent Liabilities,Total Liabilities,Share Capital & Additional Paid-In Capital,Treasury Stock,Retained Earnings,Total Equity,Total Liabilities & Equity,Net Income/Starting Line,Depreciation & Amortization.1,Non-Cash Items,Change in Working Capital,Change in Accounts Receivable,Change in Inventories,Change in Accounts Payable,Change in Other,Net Cash from Operating Activities,Change in Fixed Assets & Intangibles,Net Change in Long Term Investment,Net Cash from Investing Activities,Dividends Paid,Cash from (Repurchase of) Equity,Net Cash from Financing Activities,Net Change in Cash,Price Date,Open,High,Low,Close,Adj Close,Volume
2012-09-30,421160000.0,-243510000.0,177650000.0,-102838000.0,-37791000.0,-56459000.0,-8588000.0,74812000.0,-94000.0,74718000,20000.0,74738000,-13164000.0,61574000,61574000,61574000,307100000.0,297600000.0,232900000.0,883300000.0,279400000.0,973900000.0,1253300000.0,2136600000,171900000.0,182700000.0,48400000.0,231100000,1968100000.0,-161800000.0,100800000.0,1905500000.0,2136600000,61500000.0,25900000.0,38100000.0,-75200000.0,-50700000.0,-22900000.0,5000000.0,-6600000.0,50300000.0,-30700000.0,0.0,-30700000.0,0.0,16800000.0,-40400000.0,-20800000,2012-09-28,23.979999542236328,24.26000022888184,23.45000076293945,23.559999465942386,21.231563568115234,5226400.0
2013-06-30,436100000.0,-247900000.0,188200000.0,-103900000.0,-40300000.0,-56600000.0,-7000000.0,84300000.0,200000.0,84500000,0.0,84500000,-18800000.0,65700000,65700000,65700000,400300000.0,283900000.0,232300000.0,959600000.0,309200000.0,949100000.0,1258300000.0,2217900000,149800000.0,159000000.0,58800000.0,217800000,2050700000.0,-343700000.0,294700000.0,2000100000.0,2217900000,65700000.0,25400000.0,22500000.0,-49300000.0,-49300000.0,-5100000.0,3600000.0,1500000.0,64300000.0,-33400000.0,0.0,-33400000.0,0.0,-86800000.0,-89400000.0,-58500000,2013-06-28,21.420000076293945,22.07999992370605,21.32999992370605,21.88999938964844,19.726613998413086,3457400.0
2013-09-30,477000000.0,-267900000.0,209100000.0,-103600000.0,-41600000.0,-55300000.0,-6700000.0,105500000.0,400000.0,105900000,0.0,105900000,-21700000.0,84200000,84200000,84200000,511100000.0,292700000.0,229500000.0,1073300000.0,328600000.0,931200000.0,1259800000.0,2333100000,167700000.0,179700000.0,52300000.0,232000000,2088400000.0,-365300000.0,378900000.0,2101100000.0,2333100000,84200000.0,25600000.0,31600000.0,16100000.0,-8800000.0,2500000.0,11300000.0,11100000.0,157500000.0,-38400000.0,0.0,-38400000.0,0.0,-12500000.0,-8300000.0,110800000,2013-09-30,24.46999931335449,25.06999969482422,24.26000022888184,24.84000015258789,22.385059356689453,2200100.0
2015-12-31,926800000.0,-454700000.0,472100000.0,-141600000.0,-51700000.0,-81500000.0,-8400000.0,330500000.0,-800000.0,329700000,88500000.0,418200000,-62900000.0,355300000,355300000,355300000,1233200000.0,527600000.0,276400000.0,2114700000.0,847900000.0,967900000.0,1815800000.0,3930500000,249200000.0,367900000.0,80000000.0,447900000,2632600000.0,-916500000.0,1774700000.0,3482600000.0,3930500000,355300000.0,59900000.0,-9300000.0,-60600000.0,3100000.0,-19000000.0,-96200000.0,51500000.0,345300000.0,-79500000.0,0.0,-79500000.0,-50200000.0,8600000.0,-76200000.0,189600000,2015-12-31,78.91000366210938,79.25,76.80000305175781,76.83000183105469,70.36100769042969,2341300.0
2016-03-31,775100000.0,-384700000.0,390400000.0,-132400000.0,-44000000.0,-79800000.0,-8600000.0,258000000.0,-2600000.0,255400000,-300000.0,255100000,-47000000.0,208100000,208100000,208100000,1177500000.0,538500000.0,333700000.0,2127000000.0,837700000.0,993500000.0,1831200000.0,3958200000,235300000.0,324700000.0,90200000.0,414900000,2670400000.0,-1052100000.0,1933500000.0,3543300000.0,3958200000,208100000.0,62100000.0,19200000.0,-134900000.0,-3600000.0,-47400000.0,-14300000.0,-69600000.0,154500000.0,-37400000.0,0.0,-37400000.0,-49200000.0,-127400000.0,-172800000.0,-55700000,2016-03-31,77.61000061035156,78.29000091552734,77.30999755859375,77.9000015258789,71.65509033203125,2950200.0
2016-06-30,751700000.0,-373400000.0,378300000.0,-134800000.0,-46900000.0,-77900000.0,-10000000.0,243500000.0,-2400000.0,241100000,-4900000.0,236200000,-51200000.0,185000000,185000000,185000000,973700000.0,570000000.0,437600000.0,2078100000.0,844500000.0,1033100000.0,1877600000.0,3955700000,241300000.0,347000000.0,94400000.0,441400000,2698900000.0,-1244500000.0,2068900000.0,3514300000.0,3955700000,185000000.0,64600000.0,16100000.0,-124800000.0,-31500000.0,-94300000.0,300000.0,700000.0,140900000.0,-57200000.0,0.0,-112200000.0,-49400000.0,-186100000.0,-232500000.0,-203800000,2016-06-30,62.02999877929688,63.31000137329102,61.68000030517578,63.27999877929688,58.440696716308594,3375700.0
2016-09-30,835400000.0,-411000000.0,424400000.0,-132900000.0,-53300000.0,-73200000.0,-6400000.0,291500000.0,-800000.0,290700000,400000.0,291100000,-44300000.0,246800000,246800000,246800000,1083800000.0,416600000.0,424000000.0,2002100000.0,806300000.0,1047000000.0,1853300000.0,3855400000,152700000.0,210200000.0,103800000.0,314000000,2732200000.0,-1443500000.0,2263600000.0,3541400000.0,3855400000,246800000.0,61200000.0,8600000.0,120400000.0,153400000.0,13400000.0,-71300000.0,24900000.0,437000000.0,-21200000.0,0.0,-21800000.0,-52200000.0,-192600000.0,-305100000.0,110100000,2016-09-30,73.91000366210938,76.31999969482422,73.87999725341797,76.13999938964844,70.61617279052734,4110200.0
2016-12-31,914300000.0,-450400000.0,463900000.0,-141400000.0,-50900000.0,-82000000.0,-8500000.0,322500000.0,-800000.0,321700000,-600000.0,321100000,-63300000.0,257800000,257800000,257800000,1350500000.0,368400000.0,422800000.0,2198500000.0,801500000.0,1065700000.0,1867200000.0,4065700000,218600000.0,303400000.0,102000000.0,405400000,2794200000.0,-1594400000.0,2469500000.0,3660300000.0,4065700000,257800000.0,63800000.0,1300000.0,173000000.0,49300000.0,600000.0,50900000.0,72200000.0,495900000.0,-50100000.0,3200000.0,-60600000.0,-52200000.0,-91800000.0,-168600000.0,266700000,2016-12-30,76.83000183105469,76.83000183105469,74.31999969482422,74.66000366210938,69.50641632080078,1844400.0
2017-03-31,851700000.0,-426300000.0,425400000.0,-144200000.0,-47800000.0,-89400000.0,-7000000.0,281200000.0,200000.0,281400000,0.0,281400000,-56500000.0,224900000,224900000,224900000,1406900000.0,368800000.0,444500000.0,2308100000.0,800400000.0,1058300000.0,1858700000.0,4166800000,214700000.0,266900000.0,108100000.0,375000000,2848300000.0,-1689800000.0,2642600000.0,3791800000.0,4166800000,224900000.0,62900000.0,15100000.0,-74200000.0,-500000.0,-21900000.0,2300000.0,-54100000.0,228700000.0,-54900000.0,0.0,-54900000.0,-51900000.0,-78000000.0,-117400000.0,56400000,2017-03-31,98.30999755859376,98.48999786376952,97.70999908447266,97.9800033569336,91.49217224121094,1065300.0
2017-06-30,900800000.0,-447200000.0,453600000.0,-148600000.0,-49500000.0,-92000000.0,-7100000.0,305000000.0,2000000.0,307000000,-200000.0,306800000,-60600000.0,246200000,246200000,246200000,1444000000.0,397400000.0,482500000.0,2412000000.0,857700000.0,1040500000.0,1898200000.0,4310200000,246400000.0,300800000.0,111600000.0,412400000,2892000000.0,-1822200000.0,2837200000.0,3897800000.0,4310200000,246200000.0,62700000.0,15300000.0,-10100000.0,-28600000.0,-37400000.0,14900000.0,41000000.0,314100000.0,-113000000.0,0.0,-113000000.0,-51600000.0,-114900000.0,-164000000.0,37100000,2017-06-30,96.63999938964844,97.2699966430664,95.11000061035156,95.9499969482422,89.84175872802734,2194300.0
2017-09-30,984600000.0,-485700000.0,498900000.0,-153200000.0,-56400000.0,-91800000.0,-5000000.0,345700000.0,1800000.0,347500000,200000.0,347700000,-66400000.0,281300000,281300000,281300000,1616800000.0,454700000.0,493500000.0,2633700000.0,882300000.0,1057600000.0,1939900000.0,4573600000,326500000.0,387900000.0,120000000.0,507900000,2939600000.0,-1925000000.0,3059600000.0,4065700000.0,4573600000,281300000.0,65400000.0,17200000.0,53700000.0,-57300000.0,-10500000.0,79700000.0,41800000.0,417600000.0,-97400000.0,0.0,-97400000.0,-58900000.0,-93800000.0,-147400000.0,172800000,2017-09-29,101.33999633789062,102.0,100.81999969482422,101.9000015258789,95.71385955810548,1212300.0
2017-12-31,1051900000.0,-515100000.0,536800000.0,-153300000.0,-51300000.0,-98000000.0,-4000000.0,383500000.0,2100000.0,385600000,0.0,385600000,-315200000.0,70400000,70400000,70400000,1681500000.0,458800000.0,458600000.0,2686600000.0,869100000.0,1038600000.0,1907700000.0,4594300000,225500000.0,321500000.0,372300000.0,693800000,2981900000.0,-2142200000.0,3069300000.0,3900500000.0,4594300000,70400000.0,69100000.0,47200000.0,174100000.0,-4100000.0,34500000.0,-105400000.0,249100000.0,360800000.0,-34200000.0,0.0,-34200000.0,-59100000.0,-158100000.0,-261900000.0,64700000,2017-12-29,96.48999786376952,96.70999908447266,94.93000030517578,94.9499969482422,89.44599151611328,1551600.0
2018-03-31,913400000.0,-454700000.0,458700000.0,-168300000.0,-57500000.0,-106700000.0,-4100000.0,290400000.0,2900000.0,293300000,-1000000.0,292300000,-16300000.0,276000000,276000000,276000000,1881300000.0,367200000.0,466400000.0,2810900000.0,907100000.0,1027100000.0,1934200000.0,4745100000,264900000.0,318500000.0,356400000.0,674900000,3047900000.0,-2255700000.0,3286800000.0,4070200000.0,4745100000,276000000.0,71600000.0,45200000.0,41400000.0,91600000.0,-8200000.0,23200000.0,-65200000.0,434200000.0,-90300000.0,0.0,-90300000.0,-58400000.0,-93800000.0,-144100000.0,199800000,2018-03-29,99.72000122070312,101.23999786376952,98.8499984741211,100.26000213623048,94.73306274414062,2209300.0
2018-06-30,894300000.0,-442700000.0,451600000.0,-145300000.0,-44600000.0,-96800000.0,-3900000.0,306300000.0,4500000.0,310800000,0.0,310800000,-24300000.0,286500000,286500000,286500000,1542500000.0,468400000.0,502800000.0,2631400000.0,1034600000.0,1011000000.0,2151900000.0,4783300000,309300000.0,358300000.0,342100000.0,700400000,3073200000.0,-2496900000.0,3515400000.0,4082900000.0,4783300000,286500000.0,74700000.0,22000000.0,-125200000.0,-101200000.0,-36500000.0,25900000.0,-13400000.0,258000000.0,-194100000.0,-490600000.0,-684700000.0,-57700000.0,-237800000.0,-296500000.0,-723200000,2018-06-29,96.83999633789062,97.80999755859376,96.58999633789062,96.6500015258789,91.6197509765625,1616200.0
2018-09-30,1008400000.0,-504800000.0,503600000.0,-163700000.0,-54400000.0,-103000000.0,-6300000.0,339900000.0,3300000.0,343200000,200000.0,343400000,-57900000.0,285500000,285500000,285500000,1027400000.0,655800000.0,490200000.0,2262200000.0,1140900000.0,1403000000.0,2566700000.0,4828900000,315100000.0,389700000.0,342200000.0,731900000,3105400000.0,-2732500000.0,3732900000.0,4097000000.0,4828900000,285500000.0,83800000.0,8100000.0,-169800000.0,-180100000.0,22100000.0,-69700000.0,57900000.0,207600000.0,-112300000.0,175100000.0,-341200000.0,-68000000.0,-231000000.0,-291200000.0,-424800000,2018-09-28,89.69999694824219,90.81999969482422,88.91000366210938,90.70999908447266,86.33201599121094,1108400.0
2018-12-31,972000000.0,-486900000.0,485100000.0,-164400000.0,-47800000.0,-109200000.0,-7400000.0,320700000.0,2900000.0,323600000,200000.0,323800000,-38900000.0,284900000,284900000,284900000,1099100000.0,524400000.0,493100000.0,2208500000.0,1140600000.0,1387100000.0,2530400000.0,4738900000,227300000.0,357300000.0,343300000.0,700600000,3131900000.0,-3036100000.0,3950700000.0,4038300000.0,4738900000,284900000.0,93000000.0,23600000.0,147500000.0,131400000.0,-5000000.0,-22200000.0,43300000.0,549000000.0,-129500000.0,301000000.0,171500000.0,-67100000.0,-281600000.0,-368100000.0,352400000,2018-12-31,67.80000305175781,68.05999755859375,66.37999725341797,67.01999664306639,64.13055419921875,1311000.0
2019-03-31,810400000.0,-410200000.0,400200000.0,-161100000.0,-47900000.0,-107500000.0,-5700000.0,239100000.0,3700000.0,242800000,-1500000.0,241300000,-27300000.0,214000000,214000000,214000000,957400000.0,543800000.0,555000000.0,2160100000.0,1169800000.0,1401700000.0,2605400000.0,4765500000,238200000.0,338300000.0,346300000.0,684600000,3169400000.0,-3179100000.0,4098700000.0,4080900000.0,4765500000,213900000.0,92000000.0,-7800000.0,-106000000.0,-19400000.0,-61900000.0,-1700000.0,-23000000.0,192100000.0,-109600000.0,-158500000.0,-268100000.0,-66000000.0,-137100000.0,-193400000.0,-269400000,2019-03-29,81.44000244140625,82.7699966430664,80.98999786376953,82.4800033569336,79.28959655761719,1589700.0
2019-06-30,767000000.0,-454500000.0,312500000.0,-152900000.0,-46800000.0,-100600000.0,-5500000.0,159600000.0,2300000.0,161900000,0.0,161900000,-17800000.0,144100000,144100000,144100000,935000000.0,557800000.0,580800000.0,2206300000.0,1230100000.0,1370800000.0,2636000000.0,4842300000,304100000.0,396500000.0,345900000.0,742400000,3196200000.0,-3265600000.0,4177100000.0,4099900000.0,4842300000,144200000.0,93700000.0,27700000.0,-56300000.0,-14000000.0,-22800000.0,-600000.0,-18900000.0,209300000.0,-74900000.0,-51800000.0,-138500000.0,-65700000.0,-78000000.0,-144300000.0,-73500000,2019-06-28,77.48999786376953,77.87000274658203,77.04000091552734,77.2699966430664,74.68419647216797,3397700.0
2019-09-30,827400000.0,-421400000.0,406000000.0,-166600000.0,-55800000.0,-106800000.0,-4000000.0,239400000.0,100000.0,239500000,-5500000.0,234000000,-23400000.0,210600000,210600000,210600000,1054600000.0,465300000.0,609700000.0,2234600000.0,1205600000.0,1371799999.0,2604999999.0,4839599999,266500000.0,374000000.0,343300000.0,717300000,3230500000.0,-3412900000.0,4312600000.0,4122300000.0,4839600000,210600000.0,92900000.0,44200000.0,69300000.0,92500000.0,-29900000.0,-8500000.0,15200000.0,417000000.0,-109400000.0,-4200000.0,-101800000.0,-75100000.0,-138800000.0,-206700000.0,108500000,2019-09-30,78.19000244140625,79.33000183105469,77.87999725341797,79.25,77.05894470214844,1911300.0
2019-12-31,896100000.0,-451800000.0,444300000.0,-166200000.0,-55400000.0,-107700000.0,-3100000.0,278100000.0,1400000.0,279500000,-800000.0,278700000,-21600000.0,257100000,257100000,257100000,974800000.0,393600000.0,806000000.0,2317600000.0,1249500000.0,1534400000.0,2789100000.0,5106700000,340400000.0,448400000.0,494100000.0,942500000,3445100000.0,-4093500000.0,4820400000.0,4164200000.0,5106700000,257100000.0,91200000.0,34500000.0,15600000.0,38500000.0,7900000.0,-6700000.0,-24100000.0,398400000.0,-111200000.0,-69300000.0,-180500000.0,-75100000.0,-39300000.0,-141000000.0,76900000,2019-12-31,120.4800033569336,121.23999786376952,119.20999908447266,120.87999725341795,118.06643676757812,1171300.0
2020-03-31,766100000.0,-390500000.0,375600000.0,-174900000.0,-58600000.0,-113200000.0,-3100000.0,200700000.0,3500000.0,204200000,-1200000.0,203000000,-21900000.0,181100000,181100000,181100000,1073900000.0,367600000.0,648900000.0,2220800000.0,1207900000.0,1519100000.0,2761100000.0,4981900000,247900000.0,362200000.0,476900000.0,839100000,3349100000.0,-3799600000.0,4600800000.0,4142800000.0,4981900000,181000000.0,91800000.0,42500000.0,-34900000.0,59200000.0,-44900000.0,-6500000.0,-42700000.0,280400000.0,-60900000.0,104900000.0,44000000.0,-74900000.0,-263200000.0,-340200000.0,-15800000,2020-03-31,89.97000122070312,94.27999877929688,88.91999816894531,89.37999725341797,87.63805389404297,3247500.0
2020-06-30,736800000.0,-402700000.0,334100000.0,-174800000.0,-55000000.0,-117000000.0,-2800000.0,159300000.0,-3500000.0,155800000,-11800000.0,144000000,-14300000.0,129700000,129700000,129700000,1138300000.0,346100000.0,698200000.0,2337400000.0,1206900000.0,1504000000.0,2735000000.0,5072400000,295500000.0,401100000.0,488900000.0,890000000,3393300000.0,-3860300000.0,4657000000.0,4182400000.0,5072400000,129800000.0,90600000.0,47400000.0,-9100000.0,21500000.0,-46500000.0,25900000.0,-10000000.0,258700000.0,-79000000.0,-175500000.0,-254500000.0,-73500000.0,-49600000.0,-125300000.0,-121100000,2020-06-30,125.94000244140624,128.38999938964844,125.41999816894531,127.86000061035156,125.86013793945312,1928800.0
