Report Date,Revenue,Cost of Revenue,Gross Profit,Operating Expenses,"Selling, General & Administrative",Depreciation & Amortization,Operating Income (Loss),Non-Operating Income (Loss),"Interest Expense, Net","Pretax Income (Loss), Adj.",Pretax Income (Loss),"Income Tax (Expense) Benefit, Net",Income (Loss) from Continuing Operations,Net Income,Net Income (Common),"Cash, Cash Equivalents & Short Term Investments",Accounts & Notes Receivable,Total Current Assets,"Property, Plant & Equipment, Net",Long Term Investments & Receivables,Other Long Term Assets,Total Noncurrent Assets,Total Assets,Payables & Accruals,Short Term Debt,Total Current Liabilities,Long Term Debt,Total Noncurrent Liabilities,Total Liabilities,Share Capital & Additional Paid-In Capital,Treasury Stock,Retained Earnings,Total Equity,Total Liabilities & Equity,Net Income/Starting Line,Depreciation & Amortization.1,Non-Cash Items,Change in Working Capital,Change in Accounts Receivable,Change in Other,Net Cash from Operating Activities,Change in Fixed Assets & Intangibles,Net Change in Long Term Investment,Net Cash from Acquisitions & Divestitures,Net Cash from Investing Activities,Dividends Paid,Cash from (Repayment of) Debt,Cash from (Repurchase of) Equity,Net Cash from Financing Activities,Net Change in Cash,Price Date,Open,High,Low,Close,Adj Close,Volume
2009-06-30,30614000000.0,-12557000000.0,18057000000.0,-12557000000.0,-7682000000.0,-4875000000.0,5500000000.0,-846000000.0,-876000000.0,4654000000,4654000000,-1612000000.0,3273000000,3198000000,3198000000,7348000000.0,14846000000.0,26940000000.0,98229000000.0,2749000000.0,140000000000.0,240978000000.0,267918000000,20465000000.0,10155000000.0,36219000000.0,66565000000.0,132687000000.0,168906000000,98132000000.0,-21284000000.0,38069000000.0,99012000000.0,267918000000,3198000000.0,4847000000.0,881000000.0,-1069000000.0,-404000000.0,-665000000.0,7857000000.0,-3844000000.0,-11000000.0,-37000000.0,-4066000000.0,-2418000000.0,1930000000.0,3000000.0,-263000000.0,3528000000,2009-06-30,25.13999938964844,25.170000076293945,24.649999618530273,24.84000015258789,12.342325210571287,28441600.0
2009-09-30,30734000000.0,-12907000000.0,17827000000.0,-12455000000.0,-7574000000.0,-4881000000.0,5372000000.0,-822000000.0,-851000000.0,4550000000,4550000000,-1463000000.0,3268000000,3192000000,3192000000,6167000000.0,14796000000.0,25921000000.0,98321000000.0,2813000000.0,139513000000.0,240647000000.0,266568000000,20512000000.0,6755000000.0,33268000000.0,65909000000.0,133299000000.0,166567000000,98173000000.0,-21280000000.0,38841000000.0,100001000000.0,266568000000,3186000000.0,4881000000.0,2053000000.0,-448000000.0,-439000000.0,-9000000.0,9672000000.0,-4017000000.0,7000000.0,-123000000.0,-4313000000.0,-2418000000.0,-4136000000.0,4000000.0,-6536000000.0,-1177000000,2009-09-30,27.34000015258789,27.3700008392334,26.899999618530273,27.01000022888184,13.650571823120115,38454800.0
2009-12-31,30594000000.0,-12980000000.0,17614000000.0,-13223000000.0,-8350000000.0,-4873000000.0,4391000000.0,-684000000.0,-792000000.0,3707000000,3707000000,-1207000000.0,2685000000,2622000000,2622000000,3741000000.0,14845000000.0,25187000000.0,99519000000.0,2921000000.0,140685000000.0,243125000000.0,268312000000,23739000000.0,7361000000.0,36951000000.0,64720000000.0,129372000000.0,166323000000,98202000000.0,-21260000000.0,21944000000.0,101989000000.0,268312000000,2917000000.0,4901000000.0,-84000000.0,1227000000.0,-220000000.0,1447000000.0,8961000000.0,-5520000000.0,44000000.0,-717000000.0,-6347000000.0,-2418000000.0,-2475000000.0,20000000.0,-4971000000.0,-2357000000,2009-12-31,28.290000915527344,28.43000030517578,28.020000457763672,28.03000068664551,14.38327693939209,16071000.0
2010-03-31,30530000000.0,-12383000000.0,18147000000.0,-12176000000.0,-7396000000.0,-4780000000.0,5971000000.0,-787000000.0,-765000000.0,5184000000,5184000000,-2863000000.0,2538000000,2453000000,2453000000,2617000000.0,14167000000.0,22362000000.0,99360000000.0,3278000000.0,140701000000.0,243339000000.0,265701000000,20569000000.0,9437000000.0,36706000000.0,60024000000.0,126529000000.0,163235000000,98052000000.0,-21137000000.0,39373000000.0,102466000000.0,265701000000,2453000000.0,4780000000.0,1808000000.0,-1803000000.0,395000000.0,-2198000000.0,7238000000.0,-3148000000.0,-20000000.0,-177000000.0,-3522000000.0,-2479000000.0,-2189000000.0,3000000.0,-4909000000.0,-1193000000,2010-03-31,25.899999618530273,26.040000915527344,25.75,25.84000015258789,13.458256721496582,36706500.0
2010-06-30,30808000000.0,-12452000000.0,18356000000.0,-12273000000.0,-7454000000.0,-4819000000.0,6083000000.0,-31000000.0,-754000000.0,6052000000,6052000000,-2160000000.0,4087000000,4003000000,4003000000,1377000000.0,13780000000.0,21392000000.0,100302000000.0,4346000000.0,141516000000.0,246164000000.0,267556000000,20639000000.0,9721000000.0,36182000000.0,60277000000.0,127891000000.0,164073000000,98123000000.0,-21134000000.0,40909000000.0,103483000000.0,267556000000,4006000000.0,4819000000.0,105000000.0,-357000000.0,-1000000.0,-356000000.0,8573000000.0,-4708000000.0,-525000000.0,-2363000000.0,-7783000000.0,-2481000000.0,808000000.0,2000000.0,-1961000000.0,-1171000000,2010-06-30,24.35000038146973,24.440000534057607,24.11000061035156,24.190000534057607,12.803267478942873,37193800.0
2010-09-30,31581000000.0,-13605000000.0,17976000000.0,-12545000000.0,-7672000000.0,-4873000000.0,5431000000.0,-605000000.0,-729000000.0,4826000000,4826000000,6573000000.0,11616000000,12319000000,12319000000,3246000000.0,13606000000.0,21977000000.0,101475000000.0,4544000000.0,141256000000.0,247275000000.0,269252000000,20899000000.0,6426000000.0,32674000000.0,62540000000.0,123285000000.0,155959000000,98243000000.0,-21112000000.0,50751000000.0,113293000000.0,269252000000,11539000000.0,4873000000.0,-6401000000.0,-472000000.0,-128000000.0,-344000000.0,9539000000.0,-5314000000.0,108000000.0,1746000000.0,-3651000000.0,-2476000000.0,-1697000000.0,19000000.0,-4019000000.0,1869000000,2010-09-30,28.78000068664551,29.059999465942386,28.56999969482422,28.60000038146973,15.4024076461792,28301200.0
2010-12-31,31361000000.0,-11817000000.0,19544000000.0,-17371000000.0,-12464000000.0,-4907000000.0,2173000000.0,-674000000.0,-746000000.0,1499000000,1414000000,-388000000.0,1159000000,1089000000,1089000000,1437000000.0,13610000000.0,20854000000.0,103196000000.0,4515000000.0,140826000000.0,248537000000.0,269391000000,22597000000.0,7196000000.0,34854000000.0,58971000000.0,122587000000.0,157441000000,98226000000.0,-21083000000.0,31792000000.0,111950000000.0,269391000000,1402000000.0,4907000000.0,3743000000.0,-180000000.0,-367000000.0,187000000.0,9872000000.0,-6360000000.0,337000000.0,-282000000.0,-6493000000.0,-2480000000.0,-2389000000.0,26000000.0,-4960000000.0,-1581000000,2010-12-31,29.36000061035156,29.53000068664551,29.290000915527344,29.3799991607666,16.05210304260254,15225500.0
2011-03-31,31247000000.0,-12813000000.0,18434000000.0,-12626000000.0,-8042000000.0,-4584000000.0,5808000000.0,-787000000.0,-846000000.0,5021000000,5021000000,-1802000000.0,3468000000,3408000000,3408000000,1391000000.0,13246000000.0,19737000000.0,103369000000.0,4845000000.0,140134000000.0,248348000000.0,268085000000,20894000000.0,6902000000.0,33254000000.0,58126000000.0,121988000000.0,155242000000,98131000000.0,-20949000000.0,32649000000.0,112843000000.0,268085000000,3468000000.0,4584000000.0,749000000.0,-1069000000.0,72000000.0,-1141000000.0,7732000000.0,-4133000000.0,127000000.0,-43000000.0,-4075000000.0,-2540000000.0,-1300000000.0,18000000.0,-3703000000.0,-46000000,2011-03-31,30.6299991607666,30.85000038146973,30.51000022888184,30.61000061035156,16.96748924255371,116644900.0
2011-06-30,31495000000.0,-12756000000.0,18739000000.0,-12574000000.0,-7972000000.0,-4602000000.0,6165000000.0,-821000000.0,-848000000.0,5344000000,5344000000,-1893000000.0,3658000000,3591000000,3591000000,3831000000.0,13608000000.0,22239000000.0,104606000000.0,5207000000.0,139962000000.0,249775000000.0,272014000000,20693000000.0,7910000000.0,33537000000.0,58663000000.0,124368000000.0,157905000000,98182000000.0,-20786000000.0,33687000000.0,114109000000.0,272014000000,3658000000.0,4602000000.0,2131000000.0,-1366000000.0,-593000000.0,-773000000.0,9025000000.0,-5272000000.0,-82000000.0,11000000.0,-5375000000.0,-2542000000.0,1392000000.0,181000000.0,-1210000000.0,2440000000,2011-06-30,31.38999938964844,31.5,31.309999465942386,31.40999984741211,17.65826416015625,40634100.0
2011-09-30,31478000000.0,-12656000000.0,18822000000.0,-12587000000.0,-7969000000.0,-4618000000.0,6235000000.0,-843000000.0,-889000000.0,5392000000,5392000000,-1899000000.0,3686000000,3623000000,3623000000,10762000000.0,13377000000.0,28605000000.0,105786000000.0,4483000000.0,138779000000.0,249048000000.0,277653000000,20408000000.0,8900000000.0,34031000000.0,62326000000.0,129740000000.0,163771000000,97950000000.0,-20770000000.0,34758000000.0,113882000000.0,277653000000,3686000000.0,4618000000.0,2271000000.0,-182000000.0,-52000000.0,-130000000.0,10393000000.0,-5220000000.0,0.0,-322000000.0,-5575000000.0,-2545000000.0,4925000000.0,17000000.0,2113000000.0,6931000000,2011-09-30,28.729999542236328,29.0,28.5,28.520000457763672,16.254524230957028,27759500.0
2011-12-31,32503000000.0,-16679000000.0,15824000000.0,-21904000000.0,-17331000000.0,-4573000000.0,-6080000000.0,-835000000.0,-952000000.0,-6915000000,-9825000000,3062000000.0,-6628000000,-6678000000,-6678000000,3045000000.0,13231000000.0,22985000000.0,107087000000.0,3718000000.0,136652000000.0,247457000000.0,270442000000,22564000000.0,3453000000.0,30892000000.0,61300000000.0,133753000000.0,164645000000,97651000000.0,-20750000000.0,25453000000.0,105797000000.0,270442000000,-6628000000.0,4573000000.0,6392000000.0,3256000000.0,-591000000.0,3847000000.0,7593000000.0,-5485000000.0,17000000.0,-713000000.0,-6225000000.0,-2545000000.0,-6308000000.0,21000000.0,-8849000000.0,-7481000000,2011-12-30,30.10000038146973,30.29999923706055,30.07999992370605,30.239999771118164,17.500621795654293,15687800.0
2012-03-31,31822000000.0,-12817000000.0,19005000000.0,-12904000000.0,-8344000000.0,-4560000000.0,6101000000.0,-807000000.0,-859000000.0,5294000000,5294000000,-1865000000.0,3652000000,3584000000,3584000000,2442000000.0,13167000000.0,20765000000.0,107231000000.0,4302000000.0,137058000000.0,248591000000.0,269356000000,20178000000.0,6775000000.0,32520000000.0,58934000000.0,131649000000.0,164169000000,97527000000.0,-22460000000.0,26446000000.0,105187000000.0,269356000000,3652000000.0,4560000000.0,433000000.0,-800000000.0,73000000.0,-873000000.0,7845000000.0,-4261000000.0,5000000.0,-417000000.0,-4737000000.0,-2606000000.0,782000000.0,-1848000000.0,-3802000000.0,-694000000,2012-03-30,31.31999969482422,31.3799991607666,31.15999984741211,31.229999542236328,18.3389949798584,21745700.0
2012-06-30,31575000000.0,-12254000000.0,19321000000.0,-12504000000.0,-8005000000.0,-4499000000.0,6817000000.0,-918000000.0,-941000000.0,5899000000,5899000000,-2066000000.0,3965000000,3902000000,3902000000,2151000000.0,12430000000.0,19156000000.0,107483000000.0,4388000000.0,135267000000.0,247138000000.0,266294000000,18852000000.0,3402000000.0,29702000000.0,61132000000.0,133013000000.0,162715000000,97422000000.0,-24869000000.0,27788000000.0,103579000000.0,266294000000,3965000000.0,4499000000.0,-853000000.0,1869000000.0,-533000000.0,2402000000.0,9480000000.0,-4481000000.0,119000000.0,740000000.0,-3688000000.0,-2581000000.0,-882000000.0,-2399000000.0,-6266000000.0,-474000000,2012-06-29,35.70000076293945,35.72999954223633,35.439998626708984,35.65999984741211,21.236377716064453,30458800.0
2012-09-30,31459000000.0,-12602000000.0,18857000000.0,-12820000000.0,-8308000000.0,-4512000000.0,6037000000.0,-777000000.0,-824000000.0,5260000000,5260000000,-1741000000.0,3701000000,3635000000,3635000000,2217000000.0,12398000000.0,18958000000.0,108217000000.0,4563000000.0,135111000000.0,247891000000.0,266849000000,21447000000.0,3433000000.0,30798000000.0,60314000000.0,134777000000.0,165575000000,97477000000.0,-28533000000.0,28907000000.0,101274000000.0,266849000000,3701000000.0,4512000000.0,4186000000.0,-1068000000.0,-111000000.0,-957000000.0,11331000000.0,-4877000000.0,187000000.0,-67000000.0,-4826000000.0,-2551000000.0,-1007000000.0,-3667000000.0,-6593000000.0,-88000000,2012-09-28,37.90999984741211,37.97000122070313,37.599998474121094,37.70000076293945,22.730854034423828,59909900.0
2012-12-31,32578000000.0,-17555000000.0,15023000000.0,-20981000000.0,-16409000000.0,-4572000000.0,-5958000000.0,-808000000.0,-820000000.0,-6766000000,-6766000000,2772000000.0,-3779000000,-3857000000,-3857000000,4868000000.0,12657000000.0,22706000000.0,109767000000.0,4581000000.0,135261000000.0,249609000000.0,272315000000,23050000000.0,3486000000.0,31787000000.0,66358000000.0,147833000000.0,179620000000,97533000000.0,-32888000000.0,22481000000.0,92695000000.0,272315000000,-3779000000.0,4572000000.0,8458000000.0,1269000000.0,-794000000.0,2063000000.0,10520000000.0,-5846000000.0,-246000000.0,-272000000.0,-6429000000.0,-2503000000.0,5861000000.0,-4361000000.0,-1012000000.0,3079000000,2012-12-31,33.130001068115234,33.72999954223633,33.09999847412109,33.709999084472656,20.561086654663086,26911500.0
2013-09-30,32158000000.0,-13403000000.0,18755000000.0,-12567000000.0,-7952000000.0,-4615000000.0,6188000000.0,-779000000.0,-829000000.0,5409000000,5409000000,-1595000000.0,3905000000,3814000000,3814000000,1371000000.0,12444000000.0,18435000000.0,112424000000.0,3949000000.0,139791000000.0,256164000000.0,274599000000,22809000000.0,7873000000.0,36183000000.0,68350000000.0,152286000000.0,188469000000,97516000000.0,-43731000000.0,26648000000.0,86130000000.0,274599000000,3905000000.0,4615000000.0,1417000000.0,-769000000.0,-150000000.0,-619000000.0,9168000000.0,-5900000000.0,0.0,-2822000000.0,-8795000000.0,-2395000000.0,300000000.0,-1913000000.0,-3550000000.0,-3177000000,2013-09-30,33.779998779296875,33.889999389648445,33.68000030517578,33.81999969482422,21.413043975830078,20819700.0
2013-12-31,33163000000.0,-11964000000.0,21199000000.0,-8688000000.0,-4008000000.0,-4680000000.0,12511000000.0,-1233000000.0,-1459000000.0,11278000000,11278000000,-4262000000.0,7164000000,7082000000,7082000000,3339000000.0,12918000000.0,23196000000.0,110968000000.0,3860000000.0,139763000000.0,254591000000.0,277787000000,23511000000.0,5498000000.0,34995000000.0,69290000000.0,151310000000.0,186305000000,97586000000.0,-45619000000.0,31141000000.0,91482000000.0,277787000000,7164000000.0,4680000000.0,-3789000000.0,-138000000.0,-889000000.0,751000000.0,7917000000.0,-5379000000.0,0.0,989000000.0,-4464000000.0,-2371000000.0,3022000000.0,-1888000000.0,-1485000000.0,1968000000,2013-12-31,35.169998168945305,35.279998779296875,34.959999084472656,35.15999984741211,22.56005859375,18425400.0
2014-03-31,32476000000.0,-13321000000.0,19155000000.0,-12877000000.0,-8260000000.0,-4617000000.0,6278000000.0,-715000000.0,-860000000.0,5563000000,5563000000,-1917000000.0,3734000000,3652000000,3652000000,3611000000.0,13120000000.0,24089000000.0,112809000000.0,3613000000.0,144829000000.0,261251000000.0,285340000000,24624000000.0,8301000000.0,39830000000.0,71575000000.0,154141000000.0,193971000000,97522000000.0,-46684000000.0,32402000000.0,91369000000.0,285340000000,3734000000.0,4617000000.0,574000000.0,-126000000.0,-498000000.0,372000000.0,8799000000.0,-5716000000.0,0.0,-311000000.0,-6082000000.0,-2398000000.0,1103000000.0,-1224000000.0,-2445000000.0,272000000,2014-03-31,35.29999923706055,35.5,34.990001678466804,35.06999969482422,22.80242347717285,30486500.0
2014-06-30,32575000000.0,-14212000000.0,18363000000.0,-12747000000.0,-8197000000.0,-4550000000.0,5616000000.0,388000000.0,-881000000.0,6004000000,6004000000,-2485000000.0,3621000000,3547000000,3547000000,11305000000.0,13001000000.0,33112000000.0,114360000000.0,159000000.0,145835000000.0,260354000000.0,293466000000,25354000000.0,10482000000.0,43788000000.0,73570000000.0,157053000000.0,200841000000,97552000000.0,-46825000000.0,33554000000.0,92625000000.0,293466000000,3621000000.0,4550000000.0,-1287000000.0,1186000000.0,-68000000.0,1254000000.0,8070000000.0,-5933000000.0,0.0,4375000000.0,-1619000000.0,-2386000000.0,4087000000.0,-145000000.0,1243000000.0,7694000000,2014-06-30,35.400001525878906,35.54999923706055,35.33000183105469,35.36000061035156,23.29288482666016,19118700.0
2014-09-30,32957000000.0,-14336000000.0,18621000000.0,-13014000000.0,-8475000000.0,-4539000000.0,5607000000.0,-974000000.0,-1016000000.0,4633000000,4633000000,-1444000000.0,3187000000,3130000000,3130000000,2458000000.0,13445000000.0,25835000000.0,115134000000.0,166000000.0,146804000000.0,262104000000.0,287939000000,26504000000.0,5109000000.0,39979000000.0,70516000000.0,154841000000.0,194820000000,97559000000.0,-47037000000.0,34165000000.0,93119000000.0,287939000000,3299000000.0,4539000000.0,1016000000.0,-130000000.0,-703000000.0,573000000.0,8724000000.0,-5180000000.0,-1996000000.0,-43000000.0,-7279000000.0,-2386000000.0,-7018000000.0,-214000000.0,-10292000000.0,-8847000000,2014-09-30,35.2599983215332,35.400001525878906,35.09999847412109,35.2400016784668,23.51413536071777,20015500.0
2014-12-31,34439000000.0,-18276000000.0,16163000000.0,-19332000000.0,-14765000000.0,-4567000000.0,-3169000000.0,-731000000.0,-856000000.0,-3900000000,-6020000000,2227000000.0,-3806000000,-3887000000,-3887000000,8603000000.0,14527000000.0,33606000000.0,112898000000.0,250000000.0,150080000000.0,263228000000.0,296834000000,26030000000.0,6056000000.0,37282000000.0,75778000000.0,169282000000.0,206564000000,97603000000.0,-47029000000.0,31081000000.0,90270000000.0,296834000000,-3918000000.0,4567000000.0,10618000000.0,-5522000000.0,576000000.0,-6098000000.0,5745000000.0,-4370000000.0,106000000.0,961000000.0,-3357000000.0,-2382000000.0,7445000000.0,5000000.0,3757000000.0,6145000000,2014-12-31,33.97999954223633,34.080001831054695,33.540000915527344,33.59000015258789,22.70882225036621,24178100.0
2015-03-31,32576000000.0,-14480000000.0,18096000000.0,-12539000000.0,-7961000000.0,-4578000000.0,5557000000.0,-829000000.0,-899000000.0,4728000000,4728000000,-1389000000.0,3339000000,3263000000,3263000000,4444000000.0,13592000000.0,27410000000.0,113198000000.0,266000000.0,167154000000.0,280618000000.0,308028000000,22859000000.0,8181000000.0,37651000000.0,88272000000.0,183273000000.0,220924000000,97472000000.0,-46804000000.0,28490000000.0,87104000000.0,308028000000,3339000000.0,4578000000.0,364000000.0,-1543000000.0,739000000.0,-2282000000.0,6738000000.0,-3848000000.0,1890000000.0,-19506000000.0,-21587000000.0,-2434000000.0,15976000000.0,8000000.0,10690000000.0,-4159000000,2015-03-31,32.970001220703125,33.029998779296875,32.650001525878906,32.650001525878906,22.386478424072266,27900200.0
2015-06-30,33015000000.0,-15079000000.0,17936000000.0,-12163000000.0,-7467000000.0,-4696000000.0,5773000000.0,-884000000.0,-932000000.0,4889000000,4889000000,-1738000000.0,3184000000,3082000000,3082000000,20956000000.0,13821000000.0,43163000000.0,114348000000.0,288000000.0,168690000000.0,283326000000.0,326489000000,24001000000.0,8603000000.0,40527000000.0,105067000000.0,198461000000.0,238988000000,97527000000.0,-46793000000.0,29086000000.0,87501000000.0,326489000000,3184000000.0,4696000000.0,887000000.0,393000000.0,-305000000.0,698000000.0,9160000000.0,-4480000000.0,0.0,-1376000000.0,-6073000000.0,-2439000000.0,15063000000.0,12000000.0,13425000000.0,16512000000,2015-06-30,36.02999877929688,36.150001525878906,35.459999084472656,35.52000045776367,24.70444679260254,31390100.0
2015-09-30,39091000000.0,-17796000000.0,21295000000.0,-15372000000.0,-9107000000.0,-6265000000.0,5923000000.0,-1203000000.0,-1146000000.0,4720000000,4720000000,-1657000000.0,3078000000,2994000000,2994000000,6202000000.0,16329000000.0,34951000000.0,122836000000.0,1744000000.0,240458000000.0,365038000000.0,399989000000,31172000000.0,7535000000.0,47938000000.0,119395000000.0,229262000000.0,277200000000,96212000000.0,-12309000000.0,32627000000.0,122789000000.0,399989000000,3078000000.0,6265000000.0,506000000.0,948000000.0,303000000.0,645000000.0,10797000000.0,-5028000000.0,-400000000.0,-9733000000.0,-15387000000.0,-2438000000.0,-7035000000.0,113000000.0,-10164000000.0,-14754000000,2015-09-30,32.360000610351555,32.709999084472656,32.240001678466804,32.580001831054695,22.96134948730469,34815500.0
2015-12-31,42119000000.0,-19691000000.0,22428000000.0,-14861000000.0,-8384000000.0,-6477000000.0,7567000000.0,-1256000000.0,-1143000000.0,6311000000,6276000000,-2221000000.0,4086000000,4006000000,4006000000,5121000000.0,16532000000.0,35992000000.0,124450000000.0,1606000000.0,240624000000.0,366680000000.0,402672000000,33322000000.0,7636000000.0,47816000000.0,118515000000.0,231216000000.0,279032000000,96258000000.0,-12592000000.0,33671000000.0,123640000000.0,402672000000,4086000000.0,6477000000.0,966000000.0,-2344000000.0,-707000000.0,-1637000000.0,9185000000.0,-5862000000.0,55000000.0,-61000000.0,-6097000000.0,-2889000000.0,-77000000.0,-259000000.0,-4169000000.0,-1081000000,2015-12-31,34.560001373291016,34.65999984741211,34.389999389648445,34.40999984741211,24.598148345947266,20261800.0
2016-03-31,40535000000.0,-18400000000.0,22135000000.0,-15004000000.0,-8441000000.0,-6563000000.0,7131000000.0,-1137000000.0,-1207000000.0,5994000000,5994000000,-2122000000.0,3885000000,3803000000,3803000000,10008000000.0,16070000000.0,38001000000.0,123454000000.0,1594000000.0,240589000000.0,365637000000.0,403638000000,29124000000.0,8399000000.0,44528000000.0,122104000000.0,234705000000.0,279233000000,95909000000.0,-12163000000.0,34506000000.0,124405000000.0,403638000000,3885000000.0,6563000000.0,1523000000.0,-4071000000.0,43000000.0,-4114000000.0,7900000000.0,-4451000000.0,445000000.0,-84000000.0,-4308000000.0,-2947000000.0,3682000000.0,89000000.0,1295000000.0,4887000000,2016-03-31,39.41999816894531,39.56999969482422,39.0099983215332,39.16999816894531,28.39488983154297,27101200.0
2016-06-30,40520000000.0,-18475000000.0,22045000000.0,-15485000000.0,-8909000000.0,-6576000000.0,6560000000.0,-1167000000.0,-1258000000.0,5393000000,5393000000,-1906000000.0,3515000000,3408000000,3408000000,7208000000.0,15830000000.0,36005000000.0,123537000000.0,1677000000.0,240589000000.0,365803000000.0,401808000000,29699000000.0,9528000000.0,46465000000.0,117308000000.0,230972000000.0,277437000000,95981000000.0,-12343000000.0,34950000000.0,124371000000.0,401808000000,3515000000.0,6576000000.0,562000000.0,-346000000.0,-407000000.0,61000000.0,10307000000.0,-5251000000.0,55000000.0,-294000000.0,-5709000000.0,-2952000000.0,-2671000000.0,-167000000.0,-7398000000.0,-2800000000,2016-06-30,42.68999862670898,43.41999816894531,42.540000915527344,43.209999084472656,31.71194839477539,31913400.0
2016-09-30,40890000000.0,-18890000000.0,22000000000.0,-15592000000.0,-9013000000.0,-6579000000.0,6408000000.0,-1231000000.0,-1224000000.0,5177000000,5177000000,-1775000000.0,3418000000,3328000000,3328000000,5895000000.0,16855000000.0,37374000000.0,123922000000.0,1679000000.0,240000000000.0,365601000000.0,402975000000,31797000000.0,7982000000.0,47102000000.0,117239000000.0,231270000000.0,278372000000,96031000000.0,-12589000000.0,35319000000.0,124603000000.0,402975000000,3418000000.0,6579000000.0,1082000000.0,-84000000.0,-744000000.0,660000000.0,10995000000.0,-5581000000.0,1000000.0,-2360000000.0,-8172000000.0,-2951000000.0,-1559000000.0,-229000000.0,-4136000000.0,-1313000000,2016-09-30,40.90999984741211,41.040000915527344,40.599998474121094,40.61000061035156,30.13750457763672,19381600.0
2016-12-31,41841000000.0,-21425000000.0,20416000000.0,-16611000000.0,-10482000000.0,-6129000000.0,3805000000.0,-294000000.0,-1221000000.0,3511000000,3150000000,-676000000.0,2515000000,2437000000,2437000000,5788000000.0,16794000000.0,38369000000.0,124899000000.0,1674000000.0,238879000000.0,365452000000.0,403821000000,34146000000.0,9832000000.0,50576000000.0,113681000000.0,229135000000.0,279711000000,96099000000.0,-12659000000.0,34734000000.0,124110000000.0,403821000000,2515000000.0,6129000000.0,1523000000.0,-927000000.0,105000000.0,-1032000000.0,9240000000.0,-6233000000.0,171000000.0,425000000.0,-5129000000.0,-2947000000.0,-135000000.0,-59000000.0,-4223000000.0,-112000000,2016-12-30,42.7599983215332,42.83000183105469,42.45000076293945,42.52999877929688,31.94669532775879,16674000.0
2017-03-31,39365000000.0,-18110000000.0,21255000000.0,-14899000000.0,-8772000000.0,-6127000000.0,6356000000.0,-805000000.0,-1293000000.0,5551000000,5551000000,-1804000000.0,3574000000,3469000000,3469000000,14884000000.0,15078000000.0,45727000000.0,125292000000.0,1551000000.0,239333000000.0,366176000000.0,411903000000,30132000000.0,12681000000.0,50690000000.0,120568000000.0,236232000000.0,286922000000,95906000000.0,-12400000000.0,35175000000.0,124981000000.0,411903000000,3574000000.0,6127000000.0,976000000.0,-1712000000.0,445000000.0,-2157000000.0,8965000000.0,-5784000000.0,17000000.0,-156000000.0,-5969000000.0,-3009000000.0,9387000000.0,-156000000.0,6049000000.0,9045000000,2017-03-31,41.790000915527344,41.88999938964844,41.54999923706055,41.54999923706055,31.573305130004893,17533500.0
2017-06-30,39837000000.0,-18605000000.0,21232000000.0,-14706000000.0,-8559000000.0,-6147000000.0,6526000000.0,-470000000.0,-1395000000.0,6056000000,6056000000,-2056000000.0,4014000000,3915000000,3915000000,25617000000.0,14997000000.0,53547000000.0,126184000000.0,1615000000.0,239449000000.0,367248000000.0,420795000000,29479000000.0,10831000000.0,48012000000.0,132824000000.0,246925000000.0,294937000000,95966000000.0,-12697000000.0,36067000000.0,125858000000.0,420795000000,4014000000.0,6147000000.0,423000000.0,-1879000000.0,-326000000.0,-1553000000.0,8705000000.0,-4966000000.0,152000000.0,1431000000.0,-3428000000.0,-3012000000.0,8608000000.0,-278000000.0,5568000000.0,10845000000,2017-06-30,37.72999954223633,37.86999893188477,37.540000915527344,37.72999954223633,29.01302719116211,22540700.0
2017-09-30,39668000000.0,-19169000000.0,20499000000.0,-14692000000.0,-8650000000.0,-6042000000.0,5807000000.0,-844000000.0,-1686000000.0,4963000000,4963000000,-1851000000.0,3123000000,3029000000,3029000000,48499000000.0,15876000000.0,76357000000.0,126462000000.0,1627000000.0,239419000000.0,367508000000.0,443865000000,31936000000.0,8551000000.0,47693000000.0,154728000000.0,270063000000.0,317756000000,96022000000.0,-12716000000.0,36074000000.0,126109000000.0,443865000000,3123000000.0,6042000000.0,2449000000.0,-811000000.0,-771000000.0,-40000000.0,10803000000.0,-5006000000.0,66000000.0,-65000000.0,-4967000000.0,-3009000000.0,18455000000.0,0.0,17085000000.0,22921000000,2017-09-29,38.95000076293945,39.22000122070313,38.810001373291016,39.16999816894531,30.512540817260746,21961400.0
2017-12-31,41676000000.0,-21926000000.0,19750000000.0,-15555000000.0,-9484000000.0,-6071000000.0,4195000000.0,-2584000000.0,-1926000000.0,1611000000,-1303000000,20419000000.0,19136000000,19037000000,19037000000,50498000000.0,16522000000.0,79146000000.0,125222000000.0,1560000000.0,238169000000.0,364951000000.0,444097000000,37540000000.0,38374000000.0,81389000000.0,125972000000.0,220701000000.0,302090000000,96058000000.0,-12714000000.0,50500000000.0,142007000000.0,444097000000,19136000000.0,6071000000.0,-15148000000.0,-522000000.0,-334000000.0,-188000000.0,9537000000.0,-4891000000.0,214000000.0,-28000000.0,-4579000000.0,-3008000000.0,2000000.0,4000000.0,-2772000000.0,2186000000,2017-12-29,39.22000122070313,39.31999969482422,38.88000106811523,38.88000106811523,30.666973114013672,26479900.0
2018-03-31,38038000000.0,-17946000000.0,20092000000.0,-13891000000.0,-7897000000.0,-5994000000.0,6201000000.0,-69000000.0,-1771000000.0,6132000000,6132000000,-1382000000.0,4759000000,4662000000,4662000000,48872000000.0,16290000000.0,78505000000.0,125124000000.0,2623000000.0,240091000000.0,367838000000.0,446343000000,34643000000.0,29322000000.0,70580000000.0,133724000000.0,228687000000.0,299267000000,95899000000.0,-12432000000.0,55067000000.0,147076000000.0,446343000000,4759000000.0,5994000000.0,590000000.0,-2396000000.0,-439000000.0,-1957000000.0,8947000000.0,-5957000000.0,-116000000.0,-178000000.0,-7152000000.0,-3070000000.0,-2346000000.0,-134000000.0,-3502000000.0,-1707000000,2018-03-29,35.68000030517578,35.88999938964844,35.02000045776367,35.650001525878906,28.491718292236328,27564100.0
2018-06-30,38986000000.0,-17458000000.0,21528000000.0,-15062000000.0,-8684000000.0,-6378000000.0,6466000000.0,330000000.0,-2023000000.0,6796000000,6796000000,-1532000000.0,5248000000,5132000000,5132000000,13523000000.0,25492000000.0,55286000000.0,129556000000.0,8007000000.0,341842000000.0,479405000000.0,534691000000,39118000000.0,21672000000.0,68593000000.0,168495000000.0,281968000000.0,350561000000,133581000000.0,-12872000000.0,56555000000.0,184130000000.0,534691000000,5248000000.0,6378000000.0,-382000000.0,-1015000000.0,672000000.0,-1687000000.0,10229000000.0,-5002000000.0,-102000000.0,-40478000000.0,-45483000000.0,-3074000000.0,6443000000.0,-418000000.0,-218000000.0,-35472000000,2018-06-29,32.25,32.490001678466804,32.049999237060554,32.110000610351555,26.02777862548828,42028700.0
2018-09-30,45739000000.0,-20706000000.0,25033000000.0,-17764000000.0,-9598000000.0,-8166000000.0,7269000000.0,-998000000.0,-2051000000.0,6271000000,6271000000,-1391000000.0,4816000000,4718000000,4718000000,8657000000.0,26312000000.0,53107000000.0,130348000000.0,6128000000.0,345287000000.0,481763000000.0,534870000000,43010000000.0,14905000000.0,65420000000.0,168513000000.0,284479000000.0,349899000000,133327000000.0,-12486000000.0,57624000000.0,184971000000.0,534870000000,4816000000.0,8166000000.0,2239000000.0,-2875000000.0,-1251000000.0,-1624000000.0,12346000000.0,-5736000000.0,-16000000.0,-1477000000.0,-7352000000.0,-3631000000.0,-6645000000.0,334000000.0,-9959000000.0,-4965000000,2018-09-28,33.40999984741211,33.68000030517578,33.310001373291016,33.580001831054695,27.64225578308105,22052200.0
2018-12-31,47993000000.0,-23309000000.0,24684000000.0,-18478000000.0,-10586000000.0,-7892000000.0,6206000000.0,-486000000.0,-2112000000.0,5720000000,5674000000,-615000000.0,5130000000,4858000000,4858000000,5204000000.0,26472000000.0,51427000000.0,131473000000.0,6245000000.0,342719000000.0,480437000000.0,531864000000,47038000000.0,10255000000.0,64420000000.0,166250000000.0,273560000000.0,337980000000,133146000000.0,-12059000000.0,58753000000.0,193884000000.0,531864000000,5130000000.0,7892000000.0,4076000000.0,-5018000000.0,-562000000.0,-4456000000.0,12080000000.0,-4556000000.0,51000000.0,972000000.0,-3158000000.0,-3635000000.0,-6241000000.0,354000000.0,-12310000000.0,-3388000000,2018-12-31,28.56999969482422,28.63999938964844,28.09000015258789,28.540000915527344,23.842947006225586,52861500.0
2019-03-31,44827000000.0,-20739000000.0,24088000000.0,-16855000000.0,-9649000000.0,-7206000000.0,7233000000.0,-1855000000.0,-2141000000.0,5378000000,5378000000,-1023000000.0,4348000000,4096000000,4096000000,6516000000.0,23863000000.0,46472000000.0,132051000000.0,6230000000.0,363631000000.0,501912000000.0,548384000000,46028000000.0,11538000000.0,64652000000.0,163942000000.0,288781000000.0,353433000000,132795000000.0,-11452000000.0,59424000000.0,194951000000.0,548384000000,4348000000.0,7206000000.0,4527000000.0,-5029000000.0,1894000000.0,-6923000000.0,11052000000.0,-5121000000.0,-1000000.0,-107000000.0,-5401000000.0,-3714000000.0,-794000000.0,-22000000.0,-4421000000.0,1230000000,2019-03-29,31.15999984741211,31.38999938964844,30.96999931335449,31.36000061035156,26.63307380676269,31606500.0
2019-06-30,44957000000.0,-20512000000.0,24445000000.0,-16945000000.0,-9844000000.0,-7101000000.0,7500000000.0,-2467000000.0,-2149000000.0,5033000000,5033000000,-1099000000.0,3974000000,3713000000,3713000000,8423000000.0,22381000000.0,47218000000.0,132074000000.0,4133000000.0,363489000000.0,499696000000.0,546914000000,45808000000.0,12772000000.0,66376000000.0,157790000000.0,286457000000.0,352833000000,132730000000.0,-11151000000.0,59389000000.0,194081000000.0,546914000000,3974000000.0,7101000000.0,4270000000.0,-1061000000.0,1646000000.0,-2707000000.0,14284000000.0,-5421000000.0,397000000.0,3380000000.0,-1898000000.0,-3722000000.0,-5262000000.0,237000000.0,-10362000000.0,2024000000,2019-06-28,33.040000915527344,33.549999237060554,32.919998168945305,33.509998321533196,28.91427230834961,40771300.0
2019-09-30,44588000000.0,-20154000000.0,24434000000.0,-16533000000.0,-9584000000.0,-6949000000.0,7901000000.0,-3018000000.0,-2083000000.0,4883000000,4883000000,-937000000.0,3949000000,3700000000,3700000000,6588000000.0,22921000000.0,50695000000.0,131316000000.0,4137000000.0,362648000000.0,498101000000.0,548796000000,47680000000.0,11608000000.0,68126000000.0,153568000000.0,286343000000.0,354469000000,132760000000.0,-11195000000.0,59347000000.0,194327000000.0,548796000000,3949000000.0,6949000000.0,2974000000.0,-2483000000.0,-1037000000.0,-1446000000.0,11389000000.0,-5301000000.0,127000000.0,-622000000.0,-5703000000.0,-3726000000.0,-3990000000.0,-48000000.0,-7558000000.0,-1872000000,2019-09-30,37.59000015258789,37.91999816894531,37.52999877929688,37.84000015258789,33.143966674804695,28341900.0
2020-03-31,42779000000.0,-19188000000.0,23591000000.0,-15982000000.0,-8760000000.0,-7222000000.0,7609000000.0,-1221000000.0,-2018000000.0,6388000000,6265000000,-1302000000.0,4963000000,4610000000,4578000000,9955000000.0,19908000000.0,52704000000.0,128921000000.0,3606000000.0,360123000000.0,492650000000.0,545354000000,44508000000.0,17067000000.0,69704000000.0,147202000000.0,280201000000.0,349905000000,137587000000.0,-17957000000.0,58534000000.0,195449000000.0,545354000000,4963000000.0,7222000000.0,2076000000.0,-5395000000.0,1695000000.0,-7090000000.0,8866000000.0,-4848000000.0,-6000000.0,-100000000.0,-5022000000.0,-3737000000.0,3067000000.0,-1536000000.0,-6099000000.0,-2255000000,2020-03-31,30.040000915527344,30.1299991607666,29.04999923706055,29.149999618530273,26.231096267700195,69813400.0
2020-06-30,40950000000.0,-17983000000.0,22967000000.0,-17116000000.0,-9831000000.0,-7285000000.0,5851000000.0,-1034000000.0,-2041000000.0,4817000000,2498000000,-935000000.0,1563000000,1281000000,1229000000,16941000000.0,19127000000.0,56555000000.0,128945000000.0,2302000000.0,360099000000.0,491346000000.0,547901000000,45622000000.0,15576000000.0,69469000000.0,153388000000.0,284976000000.0,354445000000,137667000000.0,-17945000000.0,56045000000.0,193453000000.0,547898000000,1563000000.0,7285000000.0,4067000000.0,-856000000.0,827000000.0,-1683000000.0,12059000000.0,-4237000000.0,6000000.0,-1074000000.0,-5256000000.0,-3737000000.0,3672000000.0,9000000.0,188000000.0,6991000000,2020-06-30,30.01000022888184,30.34000015258789,29.709999084472656,30.229999542236328,27.68148994445801,43791400.0
