Report Date,Revenue,Cost of Revenue,Gross Profit,Operating Expenses,"Selling, General & Administrative",Research & Development,Depreciation & Amortization,Operating Income (Loss),Non-Operating Income (Loss),"Interest Expense, Net","Pretax Income (Loss), Adj.",Pretax Income (Loss),"Income Tax (Expense) Benefit, Net",Income (Loss) from Continuing Operations,Net Income,Net Income (Common),"Cash, Cash Equivalents & Short Term Investments",Accounts & Notes Receivable,Inventories,Total Current Assets,"Property, Plant & Equipment, Net",Other Long Term Assets,Total Noncurrent Assets,Total Assets,Payables & Accruals,Short Term Debt,Total Current Liabilities,Long Term Debt,Total Noncurrent Liabilities,Total Liabilities,Share Capital & Additional Paid-In Capital,Retained Earnings,Total Equity,Total Liabilities & Equity,Net Income/Starting Line,Depreciation & Amortization.1,Non-Cash Items,Change in Working Capital,Net Cash from Operating Activities,Change in Fixed Assets & Intangibles,Net Cash from Acquisitions & Divestitures,Net Cash from Investing Activities,Cash from (Repayment of) Debt,Cash from (Repurchase of) Equity,Net Cash from Financing Activities,Net Change in Cash,Price Date,Open,High,Low,Close,Adj Close,Volume
2010-06-30,333363000.0,-169937000.0,163426000.0,-122865000.0,-77812000.0,-36552000.0,-8501000.0,40561000.0,286000.0,-167000.0,40847000,40847000,-34076000.0,6771000,6353000,6353000,261660000.0,219583000.0,159179000.0,719944000.0,46058000.0,1014531000.0,1060589000.0,1780533000,134980000.0,2004000.0,250061000.0,151018000.0,288064000.0,538125000,735861000.0,472386000.0,1242408000.0,1780533000,6771000.0,18201000.0,-2402000.0,17236000.0,39806000.0,-5731000.0,-12976000.0,-30792000.0,-40000.0,-51292000.0,-50402000.0,-45413000,2010-06-30,14.06999969482422,14.34000015258789,13.994999885559082,14.0,14.0,949400.0
2010-09-30,318210000.0,-158462000.0,159748000.0,-128078000.0,-82865000.0,-36897000.0,-8316000.0,31670000.0,6659000.0,-355000.0,38329000,38329000,-5487000.0,32842000,32845000,32845000,211056000.0,229746000.0,176853000.0,686100000.0,49525000.0,1080455000.0,1129980000.0,1816080000,147774000.0,1913000.0,262266000.0,151180000.0,234487000.0,496753000,754664000.0,500407000.0,1319327000.0,1816080000,32842000.0,19006000.0,2741000.0,-62866000.0,-8277000.0,-6460000.0,-59152000.0,-48429000.0,-373000.0,675000.0,861000.0,-50604000,2010-09-30,17.430000305175778,17.764999389648438,17.295000076293945,17.520000457763672,17.520000457763672,1735200.0
2010-12-31,323349000.0,-160019000.0,163330000.0,-144074000.0,-94487000.0,-40750000.0,-8837000.0,19256000.0,3005000.0,-148000.0,22261000,22261000,13587000.0,35848000,36564000,36564000,220788000.0,222820000.0,192852000.0,714370000.0,50692000.0,1101830000.0,1152522000.0,1866892000,146193000.0,1993000.0,251815000.0,151160000.0,229378000.0,481193000,781779000.0,536350000.0,1385699000.0,1866892000,35848000.0,20362000.0,-15072000.0,-4140000.0,36998000.0,-7409000.0,-48162000.0,-47237000.0,-31000.0,12663000.0,20300000.0,9732000,2010-12-31,20.049999237060547,20.28499984741211,19.96500015258789,19.96500015258789,19.96500015258789,644400.0
2011-03-31,384293000.0,-192763000.0,191530000.0,-147855000.0,-94679000.0,-43232000.0,-9944000.0,43675000.0,2606000.0,-211000.0,46281000,46281000,-7409000.0,38872000,39703000,39703000,244342000.0,265693000.0,203014000.0,795931000.0,51634000.0,1152139000.0,1203773000.0,1999704000,154173000.0,153029000.0,421680000.0,271000.0,89023000.0,510703000,826495000.0,575968000.0,1489001000.0,1999704000,38872000.0,20668000.0,-2290000.0,-29323000.0,27927000.0,-4286000.0,-38979000.0,-43221000.0,-672000.0,27785000.0,35470000.0,23554000,2011-03-31,24.9950008392334,25.28000068664551,24.76000022888184,25.270000457763672,25.270000457763672,843000.0
2011-06-30,407169000.0,-198435000.0,208734000.0,-157167000.0,-100647000.0,-46292000.0,-10228000.0,51567000.0,8631000.0,-1031000.0,60198000,60198000,-6020000.0,54178000,53678000,53678000,249811000.0,257176000.0,216080000.0,812738000.0,53391000.0,1203676000.0,1257067000.0,2069805000,160411000.0,1969000.0,292584000.0,125287000.0,217219000.0,509803000,839716000.0,629576000.0,1560002000.0,2069805000,54178000.0,21148000.0,2349000.0,5114000.0,82789000.0,-5602000.0,-52470000.0,-51240000.0,-32934000.0,2878000.0,-27463000.0,5469000,2011-06-30,19.31999969482422,19.8799991607666,19.2549991607666,19.81999969482422,19.81999969482422,1428800.0
2011-09-30,417433000.0,-205874000.0,211559000.0,-179111000.0,-114750000.0,-49928000.0,-14433000.0,32448000.0,-2563000.0,-2942000.0,29885000,29885000,-2689000.0,27196000,27971000,27971000,138255000.0,287670000.0,215681000.0,740659000.0,61562000.0,1911177000.0,1972739000.0,2713398000,193284000.0,66873000.0,394778000.0,570380000.0,754163000.0,1148941000,861305000.0,657000000.0,1564457000.0,2713398000,27196000.0,29614000.0,-1293000.0,-4412000.0,51105000.0,-7780000.0,-670061000.0,-677385000.0,509889000.0,9519000.0,520156000.0,-111556000,2011-09-30,17.03499984741211,17.184999465942386,16.71500015258789,16.774999618530273,16.774999618530273,1695000.0
2011-12-31,435170000.0,-217412000.0,217758000.0,-189046000.0,-115103000.0,-57555000.0,-16388000.0,28712000.0,2378000.0,-3093000.0,31090000,31090000,-2427000.0,28663000,29403000,29403000,154621000.0,275201000.0,232063000.0,733057000.0,62724000.0,1856694000.0,1919418000.0,2652475000,190294000.0,65918000.0,411323000.0,498518000.0,652250000.0,1063573000,878514000.0,685639000.0,1588902000.0,2652475000,28663000.0,34981000.0,-14265000.0,30429000.0,79808000.0,-5610000.0,1773000.0,-1719000.0,-792210000.0,5687000.0,-63996000.0,16366000,2011-12-30,21.86000061035156,21.875,21.65999984741211,21.700000762939453,21.700000762939453,431800.0
2012-03-31,502267000.0,-243117000.0,259150000.0,-199302000.0,-122910000.0,-60235000.0,-16157000.0,59848000.0,479000.0,-3863000.0,60327000,60327000,-10255000.0,50072000,50818000,50818000,209146000.0,324663000.0,224656000.0,833719000.0,66462000.0,1971891000.0,2038353000.0,2872072000,194304000.0,87929000.0,465953000.0,535204000.0,702563000.0,1168516000,921780000.0,736457000.0,1703556000.0,2872072000,50072000.0,34359000.0,-3116000.0,-13657000.0,67658000.0,-8399000.0,-101392000.0,-109540000.0,58650000.0,26682000.0,92912000.0,54525000,2012-03-30,27.420000076293945,27.604999542236328,27.1200008392334,27.209999084472656,27.209999084472656,951000.0
2012-06-30,517560000.0,-249864000.0,267696000.0,-208775000.0,-127576000.0,-64305000.0,-16894000.0,58921000.0,4370000.0,-3773000.0,63291000,63291000,-10126000.0,53165000,53692000,53692000,121937000.0,317280000.0,227948000.0,751441000.0,73597000.0,2147924000.0,2221521000.0,2972962000,197080000.0,80178000.0,459656000.0,617179000.0,790569000.0,1250225000,944901000.0,784240000.0,1722737000.0,2972962000,53165000.0,34816000.0,-4440000.0,3895000.0,87436000.0,-12909000.0,-236284000.0,-249929000.0,73837000.0,480000.0,81991000.0,-87209000,2012-06-29,22.979999542236328,23.26000022888184,22.81999969482422,23.0049991607666,23.0049991607666,1754400.0
2012-09-30,504763000.0,-241895000.0,262868000.0,-199398000.0,-122204000.0,-61181000.0,-16013000.0,63470000.0,3352000.0,-3925000.0,66822000,66822000,-13022000.0,53800000,53364000,53364000,141840000.0,320904000.0,234301000.0,778025000.0,81653000.0,2161815000.0,2243468000.0,3021493000,206130000.0,89909000.0,485066000.0,553198000.0,711374000.0,1196440000,965035000.0,836903000.0,1825053000.0,3021493000,53800000.0,37050000.0,230000.0,-2280000.0,88800000.0,-12818000.0,-17808000.0,-28493000.0,-54993000.0,9980000.0,-43594000.0,19903000,2012-09-28,23.95499992370605,23.989999771118164,23.684999465942386,23.82999992370605,23.82999992370605,934800.0
2012-12-31,515523000.0,-259060000.0,256463000.0,-226134000.0,-136804000.0,-70737000.0,-18593000.0,30329000.0,8655000.0,-4796000.0,38984000,38984000,-6305000.0,32679000,33186000,33186000,157771000.0,323477000.0,240529000.0,815973000.0,96890000.0,2556241000.0,2653131000.0,3469104000,227662000.0,38092000.0,468670000.0,873066000.0,1086910000.0,1555580000,1006818000.0,868026000.0,1913524000.0,3469104000,32679000.0,43173000.0,-14669000.0,35623000.0,96806000.0,-21115000.0,-372630000.0,-376324000.0,264381000.0,22045000.0,295098000.0,15931000,2012-12-31,29.2450008392334,29.96500015258789,29.165000915527344,29.88999938964844,29.88999938964844,850800.0
2013-03-31,556111000.0,-269197000.0,286914000.0,-230457000.0,-135593000.0,-73608000.0,-21256000.0,56457000.0,-2088000.0,-5071000.0,54369000,54369000,-5437000.0,48932000,49808000,49808000,143552000.0,388850000.0,260596000.0,889950000.0,105603000.0,2570168000.0,2675771000.0,3565721000,213935000.0,91117000.0,556454000.0,829322000.0,1043399000.0,1599853000,1036779000.0,916158000.0,1965868000.0,3565721000,48932000.0,45525000.0,-11279000.0,-45790000.0,37388000.0,-14927000.0,-65192000.0,-76405000.0,9019000.0,14437000.0,28240000.0,-14219000,2013-03-28,28.79999923706055,30.020000457763672,28.57999992370605,29.959999084472656,29.959999084472656,1963700.0
2013-06-30,576293000.0,-273892000.0,302401000.0,-237496000.0,-138067000.0,-76555000.0,-22874000.0,64905000.0,3786000.0,-4255000.0,68691000,68691000,-13738000.0,54953000,54581000,54581000,129072000.0,356264000.0,258709000.0,846640000.0,123795000.0,2663325000.0,2787120000.0,3633760000,207723000.0,109561000.0,581753000.0,789626000.0,1010718000.0,1592471000,1057927000.0,970657000.0,2041289000.0,3633760000,54953000.0,46424000.0,-3894000.0,37172000.0,134655000.0,-24504000.0,-113761000.0,-138723000.0,-22186000.0,9517000.0,-9837000.0,-14480000,2013-06-28,25.96999931335449,26.20000076293945,25.690000534057607,25.989999771118164,25.989999771118164,2914900.0
2013-09-30,556502000.0,-261449000.0,295053000.0,-232024000.0,-139155000.0,-71622000.0,-21247000.0,63029000.0,483000.0,-4122000.0,63512000,63512000,-8892000.0,54620000,54469000,54469000,115257000.0,361556000.0,241509000.0,828493000.0,136155000.0,2670524000.0,2806679000.0,3635172000,211092000.0,105202000.0,569037000.0,703862000.0,925982000.0,1495019000,1077756000.0,1025119000.0,2140153000.0,3635172000,54620000.0,48394000.0,6593000.0,-3242000.0,106365000.0,-18320000.0,-19019000.0,-41280000.0,-95698000.0,13713000.0,-80798000.0,-13815000,2013-09-30,29.649999618530273,29.93000030517578,29.6299991607666,29.709999084472656,29.709999084472656,1409000.0
2013-12-31,599194000.0,-279762000.0,319432000.0,-252123000.0,-152185000.0,-77615000.0,-22323000.0,67309000.0,-981000.0,-4152000.0,66328000,66328000,-6633000.0,59695000,60042000,60042000,147227000.0,337932000.0,254311000.0,837017000.0,142975000.0,2720848000.0,2863823000.0,3700840000,226169000.0,106402000.0,576990000.0,652056000.0,889868000.0,1466858000,1106017000.0,1081695000.0,2233982000.0,3700840000,59695000.0,49157000.0,1680000.0,25660000.0,136192000.0,-13349000.0,-58428000.0,-68392000.0,-50735000.0,10033000.0,-36005000.0,31914000,2013-12-31,34.56999969482422,35.009998321533196,34.5,34.700000762939446,34.700000762939446,807100.0
2014-03-31,604700000.0,-277800000.0,326900000.0,-251200000.0,-154800000.0,-76400000.0,-20000000.0,75700000.0,12800000.0,-3700000.0,88500000,88500000,-20400000.0,68100000,68600000,68600000,165226000.0,397740000.0,266700000.0,930871000.0,149609000.0,2697103000.0,2846712000.0,3777583000,221295000.0,52054000.0,562972000.0,612598000.0,861060000.0,1424032000,1159907000.0,1150304000.0,2353551000.0,3777583000,68100000.0,48100000.0,-19200000.0,-13600000.0,83400000.0,-13600000.0,-11000000.0,-14200000.0,-93800000.0,32500000.0,-51100000.0,18000000,2014-03-31,38.310001373291016,38.97000122070313,38.27999877929688,38.86999893188477,38.86999893188477,1506300.0
2014-06-30,642200000.0,-287600000.0,354600000.0,-257400000.0,-157000000.0,-81800000.0,-18600000.0,97200000.0,1600000.0,-3100000.0,98800000,98800000,-20700000.0,78100000,77900000,77900000,278919000.0,379811000.0,274371000.0,1041704000.0,155575000.0,2669960000.0,2825535000.0,3867239000,229262000.0,60706000.0,571592000.0,595157000.0,844852000.0,1416444000,1180271000.0,1227944000.0,2450795000.0,3867239000,78100000.0,45900000.0,2000000.0,5200000.0,131200000.0,-14800000.0,-16700000.0,-19500000.0,-8700000.0,6800000.0,1400000.0,113700000,2014-06-30,37.02999877929688,37.2599983215332,36.70000076293945,36.95000076293945,36.95000076293945,1976500.0
2014-09-30,584800000.0,-268000000.0,316800000.0,-305700000.0,-207200000.0,-79000000.0,-19500000.0,11100000.0,-4000000.0,-3000000.0,7100000,7100000,4700000.0,11800000,11800000,11800000,139477000.0,358504000.0,278027000.0,916041000.0,153823000.0,2749510000.0,2903333000.0,3819374000,213160000.0,69020000.0,624268000.0,577719000.0,831437000.0,1455705000,1197146000.0,1184228000.0,2363669000.0,3819374000,11800000.0,47900000.0,19200000.0,17000000.0,95900000.0,-13600000.0,-154100000.0,-168700000.0,-8800000.0,-50700000.0,-58900000.0,-139400000,2014-09-30,30.40999984741211,30.65999984741211,30.28000068664551,30.5,30.5,1950600.0
2014-12-31,563800000.0,-271300000.0,292500000.0,-215700000.0,-115700000.0,-80800000.0,-19200000.0,76800000.0,-5200000.0,-8900000.0,71600000,71600000,-15700000.0,55900000,55800000,55800000,148000000.0,362000000.0,278100000.0,902300000.0,157400000.0,2796200000.0,2953600000.0,3855900000,223300000.0,64400000.0,588300000.0,671000000.0,914200000.0,1502500000,1207300000.0,1211000000.0,2353400000.0,3855900000,55900000.0,49700000.0,14300000.0,-23300000.0,96600000.0,-12900000.0,-137000000.0,-141600000.0,87400000.0,-30300000.0,57100000.0,8500000,2014-12-31,27.1299991607666,27.13999938964844,26.420000076293945,26.540000915527344,26.540000915527344,1392700.0
2015-03-31,582600000.0,-275400000.0,307200000.0,-267700000.0,-161200000.0,-87200000.0,-19300000.0,39500000.0,4700000.0,-6400000.0,44200000,44200000,-10200000.0,34000000,34100000,34100000,145700000.0,383000000.0,276000000.0,917000000.0,155200000.0,2725500000.0,2880700000.0,3797700000,214100000.0,133100000.0,698300000.0,530300000.0,758800000.0,1457100000,1233300000.0,1234500000.0,2340600000.0,3797700000,34000000.0,49400000.0,14500000.0,9300000.0,107200000.0,-10600000.0,-25600000.0,-35400000.0,-68000000.0,2100000.0,-65200000.0,-2300000,2015-03-31,24.3700008392334,25.25,24.31999969482422,25.20000076293945,25.20000076293945,1670600.0
2015-06-30,585800000.0,-281900000.0,303900000.0,-267900000.0,-160400000.0,-84500000.0,-23000000.0,36000000.0,-200000.0,-6300000.0,35800000,35800000,-10000000.0,25800000,25900000,25900000,129000000.0,355500000.0,280800000.0,885100000.0,161700000.0,2733400000.0,2895100000.0,3780200000,224900000.0,124200000.0,696600000.0,515400000.0,744400000.0,1441000000,1235800000.0,1210900000.0,2339200000.0,3780200000,25800000.0,50000000.0,6500000.0,14500000.0,96800000.0,-15900000.0,-23700000.0,-32300000.0,-24100000.0,-59100000.0,-83000000.0,-16700000,2015-06-30,23.20000076293945,23.479999542236328,23.03000068664551,23.459999084472656,23.459999084472656,2557300.0
2015-09-30,562300000.0,-264300000.0,298000000.0,-252000000.0,-152300000.0,-79600000.0,-20100000.0,46000000.0,-2500000.0,-6400000.0,43500000,43500000,-6500000.0,37000000,37100000,37100000,123600000.0,344500000.0,271400000.0,853000000.0,162000000.0,2704900000.0,2866900000.0,3719900000,199000000.0,150300000.0,687500000.0,609100000.0,829200000.0,1516700000,1216000000.0,1133200000.0,2203200000.0,3719900000,37000000.0,49800000.0,10300000.0,-24700000.0,72400000.0,-9300000.0,-43900000.0,-45700000.0,119000000.0,-148300000.0,-28800000.0,-5400000,2015-09-30,16.569999694824222,16.780000686645508,16.200000762939453,16.420000076293945,16.420000076293945,2890600.0
2015-12-31,559700000.0,-266600000.0,293100000.0,-260200000.0,-156000000.0,-85400000.0,-18800000.0,32900000.0,-4600000.0,-6500000.0,28300000,28300000,-4400000.0,23900000,24000000,24000000,116000000.0,361900000.0,261100000.0,798400000.0,159200000.0,2723100000.0,2882300000.0,3680700000,217200000.0,118300000.0,660900000.0,611400000.0,799200000.0,1460100000,1238300000.0,1148200000.0,2220600000.0,3680700000,23900000.0,49900000.0,22100000.0,-15300000.0,80600000.0,-8100000.0,-56500000.0,-59000000.0,-27100000.0,600000.0,-27900000.0,-7600000,2015-12-31,21.57999992370605,21.959999084472656,21.450000762939453,21.450000762939453,21.450000762939453,843000.0
2016-03-31,583000000.0,-282400000.0,300600000.0,-270700000.0,-165000000.0,-87700000.0,-18000000.0,29900000.0,-500000.0,-6600000.0,29400000,29400000,-9700000.0,19700000,19800000,19800000,174700000.0,377800000.0,255500000.0,872600000.0,155400000.0,2721900000.0,2877300000.0,3749900000,217100000.0,135300000.0,726800000.0,539600000.0,736400000.0,1463200000,1267300000.0,1157300000.0,2286700000.0,3749900000,19700000.0,49400000.0,13000000.0,32300000.0,114400000.0,-4900000.0,-8100000.0,-8300000.0,-55000000.0,3900000.0,-51100000.0,58700000,2016-03-31,24.81999969482422,25.059999465942386,24.71999931335449,24.79999923706055,24.79999923706055,976500.0
2016-06-30,609600000.0,-294000000.0,315600000.0,-275100000.0,-163000000.0,-92000000.0,-20100000.0,40500000.0,-2200000.0,-6600000.0,38300000,38300000,-2700000.0,35600000,35700000,35700000,231900000.0,377500000.0,241700000.0,936800000.0,152000000.0,2662800000.0,2814800000.0,3751600000,225800000.0,130300000.0,721000000.0,594700000.0,785900000.0,1506900000,1276400000.0,1128100000.0,2244700000.0,3751600000,35600000.0,49300000.0,17000000.0,-20700000.0,81200000.0,-7300000.0,-2700000.0,-4300000.0,50000000.0,-67200000.0,-17200000.0,57200000,2016-06-30,24.270000457763672,24.479999542236328,24.0,24.36000061035156,24.36000061035156,3030800.0
2016-09-30,584100000.0,-275100000.0,309000000.0,-253700000.0,-147800000.0,-86900000.0,-19000000.0,55300000.0,-3100000.0,-6600000.0,52200000,52200000,-13000000.0,39200000,39200000,39200000,275600000.0,369200000.0,224300000.0,957900000.0,149400000.0,2624100000.0,2773500000.0,3731400000,206900000.0,145300000.0,694000000.0,524500000.0,717700000.0,1411700000,1316000000.0,1159100000.0,2319700000.0,3731400000,39200000.0,46400000.0,15800000.0,-10000000.0,91400000.0,-7800000.0,-2300000.0,-66000000.0,-55300000.0,11100000.0,-44200000.0,-18400000,2016-09-30,28.309999465942386,28.71999931335449,28.25,28.559999465942386,28.559999465942386,1200200.0
2016-12-31,585400000.0,-276100000.0,309300000.0,-254600000.0,-154900000.0,-83000000.0,-16700000.0,54700000.0,1500000.0,-6100000.0,56200000,56200000,-18500000.0,37700000,37700000,37700000,327200000.0,354800000.0,218800000.0,978700000.0,144200000.0,2550900000.0,2695100000.0,3673800000,224500000.0,130300000.0,688200000.0,489600000.0,679900000.0,1368100000,1348600000.0,1177100000.0,2305700000.0,3673800000,37700000.0,42700000.0,25200000.0,38500000.0,144100000.0,-6000000.0,-10600000.0,-68300000.0,-50000000.0,200000.0,-64800000.0,2600000,2016-12-30,30.399999618530273,30.420000076293945,30.020000457763672,30.149999618530273,30.149999618530273,943000.0
2017-03-31,610600000.0,-286300000.0,324300000.0,-269600000.0,-163700000.0,-88700000.0,-17200000.0,54700000.0,9000000.0,-6100000.0,63700000,63700000,-13900000.0,49800000,49800000,49800000,422600000.0,394700000.0,221100000.0,1115500000.0,142800000.0,2639100000.0,2781900000.0,3897400000,219100000.0,138300000.0,759300000.0,509800000.0,717200000.0,1476500000,1399700000.0,1216100000.0,2420900000.0,3897400000,49800000.0,42200000.0,1300000.0,10700000.0,104000000.0,-5700000.0,-78500000.0,-95300000.0,25900000.0,25400000.0,51000000.0,64700000,2017-03-31,32.110000610351555,32.15999984741211,31.85000038146973,32.009998321533196,32.009998321533196,1479900.0
2017-06-30,661900000.0,-315400000.0,346500000.0,-283600000.0,-175200000.0,-90800000.0,-17600000.0,62900000.0,5000000.0,-6000000.0,67900000,67900000,-17700000.0,50200000,50200000,50200000,486100000.0,395300000.0,223300000.0,1183100000.0,145600000.0,2709600000.0,2855200000.0,4038300000,271400000.0,147300000.0,826800000.0,465000000.0,693800000.0,1520600000,1426000000.0,1251800000.0,2517700000.0,4038300000,47300000.0,44600000.0,9100000.0,48400000.0,149400000.0,-9900000.0,-46400000.0,-15100000.0,-36000000.0,4000000.0,-36300000.0,104100000,2017-06-30,35.970001220703125,36.02000045776367,35.58000183105469,35.66999816894531,35.66999816894531,875700.0
2017-09-30,676200000.0,-325000000.0,351200000.0,-284900000.0,-174000000.0,-92600000.0,-18300000.0,66300000.0,5600000.0,-6300000.0,71900000,71900000,-14700000.0,57200000,57200000,57200000,409200000.0,407200000.0,254700000.0,1161900000.0,160500000.0,2858300000.0,3018800000.0,4180700000,280700000.0,135400000.0,808400000.0,560400000.0,814900000.0,1623300000,1452300000.0,1236000000.0,2557400000.0,4180700000,57200000.0,48700000.0,18400000.0,-55100000.0,69200000.0,-10800000.0,-154100000.0,-217800000.0,82800000.0,-67900000.0,12200000.0,-129900000,2017-09-29,39.43999862670898,39.540000915527344,39.18999862670898,39.25,39.25,988100.0
2017-12-31,697800000.0,-342200000.0,355600000.0,-303800000.0,-188900000.0,-98100000.0,-16800000.0,51800000.0,-7100000.0,-6800000.0,44700000,44700000,-83400000.0,-38700000,-38800000,-38800000,537400000.0,427700000.0,264600000.0,1311700000.0,174000000.0,2830600000.0,3004600000.0,4316300000,308200000.0,128400000.0,773400000.0,785500000.0,1128400000.0,1901800000,1461300000.0,1084600000.0,2414500000.0,4316300000,-35800000.0,47900000.0,23300000.0,71700000.0,107100000.0,-17300000.0,-1200000.0,-43000000.0,217900000.0,-173000000.0,39600000.0,103500000,2017-12-29,41.099998474121094,41.2599983215332,40.52999877929688,40.63999938964844,40.63999938964844,748100.0
2018-03-31,742200000.0,-346000000.0,396200000.0,-332000000.0,-203700000.0,-109300000.0,-19000000.0,64200000.0,2500000.0,-9500000.0,66700000,66700000,-8000000.0,58700000,58500000,58500000,274500000.0,475700000.0,289100000.0,1124600000.0,184300000.0,3364800000.0,3549100000.0,4673700000,282100000.0,430500000.0,1146800000.0,691800000.0,1027000000.0,2173800000,1497200000.0,1103600000.0,2499900000.0,4673700000,58700000.0,49000000.0,9900000.0,-34700000.0,82900000.0,-18200000.0,-518700000.0,-353500000.0,208000000.0,-27700000.0,180300000.0,-84000000,2018-03-29,35.0,36.13999938964844,34.970001220703125,35.880001068115234,35.880001068115234,1069200.0
2018-06-30,785500000.0,-362800000.0,422700000.0,-333200000.0,-202200000.0,-110100000.0,-20900000.0,89500000.0,-10300000.0,-18600000.0,79200000,79200000,-15100000.0,64100000,64100000,64100000,571000000.0,446200000.0,282400000.0,1386900000.0,192600000.0,3278800000.0,3471400000.0,4858300000,312400000.0,400000.0,717000000.0,1286200000.0,1623700000.0,2340700000,1524700000.0,1153900000.0,2517600000.0,4858300000,64100000.0,51300000.0,32100000.0,37400000.0,184900000.0,-17800000.0,-14200000.0,-31300000.0,162700000.0,-3600000.0,157300000.0,296500000,2018-06-29,32.830001831054695,33.299999237060554,32.650001525878906,32.84000015258789,32.84000015258789,3872900.0
2018-09-30,795200000.0,-368300000.0,426900000.0,-349500000.0,-211300000.0,-114100000.0,-24100000.0,77400000.0,-13300000.0,-22700000.0,64100000,64100000,9600000.0,73700000,73700000,73700000,205400000.0,476000000.0,286300000.0,1061200000.0,206100000.0,4514900000.0,4721000000.0,5782200000,309600000.0,226100000.0,979300000.0,1786600000.0,2154300000.0,3133600000,1575100000.0,1227200000.0,2648600000.0,5782200000,73700000.0,58800000.0,17800000.0,-33300000.0,117000000.0,-17100000.0,-1208500000.0,-1228000000.0,721900000.0,30600000.0,745400000.0,-365600000,2018-09-28,43.13999938964844,43.72000122070313,43.0,43.459999084472656,43.459999084472656,1280200.0
2018-12-31,785500000.0,-350300000.0,435200000.0,-345600000.0,-212400000.0,-112600000.0,-20600000.0,89600000.0,-21600000.0,-22400000.0,68000000,68000000,18800000.0,86800000,86500000,86500000,172500000.0,512600000.0,298000000.0,1089100000.0,212900000.0,4474400000.0,4687300000.0,5776400000,332100000.0,256200000.0,1055200000.0,1712300000.0,2046400000.0,3101600000,1592200000.0,1268300000.0,2674800000.0,5776400000,86800000.0,56100000.0,-7300000.0,-33700000.0,101900000.0,-14500000.0,-22100000.0,-36800000.0,-41300000.0,-52100000.0,-93600000.0,-32900000,2018-12-31,32.139999389648445,32.90999984741211,32.040000915527344,32.90999984741211,32.90999984741211,1046400.0
2019-09-30,783900000.0,-361900000.0,422000000.0,-330300000.0,-196900000.0,-112300000.0,-21100000.0,91700000.0,-12800000.0,-19700000.0,78900000,78900000,-800000.0,78100000,78100000,78100000,189200000.0,608200000.0,312100000.0,1211800000.0,241400000.0,5187500000.0,5428900000.0,6640700000,282800000.0,219000000.0,1190300000.0,1624200000.0,2330000000.0,3520300000,1693000000.0,1602800000.0,3120400000.0,6640700000,78100000.0,50200000.0,24900000.0,-15900000.0,137300000.0,-16100000.0,-28600000.0,-48900000.0,10800001.0,-105800000.0,-97899999.0,-14999999,2019-09-30,38.43999862670898,38.900001525878906,38.25,38.810001373291016,38.810001373291016,676500.0
2019-12-31,824000000.0,-364000000.0,460000000.0,-371800000.0,-219000000.0,-119600000.0,-33200000.0,88200000.0,-12900000.0,-20200000.0,75300000,75300000,204100000.0,279400000,279300000,279300000,189200000.0,608200000.0,312100000.0,1211800000.0,241400000.0,5187500000.0,5428900000.0,6640700000,282800000.0,219000000.0,1190300000.0,1624200000.0,2330000000.0,3520300000,1693000000.0,1602800000.0,3120400000.0,6640700000,279400000.0,48900000.0,-198800000.0,-7300000.0,122200000.0,-14400000.0,-192200000.0,-206600000.0,88099999.0,700000.0,84599999.0,4599999,2019-12-31,41.650001525878906,41.90999984741211,41.52999877929688,41.68999862670898,41.68999862670898,852000.0
2020-03-31,792300000.0,-351300000.0,441000000.0,-339799999.0,-204699999.0,-118200000.0,-16900000.0,101200001.0,-18900000.0,-20500000.0,82300001,79400001,-17500000.0,61900001,61900001,61900001,216800000.0,546600000.0,327200000.0,1192600000.0,244800000.0,5268300000.0,5513100000.0,6705700000,255700000.0,280700000.0,1226900000.0,1694700000.0,2376500000.0,3603400000,1716800000.0,1615400000.0,3102300000.0,6705700000,61900000.0,50200000.0,24800000.0,18800000.0,155700000.0,-16700000.0,-198000000.0,-214400000.0,137300000.0,-37300000.0,99600000.0,27600000,2020-03-31,31.290000915527344,32.740001678466804,30.71999931335449,31.82999992370605,31.82999992370605,1901800.0
2020-06-30,733600000.0,-327900000.0,405700000.0,-303000000.0,-172400000.0,-114000000.0,-16600000.0,102700000.0,-6700000.0,-19600000.0,96000000,90900000,-27700000.0,63200000,63000000,63000000,196400000.0,478800000.0,338600000.0,1120000000.0,249800000.0,5275200000.0,5525000000.0,6645000000,262800000.0,268200000.0,1170500000.0,1564500000.0,2261400000.0,3431900000,1737800000.0,1672400000.0,3213100000.0,6645000000,63200000.0,49500000.0,33100000.0,1700000.0,147500000.0,-12600000.0,0.0,-13000000.0,-146100000.0,-4000000.0,-160500000.0,-20400000,2020-06-30,42.56999969482422,43.43999862670898,42.400001525878906,43.18999862670898,43.18999862670898,775600.0
