Report Date,Revenue,Cost of Revenue,Gross Profit,Operating Expenses,"Selling, General & Administrative",Depreciation & Amortization,Operating Income (Loss),Non-Operating Income (Loss),"Interest Expense, Net","Pretax Income (Loss), Adj.",Pretax Income (Loss),"Income Tax (Expense) Benefit, Net",Income (Loss) from Continuing Operations,Net Income,Net Income (Common),"Cash, Cash Equivalents & Short Term Investments",Accounts & Notes Receivable,Total Current Assets,"Property, Plant & Equipment, Net",Long Term Investments & Receivables,Other Long Term Assets,Total Noncurrent Assets,Total Assets,Payables & Accruals,Short Term Debt,Total Current Liabilities,Long Term Debt,Total Noncurrent Liabilities,Total Liabilities,Share Capital & Additional Paid-In Capital,Retained Earnings,Total Equity,Total Liabilities & Equity,Net Income/Starting Line,Depreciation & Amortization.1,Non-Cash Items,Change in Working Capital,Net Cash from Operating Activities,Change in Fixed Assets & Intangibles,Net Change in Long Term Investment,Net Cash from Acquisitions & Divestitures,Net Cash from Investing Activities,Dividends Paid,Cash from (Repayment of) Debt,Cash from (Repurchase of) Equity,Net Cash from Financing Activities,Net Change in Cash,Price Date,Open,High,Low,Close,Adj Close,Volume
2009-06-30,21655000000.0,-16929000000.0,4726000000.0,-3286000000.0,-3037000000.0,-249000000.0,1440000000.0,-139000000.0,-139000000.0,1301000000,1301000000,-442000000.0,859000000,859000000,859000000,8155000000.0,2705000000.0,15684000000.0,2080000000.0,13163000000.0,24963000000.0,40206000000.0,55890000000,5277000000.0,1012000000.0,19652000000.0,10707000000.0,14693000000.0,34345000000,11000000.0,21440000000.0,21545000000.0,55890000000,859000000.0,249000000.0,-13000000.0,-603000000.0,492000000.0,-151000000.0,217000000.0,-400000000.0,-334000000.0,-36000000.0,0.0,-805000000.0,-798000000.0,-640000000,2009-06-30,25.01000022888184,25.45000076293945,24.6299991607666,24.979999542236328,20.990524291992188,10177400.0
2009-09-30,21695000000.0,-16613000000.0,5082000000.0,-3406000000.0,-3156000000.0,-250000000.0,1676000000.0,-137000000.0,-137000000.0,1539000000,1539000000,-504000000.0,1035000000,1035000000,1035000000,10501000000.0,1957000000.0,17304000000.0,2054000000.0,13231000000.0,24860000000.0,40145000000.0,57449000000,6057000000.0,500000000.0,19745000000.0,10690000000.0,14806000000.0,34551000000,93000000.0,22476000000.0,22898000000.0,57449000000,1035000000.0,250000000.0,138000000.0,1318000000.0,2741000000.0,-172000000.0,550000000.0,-2000000.0,376000000.0,0.0,-510000000.0,0.0,-829000000.0,2288000000,2009-09-30,25.149999618530273,25.60000038146973,24.520000457763672,25.040000915527344,21.040943145751953,22933900.0
2009-12-31,21784000000.0,-16538000000.0,5246000000.0,-3671000000.0,-3413000000.0,-258000000.0,1575000000.0,-144000000.0,-144000000.0,1431000000,1431000000,-487000000.0,944000000,944000000,944000000,11039000000.0,1954000000.0,18200000000.0,2140000000.0,13311000000.0,25394000000.0,40845000000.0,59045000000,6283000000.0,2164000000.0,22163000000.0,9009000000.0,13276000000.0,35439000000,11000000.0,23342000000.0,23606000000.0,59045000000,944000000.0,258000000.0,239000000.0,-161000000.0,1280000000.0,-256000000.0,-522000000.0,-84000000.0,-862000000.0,0.0,0.0,-198000000.0,-153000000.0,265000000,2009-12-31,30.95000076293945,31.149999618530273,30.45000076293945,30.479999542236328,25.61212921142578,5354200.0
2010-03-31,23193000000.0,-17653000000.0,5540000000.0,-3524000000.0,-3276000000.0,-248000000.0,2016000000.0,-125000000.0,-125000000.0,1891000000,1891000000,-700000000.0,1191000000,1191000000,1191000000,11075000000.0,2309000000.0,18379000000.0,2070000000.0,13835000000.0,25257000000.0,41162000000.0,59541000000,6385000000.0,2522000000.0,22942000000.0,8001000000.0,12280000000.0,35222000000,11000000.0,24056000000.0,24319000000.0,59541000000,1191000000.0,248000000.0,38000000.0,-272000000.0,1205000000.0,-132000000.0,-373000000.0,-78000000.0,-583000000.0,0.0,-608000000.0,-531000000.0,-502000000.0,120000000,2010-03-31,32.900001525878906,33.110000610351555,32.5,32.669998168945305,27.45236968994141,6961600.0
2010-06-30,23264000000.0,-17755000000.0,5509000000.0,-3608000000.0,-3359000000.0,-249000000.0,1901000000.0,-119000000.0,-119000000.0,1782000000,1782000000,-659000000.0,1123000000,1123000000,1123000000,11073000000.0,2766000000.0,18982000000.0,2069000000.0,14019000000.0,25354000000.0,41442000000.0,60424000000,6122000000.0,2676000000.0,23103000000.0,8036000000.0,12492000000.0,35595000000,11000000.0,24465000000.0,24829000000.0,60424000000,1123000000.0,249000000.0,100000000.0,-749000000.0,723000000.0,-211000000.0,63000000.0,-87000000.0,-235000000.0,-174000000.0,155000000.0,-604000000.0,-425000000.0,63000000,2010-06-30,28.51000022888184,28.76000022888184,28.309999465942386,28.399999618530273,23.986501693725586,11078500.0
2010-09-30,23668000000.0,-17728000000.0,5940000000.0,-3795000000.0,-3548000000.0,-247000000.0,2145000000.0,-119000000.0,-119000000.0,2026000000,2026000000,-749000000.0,1277000000,1277000000,1277000000,11003000000.0,2082000000.0,18256000000.0,2033000000.0,14749000000.0,27985000000.0,44767000000.0,63023000000,7152000000.0,2929000000.0,24442000000.0,8076000000.0,12970000000.0,37412000000,11000000.0,25109000000.0,25611000000.0,63023000000,1277000000.0,247000000.0,226000000.0,1154000000.0,2904000000.0,-205000000.0,-704000000.0,-1907000000.0,-2816000000.0,-139000000.0,251000000.0,-568000000.0,-494000000.0,-406000000,2010-09-30,35.4900016784668,35.560001373291016,35.080001831054695,35.110000610351555,29.763092041015625,7847200.0
2010-12-31,24030000000.0,-17821000000.0,6209000000.0,-4407000000.0,-4087000000.0,-320000000.0,1802000000.0,-118000000.0,-118000000.0,1684000000,1684000000,-641000000.0,1043000000,1043000000,1043000000,11195000000.0,2061000000.0,18393000000.0,2200000000.0,14707000000.0,27763000000.0,44670000000.0,63063000000,6488000000.0,2480000000.0,23700000000.0,8662000000.0,13538000000.0,37238000000,11000000.0,25562000000.0,25825000000.0,63063000000,1043000000.0,320000000.0,220000000.0,-142000000.0,1441000000.0,-330000000.0,-1143000000.0,-251000000.0,-1705000000.0,-136000000.0,296000000.0,-542000000.0,-190000000.0,-454000000,2010-12-31,36.040000915527344,36.209999084472656,35.790000915527344,36.11000061035156,30.711700439453125,2828000.0
2011-03-31,25432000000.0,-19324000000.0,6108000000.0,-3887000000.0,-3617000000.0,-270000000.0,2221000000.0,-118000000.0,-118000000.0,2103000000,2103000000,-757000000.0,1346000000,1346000000,1346000000,12150000000.0,2495000000.0,19818000000.0,2189000000.0,14932000000.0,28396000000.0,45517000000.0,65335000000,6382000000.0,2286000000.0,24527000000.0,9359000000.0,14237000000.0,38764000000,11000000.0,26353000000.0,26571000000.0,65335000000,1346000000.0,270000000.0,257000000.0,-649000000.0,1224000000.0,-213000000.0,-583000000.0,-541000000.0,-1337000000.0,-135000000.0,551000000.0,-524000000.0,780000000.0,667000000,2011-03-31,45.63999938964844,45.75,45.11000061035156,45.20000076293945,38.55341720581055,5374300.0
2011-06-30,25234000000.0,-19132000000.0,6102000000.0,-4003000000.0,-3733000000.0,-270000000.0,2099000000.0,-119000000.0,-119000000.0,1980000000,1980000000,-713000000.0,1267000000,1267000000,1267000000,12307000000.0,2851000000.0,20429000000.0,2302000000.0,14935000000.0,28449000000.0,45686000000.0,66115000000,6373000000.0,1689000000.0,24374000000.0,9442000000.0,14378000000.0,38752000000,11000000.0,27020000000.0,27363000000.0,66115000000,1267000000.0,270000000.0,200000000.0,-542000000.0,1195000000.0,-303000000.0,-10000000.0,-286000000.0,-221000000.0,-174000000.0,-605000000.0,-506000000.0,-989000000.0,-15000000,2011-06-30,51.75,52.040000915527344,51.41999816894531,51.58000183105469,44.140926361083984,6394000.0
2011-09-30,25280000000.0,-19017000000.0,6263000000.0,-4193000000.0,-3899000000.0,-294000000.0,2070000000.0,-129000000.0,-129000000.0,1941000000,1941000000,-670000000.0,1271000000,1271000000,1271000000,16377000000.0,2234000000.0,24508000000.0,2388000000.0,15398000000.0,28616000000.0,46402000000.0,70910000000,6643000000.0,2364000000.0,28618000000.0,9555000000.0,14420000000.0,43038000000,11000000.0,27464000000.0,27872000000.0,70910000000,1271000000.0,294000000.0,233000000.0,3166000000.0,4964000000.0,-290000000.0,-431000000.0,-651000000.0,-1365000000.0,-172000000.0,798000000.0,-753000000.0,305000000.0,3904000000,2011-09-30,46.08000183105469,47.22999954223633,45.61000061035156,46.11999893188477,39.60520553588867,10485400.0
2011-12-31,25916000000.0,-19244000000.0,6672000000.0,-4598000000.0,-4308000000.0,-290000000.0,2074000000.0,-139000000.0,-139000000.0,1935000000,1935000000,-677000000.0,1258000000,1258000000,1258000000,12006000000.0,2294000000.0,20350000000.0,2515000000.0,16166000000.0,28858000000.0,47539000000.0,67889000000,6853000000.0,982000000.0,23922000000.0,10656000000.0,15675000000.0,39597000000,10000000.0,27821000000.0,28292000000.0,67889000000,1258000000.0,290000000.0,185000000.0,-2148000000.0,-415000000.0,-212000000.0,-671000000.0,19000000.0,-1249000000.0,-170000000.0,-266000000.0,-830000000.0,-2586000000.0,-4250000000,2011-12-30,51.06000137329102,51.18000030517578,50.68000030517578,50.68000030517578,43.66867446899414,2205400.0
2012-03-31,27282000000.0,-20573000000.0,6709000000.0,-4392000000.0,-4096000000.0,-296000000.0,2317000000.0,-148000000.0,-148000000.0,2169000000,2169000000,-781000000.0,1388000000,1388000000,1388000000,14326000000.0,2688000000.0,22690000000.0,2560000000.0,16492000000.0,30948000000.0,50000000000.0,72690000000,6197000000.0,1771000000.0,27462000000.0,11083000000.0,16372000000.0,43834000000,10000000.0,28388000000.0,28856000000.0,72690000000,1388000000.0,296000000.0,-70000000.0,1972000000.0,3586000000.0,-269000000.0,-194000000.0,-1935000000.0,-2398000000.0,-168000000.0,1239000000.0,-734000000.0,1044000000.0,2232000000,2012-03-30,57.97000122070313,59.43000030517578,57.7400016784668,58.93999862670898,50.93485641479492,10802600.0
2012-06-30,27265000000.0,-20633000000.0,6632000000.0,-4406000000.0,-4080000000.0,-326000000.0,2226000000.0,-153000000.0,-153000000.0,2073000000,2073000000,-736000000.0,1337000000,1337000000,1337000000,14430000000.0,2648000000.0,22727000000.0,2589000000.0,16698000000.0,31451000000.0,50738000000.0,73465000000,6460000000.0,1461000000.0,27623000000.0,11156000000.0,16467000000.0,44090000000,10000000.0,28896000000.0,29375000000.0,73465000000,1337000000.0,326000000.0,-108000000.0,630000000.0,2185000000.0,-196000000.0,-340000000.0,-469000000.0,-1005000000.0,-218000000.0,-244000000.0,-665000000.0,-1263000000.0,-83000000,2012-06-29,60.34000015258789,60.599998474121094,57.86999893188477,58.5,50.741477966308594,11121700.0
2012-09-30,27302000000.0,-20098000000.0,7204000000.0,-4594000000.0,-4277000000.0,-317000000.0,2610000000.0,-158000000.0,-158000000.0,2452000000,2452000000,-895000000.0,1557000000,1557000000,1557000000,11954000000.0,2403000000.0,20331000000.0,2619000000.0,17227000000.0,31523000000.0,51369000000.0,71700000000,6579000000.0,1852000000.0,24853000000.0,11146000000.0,16624000000.0,41477000000,10000000.0,29638000000.0,30223000000.0,71700000000,1557000000.0,317000000.0,218000000.0,-2390000000.0,-298000000.0,-321000000.0,-590000000.0,-146000000.0,-1057000000.0,-217000000.0,394000000.0,-687000000.0,-1307000000.0,-2662000000,2012-09-28,55.95000076293945,55.97999954223633,55.18000030517578,55.40999984741211,48.25595474243164,5838100.0
2012-12-31,28769000000.0,-21445000000.0,7324000000.0,-5223000000.0,-4853000000.0,-370000000.0,2101000000.0,-173000000.0,-173000000.0,1928000000,1928000000,-684000000.0,1244000000,1244000000,1244000000,11437000000.0,2709000000.0,21052000000.0,3939000000.0,17711000000.0,38183000000.0,59833000000.0,80885000000,6984000000.0,2713000000.0,27116000000.0,14041000000.0,20470000000.0,47586000000,76000000.0,30664000000.0,33299000000.0,80885000000,1244000000.0,370000000.0,377000000.0,-309000000.0,1682000000.0,-284000000.0,-175000000.0,-3730000000.0,-4189000000.0,-217000000.0,3178000000.0,80000000.0,1997000000.0,-510000000,2012-12-31,53.63000106811523,54.2599983215332,53.4900016784668,54.2400016784668,47.42530822753906,4948700.0
2013-03-31,30340000000.0,-23251000000.0,7089000000.0,-4950000000.0,-4614000000.0,-336000000.0,2139000000.0,-178000000.0,-178000000.0,1961000000,1961000000,-721000000.0,1240000000,1192000000,1192000000,13057000000.0,3185000000.0,22717000000.0,3945000000.0,17998000000.0,38466000000.0,60409000000.0,83126000000,6559000000.0,2390000000.0,27183000000.0,15659000000.0,21998000000.0,49181000000,10000000.0,31359000000.0,33945000000.0,83126000000,1240000000.0,336000000.0,189000000.0,-712000000.0,1053000000.0,-323000000.0,-347000000.0,-279000000.0,-904000000.0,-216000000.0,1288000000.0,-427000000.0,1503000000.0,1632000000,2013-03-28,56.65999984741211,57.31000137329102,56.4900016784668,57.209999084472656,50.21630859375,5685400.0
2013-06-30,30408000000.0,-22842000000.0,7566000000.0,-5165000000.0,-4825000000.0,-340000000.0,2401000000.0,-176000000.0,-176000000.0,2225000000,2225000000,-789000000.0,1436000000,1436000000,1436000000,10097000000.0,3674000000.0,20618000000.0,3785000000.0,17976000000.0,37822000000.0,59583000000.0,80201000000,7046000000.0,1086000000.0,26405000000.0,15543000000.0,21646000000.0,48051000000,10000000.0,31906000000.0,32150000000.0,80201000000,1436000000.0,340000000.0,-40000000.0,-262000000.0,1474000000.0,-156000000.0,47000000.0,-5000000.0,-114000000.0,-281000000.0,-1301000000.0,-593000000.0,-3670000000.0,-2384000000,2013-06-28,65.62000274658203,66.12999725341797,65.04000091552734,65.48000335693361,57.72858428955078,6867800.0
2013-09-30,30624000000.0,-22775000000.0,7849000000.0,-5218000000.0,-4869000000.0,-349000000.0,2631000000.0,-178000000.0,-178000000.0,2453000000,2453000000,-883000000.0,1570000000,1570000000,1570000000,10719000000.0,2853000000.0,21194000000.0,3829000000.0,18783000000.0,38057000000.0,60669000000.0,81863000000,7145000000.0,1895000000.0,27867000000.0,14888000000.0,20850000000.0,48717000000,10000000.0,32593000000.0,33146000000.0,81863000000,1570000000.0,349000000.0,13000000.0,1464000000.0,3396000000.0,-361000000.0,-848000000.0,-46000000.0,-1255000000.0,-280000000.0,159000000.0,-790000000.0,-1516000000.0,632000000,2013-09-30,71.29000091552734,71.66999816894531,71.01000213623047,71.61000061035156,63.37064743041992,4183600.0
2013-12-31,31117000000.0,-23682000000.0,7435000000.0,-4983000000.0,-4633000000.0,-350000000.0,2452000000.0,-176000000.0,-176000000.0,2276000000,2276000000,-849000000.0,1427000000,1427000000,1427000000,9213000000.0,3052000000.0,20380000000.0,4010000000.0,19605000000.0,37887000000.0,61502000000.0,81882000000,7458000000.0,1969000000.0,27881000000.0,14891000000.0,20677000000.0,48558000000,10000000.0,33047000000.0,33324000000.0,81882000000,1427000000.0,350000000.0,-134000000.0,-575000000.0,1068000000.0,-467000000.0,-463000000.0,-32000000.0,-816000000.0,-279000000.0,6000000.0,-762000000.0,-1263000000.0,-1010000000,2013-12-31,75.0,75.54000091552734,74.62999725341797,75.30000305175781,66.89012145996094,2280000.0
2014-03-31,31708000000.0,-24100000000.0,7608000000.0,-5554000000.0,-5194000000.0,-360000000.0,2054000000.0,-160000000.0,-160000000.0,1894000000,1894000000,-795000000.0,1099000000,1099000000,1099000000,9383000000.0,4202000000.0,22364000000.0,4065000000.0,19377000000.0,38816000000.0,62258000000.0,84622000000,9160000000.0,2241000000.0,30716000000.0,14524000000.0,20089000000.0,50805000000,10000000.0,33112000000.0,33817000000.0,84622000000,1099000000.0,360000000.0,-64000000.0,13000000.0,1408000000.0,-353000000.0,146000000.0,-345000000.0,-603000000.0,-276000000.0,-163000000.0,-695000000.0,-573000000.0,238000000,2014-03-31,82.08000183105469,82.2699966430664,81.41000366210938,81.98999786376953,73.09607696533203,3513700.0
2014-06-30,32574000000.0,-24452000000.0,8122000000.0,-5570000000.0,-5206000000.0,-364000000.0,2552000000.0,-155000000.0,-155000000.0,2397000000,2397000000,-989000000.0,1408000000,1408000000,1408000000,8289000000.0,5383000000.0,22851000000.0,4267000000.0,19274000000.0,39074000000.0,62615000000.0,85466000000,9625000000.0,2117000000.0,30776000000.0,14630000000.0,20452000000.0,51228000000,10000000.0,33215000000.0,34238000000.0,85466000000,1408000000.0,364000000.0,-130000000.0,-628000000.0,1014000000.0,-363000000.0,314000000.0,-178000000.0,-275000000.0,-366000000.0,-110000000.0,-975000000.0,-1849000000.0,-1102000000,2014-06-30,82.27999877929688,82.54000091552734,81.5999984741211,81.75,73.22462463378906,3916100.0
2014-09-30,32759000000.0,-24047000000.0,8712000000.0,-5809000000.0,-5436000000.0,-373000000.0,2903000000.0,-152000000.0,-152000000.0,2751000000,2751000000,-1149000000.0,1602000000,1602000000,1602000000,9212000000.0,3826000000.0,22963000000.0,4309000000.0,19346000000.0,38808000000.0,62463000000.0,85426000000,8394000000.0,2925000000.0,31130000000.0,14592000000.0,20306000000.0,51436000000,10000000.0,33578000000.0,33990000000.0,85426000000,1602000000.0,373000000.0,103000000.0,1122000000.0,3200000000.0,-405000000.0,-207000000.0,-328000000.0,-980000000.0,-362000000.0,816000000.0,-954000000.0,-1388000000.0,821000000,2014-09-30,86.68000030517578,87.08000183105469,86.12000274658203,86.25,77.58386993408203,2843200.0
2014-12-31,33433000000.0,-24860000000.0,8573000000.0,-5808000000.0,-5427000000.0,-381000000.0,2765000000.0,-151000000.0,-151000000.0,2614000000,2614000000,-1104000000.0,1510000000,1510000000,1510000000,9236000000.0,4252000000.0,23556000000.0,4418000000.0,18827000000.0,39581000000.0,62826000000.0,86382000000,9247000000.0,1399000000.0,30623000000.0,16007000000.0,21917000000.0,52540000000,10000000.0,33836000000.0,33842000000.0,86382000000,1510000000.0,381000000.0,40000000.0,498000000.0,2429000000.0,-404000000.0,546000000.0,-1072000000.0,-676000000.0,-358000000.0,-152000000.0,-922000000.0,-1483000000.0,262000000,2014-12-31,103.12000274658205,103.68000030517578,101.02999877929688,101.08999633789062,91.2756805419922,2313900.0
2015-03-31,35756000000.0,-26904000000.0,8852000000.0,-6212000000.0,-5834000000.0,-378000000.0,2640000000.0,-150000000.0,-150000000.0,2490000000,2490000000,-1077000000.0,1413000000,1413000000,1413000000,10430000000.0,5040000000.0,26774000000.0,4245000000.0,19416000000.0,39284000000.0,62945000000.0,89719000000,10518000000.0,2797000000.0,34978000000.0,15577000000.0,21411000000.0,56389000000,10000000.0,34153000000.0,33330000000.0,89719000000,1413000000.0,378000000.0,357000000.0,121000000.0,2269000000.0,-373000000.0,-545000000.0,-575000000.0,-1525000000.0,-357000000.0,778000000.0,-704000000.0,496000000.0,1155000000,2015-03-31,120.8000030517578,120.93000030517578,118.22000122070312,118.29000091552734,107.16313934326172,4573100.0
2015-06-30,36263000000.0,-27251000000.0,9012000000.0,-6117000000.0,-5738000000.0,-379000000.0,2895000000.0,-151000000.0,-151000000.0,2744000000,2744000000,-1159000000.0,1585000000,1585000000,1585000000,9802000000.0,6034000000.0,27566000000.0,4473000000.0,18996000000.0,40388000000.0,63857000000.0,91423000000,10901000000.0,2693000000.0,35741000000.0,15378000000.0,21047000000.0,56788000000,65000000.0,35262000000.0,34635000000.0,91423000000,1585000000.0,379000000.0,-128000000.0,-673000000.0,1163000000.0,-343000000.0,141000000.0,-1203000000.0,-1325000000.0,-476000000.0,-108000000.0,-7000000.0,-617000000.0,-763000000,2015-06-30,122.41999816894531,122.94000244140624,121.0,122.0,110.99230194091795,4982600.0
2015-09-30,41489000000.0,-31841000000.0,9648000000.0,-6630000000.0,-6178000000.0,-452000000.0,3018000000.0,-229000000.0,-229000000.0,2789000000,2789000000,-1171000000.0,1618000000,1597000000,1597000000,9925000000.0,6752000000.0,29935000000.0,4532000000.0,18535000000.0,55270000000.0,78337000000.0,108272000000,11300000000.0,5767000000.0,39953000000.0,26015000000.0,33626000000.0,73579000000,79000000.0,36382000000.0,34693000000.0,108272000000,1618000000.0,452000000.0,194000000.0,533000000.0,2797000000.0,-356000000.0,290000000.0,-14405000000.0,-14570000000.0,-477000000.0,13561000000.0,-53000000.0,11951000000.0,96000000,2015-09-30,115.38999938964844,116.91999816894531,114.87999725341795,116.01000213623048,105.99930572509766,4638600.0
2015-12-31,43599000000.0,-34085000000.0,9514000000.0,-7046000000.0,-6562000000.0,-484000000.0,2468000000.0,-260000000.0,-260000000.0,2208000000,2208000000,-956000000.0,1252000000,1218000000,1218000000,12911000000.0,6523000000.0,31639000000.0,4861000000.0,18792000000.0,55962000000.0,79615000000.0,111254000000,11994000000.0,6634000000.0,42898000000.0,25331000000.0,32895000000.0,75793000000,39000000.0,37125000000.0,35461000000.0,111254000000,1252000000.0,484000000.0,-325000000.0,2100000000.0,3511000000.0,-484000000.0,-417000000.0,19000000.0,-975000000.0,-476000000.0,376000000.0,-34000000.0,409000000.0,2940000000,2015-12-31,118.63999938964844,119.37000274658205,117.36000061035156,117.63999938964844,107.95291900634766,2372500.0
2016-03-31,44527000000.0,-34307000000.0,10220000000.0,-7260000000.0,-6758000000.0,-502000000.0,2960000000.0,-259000000.0,-259000000.0,2701000000,2701000000,-1074000000.0,1627000000,1611000000,1611000000,13014000000.0,7777000000.0,33745000000.0,4976000000.0,20895000000.0,58239000000.0,84110000000.0,117855000000,13740000000.0,6504000000.0,46285000000.0,27218000000.0,34679000000.0,80964000000,10000000.0,37963000000.0,36891000000.0,117855000000,1627000000.0,502000000.0,308000000.0,-119000000.0,2318000000.0,-425000000.0,-2073000000.0,-1697000000.0,-4181000000.0,-477000000.0,1599000000.0,-302000000.0,1502000000.0,-327000000,2016-03-31,129.63999938964844,129.97000122070312,128.28999328613278,128.89999389648438,118.77384185791016,3181800.0
2016-06-30,46485000000.0,-35978000000.0,10507000000.0,-7304000000.0,-6793000000.0,-511000000.0,3203000000.0,-271000000.0,-271000000.0,2932000000,2932000000,-1172000000.0,1760000000,1754000000,1754000000,10974000000.0,9346000000.0,33298000000.0,5189000000.0,22211000000.0,58905000000.0,86305000000.0,119603000000,14366000000.0,6364000000.0,47376000000.0,26834000000.0,34196000000.0,81572000000,10000000.0,38579000000.0,38031000000.0,119603000000,1760000000.0,511000000.0,-207000000.0,-381000000.0,1683000000.0,-388000000.0,-1508000000.0,-338000000.0,-2232000000.0,-594000000.0,-591000000.0,-424000000.0,-1861000000.0,-2379000000,2016-06-30,140.67999267578122,141.30999755859375,140.24000549316406,141.1999969482422,130.70008850097656,4730800.0
2016-09-30,46293000000.0,-35165000000.0,11128000000.0,-7548000000.0,-7033000000.0,-515000000.0,3580000000.0,-269000000.0,-269000000.0,3311000000,3311000000,-1333000000.0,1978000000,1968000000,1968000000,15667000000.0,7347000000.0,35768000000.0,5524000000.0,23324000000.0,59026000000.0,87874000000.0,123642000000,12994000000.0,7202000000.0,51096000000.0,26022000000.0,33055000000.0,84151000000,10000000.0,39945000000.0,39491000000.0,123642000000,1978000000.0,515000000.0,-205000000.0,4915000000.0,7203000000.0,-407000000.0,-1188000000.0,-692000000.0,-2328000000.0,-595000000.0,69000000.0,-4000000.0,-301000000.0,4579000000,2016-09-30,139.17999267578122,140.47999572753906,138.41999816894528,140.0,130.18772888183594,4164100.0
2016-12-31,47535000000.0,-36004000000.0,11531000000.0,-8344000000.0,-7817000000.0,-527000000.0,3187000000.0,-268000000.0,-268000000.0,2919000000,2919000000,-1211000000.0,1708000000,1684000000,1684000000,13275000000.0,8152000000.0,33879000000.0,5901000000.0,23868000000.0,59162000000.0,88931000000.0,122810000000,13361000000.0,7193000000.0,49252000000.0,25777000000.0,33369000000.0,82621000000,10000000.0,40945000000.0,40189000000.0,122810000000,1708000000.0,527000000.0,588000000.0,-4232000000.0,-1409000000.0,-485000000.0,-1158000000.0,967000000.0,-614000000.0,-595000000.0,-87000000.0,-121000000.0,-351000000.0,-2366000000,2016-12-30,161.3699951171875,161.47999572753906,159.85000610351562,160.0399932861328,149.41574096679688,2855600.0
2017-03-31,48723000000.0,-37755000000.0,10968000000.0,-7555000000.0,-7022000000.0,-533000000.0,3413000000.0,-283000000.0,-283000000.0,3130000000,3130000000,-939000000.0,2191000000,2172000000,2172000000,19352000000.0,9595000000.0,40989000000.0,6329000000.0,25760000000.0,64079000000.0,96168000000.0,137157000000,13473000000.0,7747000000.0,57543000000.0,26154000000.0,33952000000.0,91495000000,1829000000.0,42521000000.0,45662000000.0,137157000000,2191000000.0,533000000.0,150000000.0,3582000000.0,6456000000.0,-507000000.0,-1339000000.0,-468000000.0,-2289000000.0,-596000000.0,-189000000.0,-412000000.0,1525000000.0,5712000000,2017-03-31,164.63999938964844,165.10000610351562,163.75,164.00999450683594,153.6929168701172,3496100.0
2017-06-30,50053000000.0,-38438000000.0,11615000000.0,-7884000000.0,-7328000000.0,-556000000.0,3731000000.0,-301000000.0,-301000000.0,3430000000,3430000000,-1080000000.0,2350000000,2284000000,2284000000,17970000000.0,10538000000.0,41239000000.0,6324000000.0,26397000000.0,64137000000.0,96858000000.0,138097000000,14514000000.0,5739000000.0,57121000000.0,26197000000.0,33983000000.0,91104000000,1671000000.0,44081000000.0,46993000000.0,138097000000,2350000000.0,556000000.0,93000000.0,-828000000.0,2171000000.0,-418000000.0,-743000000.0,-236000000.0,-1367000000.0,-724000000.0,-1982000000.0,-242000000.0,-2337000000.0,-1560000000,2017-06-30,185.1499938964844,186.19000244140625,184.92999267578125,185.4199981689453,174.4736785888672,2392000.0
2017-09-30,50322000000.0,-38269000000.0,12053000000.0,-7965000000.0,-7387000000.0,-578000000.0,4088000000.0,-294000000.0,-294000000.0,3794000000,3794000000,-1233000000.0,2561000000,2485000000,2485000000,19794000000.0,8638000000.0,40921000000.0,6562000000.0,27703000000.0,65246000000.0,99511000000.0,140432000000,15878000000.0,4539000000.0,58088000000.0,24723000000.0,32864000000.0,90952000000,1811000000.0,45840000000.0,49480000000.0,140432000000,2561000000.0,578000000.0,-78000000.0,4485000000.0,7546000000.0,-466000000.0,-1484000000.0,-204000000.0,-2239000000.0,-726000000.0,-2706000000.0,85000000.0,-3645000000.0,1687000000,2017-09-29,195.82000732421875,196.08999633789062,194.47999572753903,195.8500061035156,184.98736572265625,2646300.0
2017-12-31,52061000000.0,-39686000000.0,12375000000.0,-8398000000.0,-7820000000.0,-578000000.0,3977000000.0,-308000000.0,-308000000.0,3669000000,3669000000,52000000.0,3721000000,3617000000,3617000000,15490000000.0,9568000000.0,37084000000.0,7013000000.0,28341000000.0,66620000000.0,101974000000.0,139058000000,15180000000.0,2857000000.0,50463000000.0,28835000000.0,36573000000.0,87036000000,1713000000.0,48730000000.0,52022000000.0,139058000000,3721000000.0,578000000.0,-316000000.0,-6560000000.0,-2577000000.0,-632000000.0,-753000000.0,-1223000000.0,-2704000000.0,-727000000.0,2262000000.0,-243000000.0,1016000000.0,-4288000000,2017-12-29,223.9499969482422,223.9499969482422,220.4600067138672,220.4600067138672,208.9354705810547,2350200.0
2018-03-31,55188000000.0,-42047000000.0,13141000000.0,-9088000000.0,-8506000000.0,-582000000.0,4053000000.0,-329000000.0,-329000000.0,3724000000,3724000000,-800000000.0,2924000000,2836000000,2836000000,22041000000.0,11512000000.0,48353000000.0,8144000000.0,29441000000.0,69631000000.0,107216000000.0,155569000000,18210000000.0,7379000000.0,67667000000.0,28206000000.0,35976000000.0,103643000000,10000000.0,50494000000.0,51926000000.0,155569000000,2924000000.0,582000000.0,161000000.0,4702000000.0,8369000000.0,-477000000.0,-1385000000.0,-2583000000.0,-4517000000.0,-722000000.0,3159000000.0,-2355000000.0,2422000000.0,6262000000,2018-03-29,219.3800048828125,223.3500061035156,214.0,214.0,203.4846343994141,5529400.0
2018-06-30,56086000000.0,-42898000000.0,13188000000.0,-8984000000.0,-8386000000.0,-598000000.0,4204000000.0,-344000000.0,-344000000.0,3860000000,3860000000,-850000000.0,3010000000,2922000000,2922000000,21860000000.0,10874000000.0,46634000000.0,7906000000.0,31237000000.0,68834000000.0,107977000000.0,154611000000,17527000000.0,2959000000.0,62052000000.0,32096000000.0,39937000000.0,101989000000,10000000.0,52363000000.0,52622000000.0,154611000000,3010000000.0,598000000.0,49000000.0,350000000.0,4007000000.0,-483000000.0,-1583000000.0,-53000000.0,-2181000000.0,-866000000.0,-476000000.0,-317000000.0,-1635000000.0,125000000,2018-06-29,244.8999938964844,247.5,244.6000061035156,245.33999633789062,234.10987854003903,2772600.0
2018-09-30,56556000000.0,-42876000000.0,13680000000.0,-9090000000.0,-8479000000.0,-611000000.0,4590000000.0,-353000000.0,-353000000.0,4237000000,4237000000,-953000000.0,3284000000,3188000000,3188000000,13849000000.0,10992000000.0,38754000000.0,8042000000.0,31929000000.0,72362000000.0,112333000000.0,151087000000,18991000000.0,1500000000.0,56377000000.0,32053000000.0,40345000000.0,96722000000,10000000.0,54386000000.0,54365000000.0,151087000000,3284000000.0,611000000.0,175000000.0,-3129000000.0,941000000.0,-545000000.0,-761000000.0,-3188000000.0,-4547000000.0,-866000000.0,-1483000000.0,-233000000.0,-4480000000.0,-8105000000,2018-09-28,264.3800048828125,266.19000244140625,263.85000610351557,266.04000854492193,254.71890258789062,2875100.0
2018-12-31,58417000000.0,-44580000000.0,13837000000.0,-9340000000.0,-8703000000.0,-637000000.0,4497000000.0,-374000000.0,-374000000.0,4123000000,4123000000,-959000000.0,3164000000,3040000000,3040000000,14324000000.0,11388000000.0,38692000000.0,8458000000.0,32510000000.0,72561000000.0,113529000000.0,152221000000,16705000000.0,1973000000.0,53209000000.0,34581000000.0,42785000000.0,95994000000,10000000.0,55846000000.0,56227000000.0,152221000000,3164000000.0,637000000.0,224000000.0,-1629000000.0,2396000000.0,-558000000.0,-370000000.0,-173000000.0,-1140000000.0,-866000000.0,2934000000.0,-757000000.0,-672000000.0,603000000,2018-12-31,248.05999755859366,250.27999877929688,246.94000244140625,249.1199951171875,239.28109741210938,3123200.0
2019-03-31,60308000000.0,-46320000000.0,13988000000.0,-9156000000.0,-8517000000.0,-639000000.0,4832000000.0,-400000000.0,-400000000.0,4432000000,4432000000,-875000000.0,3557000000,3467000000,3467000000,15710000000.0,12826000000.0,42815000000.0,8230000000.0,33553000000.0,76599000000.0,118382000000.0,161197000000,16900000000.0,3919000000.0,58933000000.0,34419000000.0,45759000000.0,104692000000,10000000.0,55472000000.0,56505000000.0,161197000000,3557000000.0,639000000.0,419000000.0,-1381000000.0,3234000000.0,-562000000.0,-319000000.0,-689000000.0,-1416000000.0,-860000000.0,1851000000.0,-2679000000.0,-272000000.0,1541000000,2019-03-29,244.2899932861328,247.75999450683602,241.8699951171875,247.25999450683602,238.4010162353516,4294200.0
2019-06-30,60595000000.0,-46782000000.0,13813000000.0,-9069000000.0,-8415000000.0,-654000000.0,4744000000.0,-418000000.0,-418000000.0,4326000000,4326000000,-941000000.0,3385000000,3293000000,3293000000,17269000000.0,9741000000.0,42038000000.0,8681000000.0,35696000000.0,80785000000.0,125162000000.0,167200000000,17128000000.0,7800000000.0,62328000000.0,34473000000.0,46816000000.0,109144000000,9000000.0,56367000000.0,58056000000.0,167200000000,3385000000.0,654000000.0,47000000.0,1788000000.0,5874000000.0,-415000000.0,-1335000000.0,-4062000000.0,-5462000000.0,-1024000000.0,3823000000.0,-1374000000.0,915000000.0,1338000000,2019-06-28,246.5,246.75,238.6499938964844,244.00999450683602,236.30935668945312,6727600.0
2019-09-30,60351000000.0,-45668000000.0,14683000000.0,-9669000000.0,-8960000000.0,-709000000.0,5014000000.0,-449000000.0,-449000000.0,4565000000,4565000000,-936000000.0,3629000000,3538000000,3538000000,15818000000.0,10964000000.0,43541000000.0,8501000000.0,36840000000.0,84827000000.0,130168000000.0,173709000000,18570000000.0,6387000000.0,62641000000.0,38507000000.0,51321000000.0,113962000000,9000000.0,58696000000.0,59747000000.0,173709000000,3629000000.0,709000000.0,55000000.0,-1243000000.0,3150000000.0,-444000000.0,-374000000.0,-3449000000.0,-4433000000.0,-1024000000.0,2518000000.0,-308000000.0,-56000000.0,-1382000000,2019-09-30,213.63999938964844,218.52999877929688,213.1199951171875,217.32000732421875,211.4541473388672,5286300.0
2019-12-31,60901000000.0,-45787000000.0,15114000000.0,-10019000000.0,-9301000000.0,-718000000.0,5095000000.0,-437000000.0,-437000000.0,4658000000,4658000000,-990000000.0,3668000000,3541000000,3541000000,14245000000.0,21462000000.0,42634000000.0,8704000000.0,37209000000.0,85342000000.0,131255000000.0,173889000000,19005000000.0,3870000000.0,61782000000.0,36808000000.0,49945000000.0,111727000000,16000000.0,61178000000.0,62162000000.0,173889000000,3668000000.0,718000000.0,300000000.0,1519000000.0,6205000000.0,-650000000.0,-476000000.0,-143000000.0,-1388000000.0,-1024000000.0,-4198000000.0,-102000000.0,-6212000000.0,-1378000000,2019-12-31,293.6600036621094,294.0899963378906,291.1499938964844,293.9800109863281,287.1446533203125,2224200.0
