Report Date,Revenue,Cost of Revenue,Gross Profit,Operating Expenses,"Selling, General & Administrative",Depreciation & Amortization,Operating Income (Loss),Non-Operating Income (Loss),"Interest Expense, Net","Pretax Income (Loss), Adj.",Abnormal Gains (Losses),Pretax Income (Loss),"Income Tax (Expense) Benefit, Net",Income (Loss) from Continuing Operations,Net Extraordinary Gains (Losses),Net Income,Net Income (Common),"Cash, Cash Equivalents & Short Term Investments",Accounts & Notes Receivable,Total Current Assets,"Property, Plant & Equipment, Net",Long Term Investments & Receivables,Other Long Term Assets,Total Noncurrent Assets,Total Assets,Payables & Accruals,Total Current Liabilities,Long Term Debt,Total Noncurrent Liabilities,Total Liabilities,Share Capital & Additional Paid-In Capital,Retained Earnings,Total Equity,Total Liabilities & Equity,Net Income/Starting Line,Depreciation & Amortization.1,Non-Cash Items,Change in Working Capital,Net Cash from Operating Activities,Change in Fixed Assets & Intangibles,Net Change in Long Term Investment,Net Cash from Investing Activities,Dividends Paid,Cash from (Repayment of) Debt,Cash from (Repurchase of) Equity,Net Cash from Financing Activities,Net Change in Cash,Price Date,Open,High,Low,Close,Adj Close,Volume
2009-06-30,673790000.0,-269711000.0,404079000.0,-186318000.0,-49632000.0,-136686000.0,217761000.0,-273726000.0,-257216000.0,-55965000,17684000.0,-38281000,-5457000.0,-43738000,3363000.0,-37635000,-51904000,1526853000.0,201566000.0,2104307000.0,15710377000.0,1099957000.0,2503407000.0,19313741000.0,21418048000,9350994000.0,10259295000.0,3676283000.0,3766123000.0,14025418000,6032171000.0,-1047340000.0,7392630000.0,21418048000,-40375000.0,141628000.0,88437000.0,19937000.0,209627000.0,-134595000.0,-23254000.0,-40884000.0,-81330000.0,-339439000.0,709736000.0,274305000.0,443048000,2009-06-30,32.622432708740234,33.24430084228516,32.55658721923828,32.944339752197266,20.410568237304688,3401955.0
2009-09-30,671219000.0,-265952000.0,405267000.0,-182187000.0,-51684000.0,-130503000.0,223080000.0,-113129000.0,-137719000.0,109951000,7839000.0,117790000,-5267000.0,112523000,43321000.0,140617000,126348000,2560011000.0,161097000.0,3008683000.0,15671638000.0,1005359000.0,2664693000.0,19341690000.0,22350373000,9443735000.0,10242381000.0,3832684000.0,3927319000.0,14169700000,7000282000.0,-1278727000.0,8180673000.0,22350373000,155844000.0,135891000.0,-106003000.0,-75684000.0,110048000.0,267124000.0,-54346000.0,141510000.0,-82182000.0,335860000.0,544000.0,239955000.0,491513000,2009-09-30,47.97158432006836,48.015480041503906,46.369361877441406,47.12291717529297,29.54146957397461,5321424.0
2009-12-31,632016000.0,-235984000.0,396032000.0,-170892000.0,-50203000.0,-120689000.0,225140000.0,-238909000.0,-195482000.0,-13769000,-125465000.0,-139234000,-4869000.0,-144103000,653000.0,-136923000,-151192000,575479000.0,157325000.0,1026754000.0,15132901000.0,583938000.0,3441879000.0,19158718000.0,20185472000,8667096000.0,9693651000.0,2493849000.0,2590787000.0,12284438000,6968225000.0,-1577591000.0,7901034000.0,20185472000,-143450000.0,145356000.0,207780000.0,-65594000.0,144092000.0,-465205000.0,313089000.0,-164401000.0,-82577000.0,360953000.0,-32225000.0,-2004223000.0,-2024532000,2009-12-31,52.1710205078125,52.85141372680664,51.15408325195313,51.16871643066406,32.4019775390625,1760367.0
2010-03-31,685314000.0,-274693000.0,410621000.0,-182423000.0,-48630000.0,-133793000.0,228198000.0,16191000.0,-121023000.0,244389000,3305000.0,247694000,-5580000.0,242114000,-9570000.0,214552000,200285000,803940000.0,159805000.0,1271594000.0,15390245000.0,1058228000.0,2699626000.0,19148099000.0,20419693000,8923997000.0,9695420000.0,2658329000.0,2760146000.0,12455566000,6884776000.0,-1520690000.0,7964127000.0,20419693000,232544000.0,140250000.0,-167973000.0,83227000.0,288048000.0,-37598000.0,-10003000.0,7342000.0,-132225000.0,135089000.0,-25323000.0,-41929000.0,253461000,2010-03-31,55.79248046875,56.10707473754883,55.34619903564453,55.38278198242188,35.425235748291016,2429851.0
2010-06-30,683989000.0,-261845000.0,422144000.0,-182817000.0,-49540000.0,-133277000.0,239327000.0,-154851000.0,-138299000.0,84476000,1380000.0,85856000,-4964000.0,80892000,-3681000.0,72106000,57840000,652121000.0,157725000.0,949408000.0,15336105000.0,937949000.0,2667415000.0,18941469000.0,19890877000,8859227000.0,9609941000.0,2269619000.0,2371110000.0,11981051000,6951672000.0,-1581176000.0,7909826000.0,19890877000,77211000.0,139808000.0,12354000.0,14944000.0,244317000.0,-30901000.0,84533000.0,200017000.0,-132587000.0,-431574000.0,100000.0,-581153000.0,-136819000,2010-06-30,54.26342010498047,55.11940383911133,53.19527053833008,53.37085723876953,34.409385681152344,3163030.0
2010-09-30,687125000.0,-275077000.0,412048000.0,-185799000.0,-55200000.0,-130599000.0,226249000.0,-104428000.0,-98465000.0,121821000,3427000.0,125248000,-5449000.0,119799000,-3667000.0,104252000,95192000,846254000.0,192895000.0,1187395000.0,15270970000.0,562773000.0,3612990000.0,19446733000.0,20634128000,9500560000.0,10505682000.0,2117242000.0,2223449000.0,12729131000,6817182000.0,-1604889000.0,7904997000.0,20634128000,116132000.0,139580000.0,-43694000.0,-149662000.0,62356000.0,-18372000.0,-181276000.0,-156262000.0,-132225000.0,437192000.0,-436000.0,288039000.0,194133000,2010-09-30,62.786659240722656,63.51826858520508,62.17942428588867,62.57449340820313,40.65461349487305,2675337.0
2010-12-31,501779000.0,-171809000.0,329970000.0,-155258000.0,-58029000.0,-97229000.0,174712000.0,31175000.0,53684000.0,205887000,58651000.0,264538000,-6144000.0,258394000,23750000.0,256973000,243414000,690789000.0,157146000.0,1048757000.0,14672655000.0,1112951000.0,3683108000.0,19468714000.0,20517471000,8693580000.0,9619924000.0,2634341000.0,2739168000.0,12359092000,6940045000.0,-1480876000.0,8158379000.0,20517471000,282144000.0,136674000.0,-141843000.0,-100610000.0,176365000.0,-69904000.0,196737000.0,-571458000.0,-132931000.0,777033000.0,-1000.0,239628000.0,-155465000,2010-12-31,61.22101974487305,61.52097702026367,60.8552131652832,60.9649543762207,39.89752960205078,1015297.0
2011-03-31,726883000.0,-286362000.0,440521000.0,-188779000.0,-58946000.0,-129833000.0,251742000.0,112706000.0,-17602000.0,364448000,-49871000.0,314577000,-6382000.0,308195000,137626000.0,412663000,399215000,618361000.0,167621000.0,1020255000.0,14822437000.0,1193144000.0,3456564000.0,19472145000.0,20492400000,9064363000.0,9733330000.0,2036476000.0,2147706000.0,11881036000,6943075000.0,-1208993000.0,8611364000.0,20492400000,445821000.0,136860000.0,-435959000.0,49380000.0,196102000.0,-10994000.0,112080000.0,60421000.0,-140495000.0,-259794000.0,-570000.0,-328951000.0,-72428000,2011-03-31,63.40121459960938,64.30109405517578,63.26220703125,64.01576232910156,42.22841262817383,1501349.0
2011-06-30,696038000.0,-257228000.0,438810000.0,-175597000.0,-49795000.0,-125802000.0,263213000.0,-105135000.0,-127363000.0,158078000,-31837000.0,126241000,-5641000.0,120600000,10369000.0,108581000,91913000,591515000.0,168624000.0,915459000.0,14767232000.0,1203084000.0,3653089000.0,19623405000.0,20538864000,9011251000.0,9671217000.0,1965026000.0,2078656000.0,11749873000,6892570000.0,-1244254000.0,8788991000.0,20538864000,130969000.0,137120000.0,-30230000.0,-173921000.0,63938000.0,-21495000.0,-48934000.0,-37164000.0,-140721000.0,-92856000.0,214360000.0,-53620000.0,-26846000,2011-06-30,68.27372741699219,68.59563446044922,67.87865447998047,68.17130279541016,45.29848861694336,1263107.0
2011-09-30,687860000.0,-262837000.0,425023000.0,-173056000.0,-46121000.0,-126935000.0,251967000.0,-152820000.0,-162009000.0,99147000,-34409000.0,64738000,-6959000.0,57779000,8444000.0,53762000,41135000,585183000.0,145854000.0,856021000.0,14476127000.0,1049143000.0,3806937000.0,19332207000.0,20188228000,8931215000.0,9611743000.0,1944359000.0,2052796000.0,11664539000,7119354000.0,-1330405000.0,8523689000.0,20188228000,66223000.0,141012000.0,-5260000.0,104656000.0,306631000.0,-20327000.0,-18046000.0,-24932000.0,-143841000.0,-129793000.0,24500000.0,-288031000.0,-6332000,2011-09-30,56.19486618041992,57.15327453613281,54.59264373779297,54.59264373779297,36.5882682800293,2812296.0
2011-12-31,592027000.0,-178280000.0,413747000.0,-187320000.0,-53668000.0,-133652000.0,226427000.0,-83627000.0,-63400000.0,142800000,-49872000.0,92928000,-4943000.0,87985000,9002000.0,87296000,69508000,606553000.0,171798000.0,876419000.0,13809383000.0,1221919000.0,4538766000.0,19570068000.0,20446487000,8496392000.0,9664864000.0,2003727000.0,2112499000.0,11777363000,7134631000.0,-1401704000.0,8669124000.0,20446487000,96987000.0,165998000.0,-12497000.0,-114660000.0,135828000.0,-40250000.0,-91034000.0,-163086000.0,-145152000.0,155013000.0,-412000.0,48628000.0,21370000,2011-12-30,56.42898178100586,56.74357223510742,55.98270034790039,56.2314453125,37.999603271484375,1184650.0
2012-03-31,669241000.0,-246746000.0,422495000.0,-186831000.0,-55290000.0,-131541000.0,235664000.0,33499000.0,-114394000.0,269163000,-53446000.0,215717000,-6825000.0,208892000,71372000.0,251522000,233735000,614359000.0,191184000.0,922966000.0,14471766000.0,1810027000.0,3064970000.0,19346763000.0,20269729000,8888516000.0,9528442000.0,1867661000.0,1980851000.0,11509293000,7065608000.0,-1312670000.0,8760436000.0,20269729000,280264000.0,145304000.0,-212424000.0,93959000.0,307103000.0,-20614000.0,240916000.0,172095000.0,-145762000.0,-259679000.0,-30034000.0,-471392000.0,7806000,2012-03-30,61.23564910888672,61.725830078125,61.12590789794922,61.60145568847656,41.98157119750977,1497248.0
2012-06-30,677983000.0,-243485000.0,434498000.0,-175204000.0,-46832000.0,-128372000.0,259294000.0,-159818000.0,-173492000.0,99476000,-51638000.0,47838000,-7479000.0,40359000,17869000.0,38297000,20510000,471363000.0,180769000.0,764858000.0,14091482000.0,1632756000.0,3514669000.0,19238907000.0,20003765000,8791538000.0,9518740000.0,1857835000.0,1974575000.0,11493315000,7067274000.0,-1420304000.0,8510450000.0,20003765000,58228000.0,140313000.0,-23092000.0,-218688000.0,-43239000.0,-37455000.0,72057000.0,-1201000.0,-145933000.0,-22541000.0,0.0,-98556000.0,-142996000,2012-06-29,60.09434127807617,61.44050216674805,60.02849578857422,61.44050216674805,42.20344161987305,1534563.0
2012-09-30,703052000.0,-261512000.0,441540000.0,-170697000.0,-48456000.0,-122241000.0,270843000.0,-90615000.0,-108807000.0,180228000,-71501000.0,108727000,-3015000.0,105712000,158444000.0,241306000,232393000,465884000.0,181242000.0,1038920000.0,13954039000.0,1648449000.0,3756408000.0,19358896000.0,20397816000,8295301000.0,9637107000.0,1957921000.0,2076356000.0,11713463000,7143505000.0,-1319118000.0,8684353000.0,20397816000,264156000.0,133390000.0,-101971000.0,-48793000.0,246782000.0,-48433000.0,-56786000.0,-136882000.0,-146692000.0,-15075000.0,291144000.0,-115379000.0,-5479000,2012-09-28,59.25299072265625,59.5383186340332,58.90913391113281,59.2968864440918,41.07000732421875,1503263.0
2012-12-31,598941000.0,-237140000.0,361801000.0,-147405000.0,-39531000.0,-107874000.0,214396000.0,-41977000.0,-349280000.0,172419000,-62473000.0,109946000,9187000.0,119133000,-27240000.0,86135000,62633000,960319000.0,195718000.0,1339293000.0,15165949000.0,1224333000.0,4335474000.0,20725756000.0,22065049000,9083968000.0,10568240000.0,2528008000.0,2648513000.0,13216753000,7202878000.0,-1573275000.0,8848296000.0,22065049000,91893000.0,138881000.0,-41050000.0,124679000.0,314403000.0,-50371000.0,-764576000.0,-676274000.0,-334907000.0,1142601000.0,-307000.0,856306000.0,494435000,2012-12-31,57.79708862304688,58.58722686767578,57.64345169067383,58.58722686767578,41.476112365722656,1094574.0
2013-03-31,718713000.0,-265747000.0,452966000.0,-190697000.0,-51380000.0,-139317000.0,262269000.0,-130332000.0,-169421000.0,131937000,-48699000.0,83238000,-1073000.0,82165000,206762000.0,262922000,231990000,585823000.0,144204000.0,898406000.0,15211314000.0,1179514000.0,3836893000.0,20227721000.0,21126127000,9489705000.0,10627404000.0,1358095000.0,1483031000.0,12110435000,7175406000.0,-1479296000.0,9015692000.0,21126127000,288927000.0,148918000.0,-124136000.0,101218000.0,414927000.0,-35334000.0,602209000.0,527685000.0,-159503000.0,-1030461000.0,290403000.0,-1317108000.0,-374496000,2013-03-28,60.97227096557617,61.23564910888672,60.61378479003906,61.19175338745117,43.69612884521485,1153485.0
2013-06-30,671216000.0,-259168000.0,412048000.0,-183485000.0,-50305000.0,-133180000.0,228563000.0,-95161000.0,-94242000.0,133402000,-17496000.0,115906000,-2877000.0,113029000,69292000.0,158194000,145926000,781655000.0,140938000.0,1234664000.0,14390155000.0,1200758000.0,3507654000.0,19098567000.0,20333231000,8975935000.0,9902390000.0,1442164000.0,1568626000.0,11471016000,7197786000.0,-1471643000.0,8862215000.0,20333231000,182321000.0,140725000.0,-68247000.0,-224926000.0,29873000.0,-50216000.0,39621000.0,543000000.0,-155773000.0,-186623000.0,-199000.0,-377041000.0,195832000,2013-06-28,60.48941040039063,61.05274963378906,59.96265029907226,60.61378479003906,43.64784622192383,2056700.0
2013-09-30,668989000.0,-261776000.0,407213000.0,-166305000.0,-44186000.0,-122119000.0,240908000.0,-139794000.0,-129951000.0,101114000,9081000.0,110195000,-2222000.0,107973000,24278000.0,103374000,83005000,872323000.0,131479000.0,1324781000.0,14430017000.0,1401547000.0,3118976000.0,18950540000.0,20275321000,9009205000.0,9934466000.0,1434751000.0,1561923000.0,11496389000,7191100000.0,-1527663000.0,8778932000.0,20275321000,132251000.0,129606000.0,-12991000.0,95926000.0,344792000.0,-63460000.0,225770000.0,-50285000.0,-156876000.0,-33979000.0,0.0,-203839000.0,90668000,2013-09-30,61.63803482055664,62.46475219726562,61.31612777709961,61.49903106689453,44.67007064819336,1326392.0
2013-12-31,240258000.0,-141874000.0,98384000.0,-98506000.0,-31495000.0,-67011000.0,-122000.0,-323366000.0,-57055000.0,-323488000,2077000.0,-321411000,14889000.0,-306522000,267763000.0,-48519000,-68887000,583290000.0,115862000.0,961592000.0,14122229000.0,859627000.0,4153776000.0,19135632000.0,20097224000,8754269000.0,9734340000.0,1646725000.0,1764520000.0,11498860000,7151309000.0,-1734839000.0,8598364000.0,20097224000,-38759000.0,142749000.0,142896000.0,4311000.0,251197000.0,-320407000.0,-145343000.0,-298324000.0,-156949000.0,-66792000.0,-341000.0,-241906000.0,-289033000,2013-12-31,65.66188049316406,65.75699615478516,64.78395080566406,64.95954132080078,47.56672286987305,1419748.0
2014-03-31,562381000.0,-236561000.0,325820000.0,-179294000.0,-47502000.0,-131792000.0,146526000.0,-64335000.0,-84462000.0,82191000,8350000.0,90541000,-851000.0,89690000,8466000.0,82717000,62349000,1156727000.0,123486000.0,1490397000.0,14638919000.0,1005725000.0,3234311000.0,18878955000.0,20369352000,9371216000.0,10264372000.0,1431580000.0,1554822000.0,11819194000,7025085000.0,-1809609000.0,8550158000.0,20369352000,98156000.0,153869000.0,-3491000.0,60597000.0,309131000.0,-90653000.0,67167000.0,82761000.0,-157129000.0,366802000.0,-578000.0,181545000.0,573437000,2014-03-31,72.08541107177734,72.27562713623047,71.29527282714844,72.10735321044922,53.21710586547852,1215267.0
2014-06-30,574411000.0,-230398000.0,344013000.0,-153678000.0,-40478000.0,-113200000.0,190335000.0,-48149000.0,-94517000.0,142186000,-162000.0,142024000,-3280000.0,138744000,26943000.0,97008000,76642000,1371226000.0,118217000.0,1649796000.0,14726223000.0,799734000.0,3561026000.0,19086983000.0,20736779000,9441484000.0,10325657000.0,1879952000.0,1991810000.0,12317467000,6957147000.0,-1872250000.0,8419312000.0,20736779000,165687000.0,134318000.0,39368000.0,-200861000.0,138512000.0,-123962000.0,-56209000.0,-149275000.0,-157302000.0,718039000.0,-59000.0,225262000.0,214499000,2014-06-30,78.38455963134766,78.57477569580078,77.36030578613281,78.08460235595703,58.03115844726562,1205972.0
2014-09-30,578710000.0,-240088000.0,338622000.0,-155206000.0,-40384000.0,-114822000.0,183416000.0,-95123000.0,-93249000.0,88293000,1388000.0,89681000,-2652000.0,87029000,82168000.0,151524000,131159000,1683142000.0,118636000.0,1962626000.0,14942827000.0,696631000.0,3398431000.0,19037889000.0,21000515000,9771777000.0,10641870000.0,1880125000.0,1993674000.0,12635544000,7048025000.0,-1878125000.0,8364971000.0,21000515000,169197000.0,135772000.0,-15120000.0,91077000.0,380926000.0,-153956000.0,57325000.0,-130625000.0,-157395000.0,285090000.0,0.0,61615000.0,311916000,2014-09-30,73.59983825683594,73.85590362548828,72.9487075805664,73.13160705566406,54.73147583007813,976205.0
2014-12-31,597010000.0,-246564000.0,350446000.0,-162395000.0,-40906000.0,-121489000.0,188051000.0,-63223000.0,-101775000.0,124828000,-14443000.0,110385000,-2498000.0,107887000,468099000.0,533603000,513238000,1198477000.0,109998000.0,1484679000.0,13660725000.0,720296000.0,5292280000.0,19673301000.0,21157980000,8635588000.0,10871040000.0,1342494000.0,1459778000.0,12330818000,6880518000.0,-1505385000.0,8827162000.0,21157980000,575986000.0,159449000.0,-385131000.0,-43563000.0,306741000.0,-175616000.0,-290706000.0,-377326000.0,-157473000.0,-253904000.0,-3174000.0,-414080000.0,-484665000,2014-12-31,87.28823852539062,87.96131896972656,85.96402740478516,86.11766052246094,64.87380218505861,1316277.0
2015-03-31,606802000.0,-254493000.0,352309000.0,-182614000.0,-58492000.0,-124122000.0,169695000.0,-59536000.0,-80882000.0,110159000,-121000.0,110038000,-971000.0,109067000,16179000.0,104077000,84593000,1067568000.0,110477000.0,1376717000.0,13832265000.0,739417000.0,3312652000.0,17884334000.0,19261051000,8749763000.0,9543751000.0,1247332000.0,1368862000.0,10912613000,6942714000.0,-2006439000.0,8348438000.0,19261051000,125246000.0,131112000.0,10233000.0,-72075000.0,194516000.0,-88052000.0,230381000.0,149871000.0,-137931000.0,-107431000.0,-2939000.0,-475296000.0,-130909000,2015-03-31,90.59822082519531,91.0509262084961,90.1374282836914,90.54163360595705,68.58856964111328,2095107.0
2015-06-30,616288000.0,-242690000.0,373598000.0,-176146000.0,-39189000.0,-136957000.0,197452000.0,-65699000.0,-86426000.0,131753000,-4061000.0,127692000,88072000.0,215764000,-364000.0,186016000,165651000,516337000.0,115049000.0,759243000.0,14326669000.0,725967000.0,3774028000.0,18826664000.0,19585907000,9000127000.0,9821309000.0,1247463000.0,1366394000.0,11187703000,7168667000.0,-1958546000.0,8398204000.0,19585907000,215400000.0,141830000.0,-118387000.0,-248743000.0,-9900000.0,-112918000.0,-414185000.0,-624473000.0,-139078000.0,246317000.0,0.0,83142000.0,-551231000,2015-06-30,77.92239379882812,77.92239379882812,76.43492126464844,76.74211883544922,58.49810409545898,1162656.0
2015-09-30,627596000.0,-256561000.0,371035000.0,-178077000.0,-36157000.0,-141920000.0,192958000.0,-90844000.0,-92184000.0,102114000,101519000.0,203633000,-2856000.0,200777000,34463000.0,219234000,198870000,788137000.0,108106000.0,1004208000.0,14479784000.0,708341000.0,3779593000.0,18967718000.0,19971926000,9624458000.0,10448909000.0,847594000.0,964631000.0,11413540000,7240285000.0,-1878716000.0,8558386000.0,19971926000,235240000.0,147552000.0,-159304000.0,35421000.0,258909000.0,-138616000.0,-36756000.0,-5781000.0,-139149000.0,197897000.0,-1961000.0,18672000.0,271800000,2015-09-30,73.83184814453125,74.01778411865234,72.62732696533203,73.09619903564453,56.09024429321289,1249617.0
2015-12-31,134809000.0,-70767000.0,64042000.0,7778000.0,-15418000.0,23196000.0,71820000.0,8102000.0,-22566000.0,79922000,29622000.0,109544000,767000.0,110311000,173233000.0,251107000,230742000,1835707000.0,98062000.0,2041568000.0,14671870000.0,725758000.0,3704097000.0,19101725000.0,21143293000,9957668000.0,10743222000.0,1577297000.0,1694772000.0,12437994000,7140500000.0,-1766780000.0,8705299000.0,21143293000,283544000.0,145713000.0,-317136000.0,116445000.0,228566000.0,-136233000.0,147587000.0,-252041000.0,-139171000.0,1195511000.0,-2573000.0,992341000.0,968866000,2015-12-31,81.66532135009766,81.86742401123047,80.75181579589844,80.80841064453125,62.40220642089844,715605.0
2016-03-31,613037000.0,-256349000.0,356688000.0,-191661000.0,-48704000.0,-142957000.0,165027000.0,-89927000.0,-96971000.0,75100000,-164593000.0,-89493000,-2831000.0,-92324000,716000.0,-93799000,-114163000,1673566000.0,97345000.0,1880058000.0,14585566000.0,728787000.0,3678963000.0,18993316000.0,20873374000,10291942000.0,11063720000.0,1215590000.0,1332414000.0,12396134000,7194565000.0,-1999994000.0,8477240000.0,20873374000,-91608000.0,150648000.0,153153000.0,59339000.0,271532000.0,-127283000.0,-75314000.0,-235137000.0,-139231000.0,-22117000.0,-185000.0,-197188000.0,-160793000,2016-03-31,75.94988250732422,76.49959564208984,75.77202606201172,76.3379135131836,59.36025619506836,962757.0
2016-06-30,621708000.0,-245138000.0,376570000.0,-186877000.0,-45564000.0,-141313000.0,189693000.0,-78309000.0,-95340000.0,111384000,156632000.0,268016000,-2109000.0,265907000,2475000.0,240826000,220463000,1644067000.0,95623000.0,1834318000.0,14734699000.0,718639000.0,3786074000.0,19239412000.0,21073730000,10226912000.0,11029413000.0,1331953000.0,1451245000.0,12480658000,7143102000.0,-1898505000.0,8593072000.0,21073730000,268382000.0,148893000.0,-149312000.0,-220690000.0,47273000.0,-149931000.0,-30542000.0,-205805000.0,-139328000.0,315248000.0,-1000.0,114514000.0,-44018000,2016-06-30,80.29102325439453,80.94583892822266,79.65238189697266,80.93775177001953,63.35608673095703,1623315.0
2016-09-30,502753000.0,-213762000.0,288991000.0,-139461000.0,-33584000.0,-105877000.0,149530000.0,-68374000.0,-73262000.0,81156000,-1069000.0,80087000,-4563000.0,75524000,25080000.0,92580000,66125000,1352697000.0,94057000.0,1558695000.0,14836730000.0,717551000.0,3746393000.0,19300674000.0,20859369000,10328784000.0,11091013000.0,1332688000.0,1451047000.0,12542060000,7146757000.0,-1951411000.0,8317309000.0,20859369000,100604000.0,146499000.0,-22779000.0,29285000.0,253609000.0,-149427000.0,-83921000.0,-245104000.0,-142310000.0,115919000.0,-246250000.0,-282562000.0,-274057000,2016-09-30,82.6192398071289,82.8779296875,81.77849578857422,81.81891632080078,64.43335723876953,906845.0
2016-12-31,266244000.0,-129317000.0,136927000.0,-51880000.0,-15791000.0,-30876000.0,85047000.0,99653000.0,-40332000.0,184700000,141623000.0,326323000,1580000.0,327903000,376641000.0,667310000,651181000,1501027000.0,61069000.0,1657128000.0,11606306000.0,665836000.0,6885577000.0,19157719000.0,20814847000,8510382000.0,10463300000.0,1333422000.0,1454605000.0,11917905000,7160874000.0,-1419382000.0,8896942000.0,20814847000,704544000.0,149230000.0,-487212000.0,56104000.0,422666000.0,-179924000.0,-106140000.0,-207064000.0,-135229000.0,99858000.0,0.0,-80918000.0,134684000,2016-12-30,83.18512725830078,84.59983825683594,82.78900909423828,84.37348175048828,66.92529296875,1145957.0
2017-03-31,508058000.0,-220659000.0,287399000.0,-154834000.0,-47237000.0,-105128000.0,132565000.0,-74403000.0,-76029000.0,58162000,2218000.0,60380000,-1851000.0,58529000,15318000.0,63881000,47752000,1484814000.0,86753000.0,1669758000.0,14861987000.0,643641000.0,3556062000.0,19061690000.0,20731448000,9732436000.0,10442957000.0,1334157000.0,1459090000.0,11902047000,7190875000.0,-1506236000.0,8829401000.0,20731448000,73847000.0,145886000.0,11513000.0,70039000.0,301285000.0,-98227000.0,-63354000.0,-156654000.0,-150461000.0,-4458000.0,-264000.0,-160948000.0,-16317000,2017-03-31,81.09134674072266,81.68148803710938,80.63864135742188,81.09134674072266,64.74885559082031,1170078.0
2017-06-30,511087000.0,-215700000.0,295387000.0,-141317000.0,-35405000.0,-105123000.0,154070000.0,-25836000.0,-76248000.0,128234000,529000.0,128763000,610000.0,129373000,18111000.0,132101000,115972000,1471303000.0,83768000.0,1641457000.0,14912587000.0,643181000.0,3692065000.0,19247833000.0,20889290000,9930095000.0,10628519000.0,1334891000.0,1439457000.0,12067976000,7287390000.0,-1524806000.0,8821314000.0,20889290000,147484000.0,144012000.0,-33925000.0,-242639000.0,14932000.0,-92846000.0,-82918000.0,-94875000.0,-150614000.0,217416000.0,-21000.0,54627000.0,-25316000,2017-06-30,75.55375671386719,76.20857238769531,75.06871795654297,75.90945434570312,61.06912612915039,1450135.0
2017-09-30,528755000.0,-225226000.0,303529000.0,-141233000.0,-34286000.0,-104972000.0,162296000.0,-125846000.0,-77737000.0,36450000,1914000.0,38364000,-1188000.0,37176000,-47930000.0,-12898000,-29026000,1282230000.0,54769000.0,1440552000.0,11777539000.0,544895000.0,3079134000.0,15401568000.0,16842120000,8543706000.0,9257604000.0,1219995000.0,1326239000.0,10583843000,7509394000.0,-4098127000.0,6258277000.0,16842120000,-10754000.0,117641000.0,146752000.0,91769000.0,345408000.0,-83643000.0,-63785000.0,197234000.0,-129863000.0,-161025000.0,-133000.0,-714557000.0,-171915000,2017-09-29,77.19999694824219,77.48999786376953,76.31999969482422,76.87999725341797,62.32473373413086,1400400.0
2017-12-31,536226000.0,-225011000.0,311215000.0,-149719000.0,-33854000.0,-114166000.0,161496000.0,-73508000.0,-84779000.0,87988000,4236000.0,92224000,-39946000.0,52278000,1273000.0,44332000,27319000,1817655000.0,58700000.0,1973512000.0,11871012000.0,537556000.0,3015854000.0,15424422000.0,17397934000,8552933000.0,9248257000.0,1592348000.0,2157039000.0,11405296000,7500235000.0,-4183253000.0,5992638000.0,17397934000,53551000.0,122287000.0,43701000.0,-21022000.0,198517000.0,-81136000.0,-91858000.0,-152022000.0,-130068000.0,372258000.0,309609000.0,482534000.0,529029000,2017-12-29,78.19000244140625,78.38999938964844,77.83999633789062,78.18000030517578,63.89646530151367,527700.0
2018-03-31,536437000.0,-237602000.0,298835000.0,-151915000.0,-43633000.0,-108686000.0,146920000.0,-131261000.0,-112550000.0,15659000,-13560000.0,2099000,-1454000.0,645000,-363000.0,9680000,-17841000,1327384000.0,64387000.0,1482455000.0,11963354000.0,486318000.0,2932356000.0,15382028000.0,16864483000,8533332000.0,9200815000.0,1672239000.0,1781764000.0,10982579000,7636597000.0,-4198088000.0,5881904000.0,16864483000,282000.0,115337000.0,76051000.0,73748000.0,265418000.0,-86808000.0,-98379000.0,-190620000.0,-136392000.0,40879000.0,-470784000.0,-571542000.0,-496744000,2018-03-29,67.59999847412111,67.97000122070311,67.02999877929689,67.30000305175781,55.48823928833008,853700.0
2018-06-30,541818000.0,-235981000.0,305837000.0,-148350000.0,-34427000.0,-111846000.0,157487000.0,-76984000.0,-56765000.0,80503000,24619000.0,105122000,-467000.0,104655000,683000.0,124068000,111534000,1090791000.0,65773000.0,1277732000.0,12012423000.0,538689000.0,3037239000.0,15588351000.0,16866083000,8502697000.0,9211176000.0,1672911000.0,1773279000.0,10984455000,7563580000.0,-4206381000.0,5881628000.0,16866083000,105338000.0,118411000.0,-60504000.0,-187403000.0,-24158000.0,86808000.0,-71421000.0,-64286000.0,-133249000.0,-245000.0,0.0,-117665000.0,-206109000,2018-06-29,73.4800033569336,74.27999877929688,73.04000091552734,73.91999816894531,61.50477600097656,1193100.0
2018-09-30,542048000.0,-235575000.0,306473000.0,-147007000.0,-31977000.0,-113169000.0,159466000.0,-79042000.0,-86058000.0,80424000,140620000.0,221044000,-1943000.0,219101000,61000.0,203179000,190645000,772524000.0,69796000.0,989606000.0,11966789000.0,527718000.0,3193907000.0,15688414000.0,16678020000,8534606000.0,8940064000.0,1673584000.0,1775865000.0,10715929000,7588052000.0,-4135602000.0,5962091000.0,16678020000,219162000.0,120013000.0,-128128000.0,35731000.0,246778000.0,-274147000.0,-493971000.0,-397400000.0,-132397000.0,7647000.0,0.0,-141527000.0,-292149000,2018-09-28,71.97000122070312,73.05000305175781,71.97000122070312,73.0,61.27777481079102,1173500.0
2018-12-31,543417000.0,-254320000.0,289097000.0,-138689000.0,-31834000.0,-112869000.0,150408000.0,-123687000.0,-75519000.0,26721000,104612000.0,131333000,-33769000.0,97564000,257000.0,113027000,100494000,570916000.0,73322000.0,790227000.0,13057708000.0,470956000.0,2861903000.0,16390567000.0,17180794000,8598774000.0,9078310000.0,2114516000.0,2211039000.0,11289349000,7733457000.0,-4167184000.0,5891445000.0,17180794000,97821000.0,119024000.0,-27451000.0,125209000.0,314603000.0,-144039000.0,667872000.0,-225416000.0,-132425000.0,-206780000.0,465124000.0,-292092000.0,-202905000,2018-12-31,62.22000122070313,62.45000076293945,61.22000122070313,62.02999877929688,52.55537796020508,905500.0
2019-03-31,534668000.0,-246895000.0,287773000.0,-180162000.0,-58020000.0,-116709000.0,107611000.0,-90265000.0,-97418000.0,17346000,225578000.0,242924000,-29743000.0,213181000,-137000.0,194022000,181488000,307047000.0,73404000.0,4458930000.0,10213215000.0,1129358000.0,1836452000.0,13179025000.0,17637955000,6961685000.0,8906723000.0,2671333000.0,2773255000.0,11679978000,7684379000.0,-4120265000.0,5957977000.0,17637955000,213044000.0,123135000.0,-189951000.0,-82110000.0,64118000.0,-143302000.0,413947000.0,403294000.0,-138410000.0,-229814000.0,-9585000.0,-274683000.0,192729000,2019-03-29,67.56999969482422,67.90000152587889,67.34999847412111,67.44000244140625,57.71860122680664,1132800.0
2019-06-30,463103000.0,-220752000.0,242351000.0,-153222000.0,-38872000.0,-113035000.0,89129000.0,-48119000.0,-55189000.0,41010000,2582537000.0,2623547000,-26914000.0,2596633000,60000.0,2412727000,2400195000,922604000.0,85153000.0,1542277000.0,10148187000.0,1096875000.0,5126518000.0,16371580000.0,17913857000,6649389000.0,7519750000.0,1936022000.0,2035901000.0,9555651000,7853359000.0,-1845995000.0,8358206000.0,17913857000,2596693000.0,117731000.0,-2524394000.0,38704000.0,228734000.0,-146230000.0,115536000.0,1710217000.0,-138459000.0,-1276446000.0,0.0,-1771675000.0,167276000,2019-06-28,63.68000030517578,64.51999664306639,63.68000030517578,64.09999847412111,55.39806365966797,1229200.0
2019-09-30,465961000.0,-226359000.0,239602000.0,-130648000.0,-33237000.0,-96437000.0,108954000.0,-30267000.0,-58403000.0,78687000,309055000.0,387742000,-23885000.0,363857000,-8000.0,335438000,322906000,1132491000.0,99499000.0,1715659000.0,10264595000.0,1085993000.0,5149852000.0,16500440000.0,18216099000,6094226000.0,6913877000.0,2637956000.0,2737633000.0,9651510000,7880210000.0,-1649035000.0,8564589000.0,18216099000,363849000.0,101085000.0,-288806000.0,-71009000.0,105119000.0,-158749000.0,133274000.0,115037000.0,-138479000.0,-42974000.0,0.0,-51510000.0,168646000,2019-09-30,64.06999969482422,64.51000213623047,63.40999984741211,63.66999816894531,55.60417938232422,2086400.0
2019-12-31,460968000.0,-223975000.0,236993000.0,-136604000.0,-39791000.0,-92926000.0,100389000.0,-121370000.0,-53794000.0,-20981000,204499000.0,183518000,-22897000.0,160621000,55000.0,205750000,193217000,1515012000.0,95733000.0,2082410000.0,10058054000.0,255962000.0,5890587000.0,16204603000.0,18287013000,6079946000.0,6903383000.0,2681672000.0,3183737000.0,10087120000,7835315000.0,-1954266000.0,8199893000.0,18287013000,160676000.0,96982000.0,-92339000.0,99249000.0,264568000.0,-200775000.0,-494443000.0,234728000.0,-138568000.0,-83655000.0,7796000.0,-137721000.0,361575000,2019-12-31,65.44999694824219,66.55000305175781,65.34999847412111,66.5,60.39999389648438,1279000.0
