Report Date,Revenue,Cost of Revenue,Gross Profit,Operating Expenses,"Selling, General & Administrative",Research & Development,Operating Income (Loss),Non-Operating Income (Loss),"Interest Expense, Net","Pretax Income (Loss), Adj.",Pretax Income (Loss),"Income Tax (Expense) Benefit, Net",Income (Loss) from Continuing Operations,Net Income,Net Income (Common),"Cash, Cash Equivalents & Short Term Investments",Accounts & Notes Receivable,Total Current Assets,"Property, Plant & Equipment, Net",Other Long Term Assets,Total Noncurrent Assets,Total Assets,Payables & Accruals,Total Current Liabilities,Long Term Debt,Total Noncurrent Liabilities,Total Liabilities,Share Capital & Additional Paid-In Capital,Retained Earnings,Total Equity,Total Liabilities & Equity,Net Income/Starting Line,Depreciation & Amortization.1,Non-Cash Items,Change in Working Capital,Net Cash from Operating Activities,Change in Fixed Assets & Intangibles,Net Change in Long Term Investment,Net Cash from Investing Activities,Cash from (Repurchase of) Equity,Net Cash from Financing Activities,Net Change in Cash,Price Date,Open,High,Low,Close,Adj Close,Volume
2009-12-31,51245000.0,-18690000.0,32555000.0,-28096000.0,-23745000.0,-4351000.0,4459000.0,-11525000.0,-47351000.0,-7066000,-3494000,9990000.0,6496000,92048000,92048000,1477351000.0,63133000.0,1709058000.0,403821000.0,357265000.0,761086000.0,2470144000,243967000.0,886474000.0,574378000.0,985006000.0,1871480000,21736517000.0,-21194435000.0,598664000.0,2470144000,93353000.0,24551000.0,46065000.0,9180000.0,173149000.0,-44745000.0,11178000.0,153743000.0,-205591000.0,-279688000.0,44860000,2009-12-31,24.459999084472656,24.70000076293945,24.229999542236328,24.239999771118164,20.58342170715332,1820700.0
2010-03-31,161582000.0,-38814000.0,122768000.0,-68431000.0,-56154000.0,-12277000.0,54337000.0,-7170000.0,-11998000.0,47167000,46933000,-16924000.0,30009000,51356000,51356000,1550431000.0,58528000.0,1743440000.0,398563000.0,350185000.0,748748000.0,2492188000,180259000.0,848841000.0,575545000.0,1010901000.0,1859742000,21719523000.0,-21143079000.0,632446000.0,2492188000,52440000.0,21905000.0,10258000.0,16517000.0,101120000.0,-19898000.0,-453178000.0,-457493000.0,-36360000.0,-28609000.0,-387136000,2010-03-31,25.920000076293945,26.18000030517578,25.770000457763672,26.020000457763672,22.094911575317386,2245100.0
2010-06-30,167881000.0,-39846000.0,128035000.0,-69674000.0,-55936000.0,-13738000.0,58361000.0,-8116000.0,-11966000.0,50245000,42706000,-16121000.0,26585000,35213000,35213000,1337279000.0,16194000.0,2120243000.0,190807000.0,80915000.0,271722000.0,2391965000,165043000.0,942846000.0,575933000.0,972977000.0,1915823000,21519352000.0,-21107866000.0,476142000.0,2391965000,36374000.0,17901000.0,15548000.0,79377000.0,149200000.0,-22874000.0,-13052000.0,-39699000.0,-217581000.0,-213615000.0,-227107000,2010-06-30,26.60000038146973,27.020000457763672,26.479999542236328,26.54999923706055,22.544960021972656,4309700.0
2010-09-30,172286000.0,-39751000.0,132535000.0,-66394000.0,-51926000.0,-14468000.0,66141000.0,-7500000.0,-12140000.0,58641000,52372000,-7267000.0,45105000,784903000,784903000,2549143000.0,16826000.0,2656904000.0,191426000.0,75752000.0,267178000.0,2924082000,162997000.0,611756000.0,578262000.0,1066870000.0,1678626000,21566843000.0,-20322963000.0,1245456000.0,2924082000,785545000.0,13573000.0,-877855000.0,-3104000.0,-81841000.0,-25874000.0,-8682000.0,1113976000.0,-123851000.0,30890000.0,1197272000,2010-09-30,31.729999542236328,31.989999771118164,31.290000915527344,31.739999771118164,26.952056884765625,2771300.0
2010-12-31,178829000.0,-38265000.0,140564000.0,-70259000.0,-57078000.0,-13181000.0,70305000.0,-114143000.0,-121563000.0,-43838000,-46657000,14990000.0,-31667000,-40505000,-40505000,2060866000.0,14874000.0,2177957000.0,190319000.0,75730000.0,266049000.0,2444006000,195235000.0,652713000.0,581626000.0,1114863000.0,1767576000,21041232000.0,-20363468000.0,676430000.0,2444006000,-40505000.0,14276000.0,56521000.0,16435000.0,46727000.0,-11881000.0,1011000.0,-13694000.0,20553000.0,-533940000.0,-500567000,2010-12-31,32.950000762939446,32.959999084472656,32.65999984741211,32.669998168945305,30.18884658813477,1188300.0
2011-03-31,181523000.0,-40869000.0,140654000.0,-69614000.0,-56020000.0,-13594000.0,71040000.0,-6342000.0,-11820000.0,64698000,59168000,-16875000.0,42293000,40771000,40771000,1946840000.0,15852000.0,2060098000.0,193145000.0,77360000.0,270505000.0,2330603000,159627000.0,645089000.0,583852000.0,1140186000.0,1785275000,20869816000.0,-20322697000.0,545328000.0,2330603000,40771000.0,13968000.0,13464000.0,22084000.0,90287000.0,-15565000.0,-6770000.0,-23516000.0,-190878000.0,-187263000.0,-118802000,2011-03-31,36.47999954223633,36.540000915527344,36.18999862670898,36.209999084472656,33.459999084472656,1592300.0
2011-06-30,189844000.0,-40667000.0,149177000.0,-63459000.0,-50385000.0,-13074000.0,85718000.0,-105707000.0,-111856000.0,-19989000,-23648000,15967000.0,-7681000,-10610000,-10610000,1394750000.0,14516000.0,1525140000.0,194771000.0,75690000.0,270461000.0,1795601000,156995000.0,651764000.0,584965000.0,1148040000.0,1799804000,20331168000.0,-20333307000.0,-4203000.0,1795601000,-10610000.0,13674000.0,16323000.0,-6438000.0,12949000.0,-13916000.0,332318000.0,318402000.0,-87348000.0,-553607000.0,-220661000,2011-06-30,33.580001831054695,33.77000045776367,33.439998626708984,33.459999084472656,33.459999084472656,2708900.0
2011-09-30,196965000.0,-41694000.0,155271000.0,-63353000.0,-49865000.0,-13488000.0,91918000.0,-8206000.0,-11797000.0,83712000,80741000,-22126000.0,58615000,58916000,58916000,1234924000.0,14831000.0,1363690000.0,205304000.0,88715000.0,294019000.0,1657709000,137307000.0,639231000.0,586566000.0,1185216000.0,1824447000,20110838000.0,-20274391000.0,-166738000.0,1657709000,58916000.0,13813000.0,11273000.0,24449000.0,108451000.0,-33963000.0,142250000.0,108289000.0,-229067000.0,-229187000.0,-17377000,2011-09-30,28.56999969482422,29.209999084472656,28.32999992370605,28.61000061035156,28.61000061035156,2129300.0
2011-12-31,203646000.0,-42016000.0,161630000.0,-65405000.0,-52284000.0,-13121000.0,96225000.0,-15547000.0,-11859000.0,80678000,77326000,-31997000.0,45329000,53814000,53814000,1346209000.0,14974000.0,1447781000.0,327136000.0,81262000.0,408398000.0,1856179000,156385000.0,658923000.0,690086000.0,1285363000.0,1944286000,20135554000.0,-20220577000.0,-88107000.0,1856179000,53814000.0,14251000.0,1757000.0,54392000.0,124214000.0,-129216000.0,-767000.0,-129933000.0,7179000.0,117859000.0,110561000,2011-12-30,35.68000030517578,36.0099983215332,35.61999893188477,35.720001220703125,35.720001220703125,882200.0
2012-03-31,205726000.0,-41256000.0,164470000.0,-66088000.0,-51323000.0,-14765000.0,98382000.0,-11533000.0,-12340000.0,86849000,87397000,-21292000.0,66105000,68009000,68009000,1385843000.0,13553000.0,1473683000.0,328474000.0,80603000.0,409077000.0,1882760000,99640000.0,642616000.0,692821000.0,1311477000.0,1954093000,20084329000.0,-20152568000.0,-71333000.0,1882760000,68009000.0,12741000.0,5569000.0,23959000.0,110278000.0,-12917000.0,-22000.0,-12939000.0,-63759000.0,-60003000.0,39691000,2012-03-30,38.72999954223633,38.86000061035156,38.29999923706055,38.349998474121094,38.349998474121094,1670800.0
2012-06-30,214142000.0,-42844000.0,171298000.0,-64500000.0,-49039000.0,-15461000.0,106798000.0,-14677000.0,-12580000.0,92121000,92303000,-23831000.0,68472000,68472000,68472000,1438018000.0,12653000.0,1530611000.0,329328000.0,82085000.0,411413000.0,1942024000,112508000.0,672635000.0,697935000.0,1328584000.0,2001219000,20027983000.0,-20084096000.0,-59195000.0,1942024000,68472000.0,13532000.0,10324000.0,42643000.0,134971000.0,-13325000.0,-1089546000.0,-1103391000.0,-73618000.0,-65547000.0,-1037419000,2012-06-29,43.13000106811523,43.650001525878906,42.7400016784668,43.56999969482422,43.56999969482422,2409000.0
2012-09-30,223528000.0,-41460000.0,182068000.0,-66006000.0,-50597000.0,-15409000.0,116062000.0,-14361000.0,-12619000.0,101701000,101701000,-24882000.0,76819000,77910000,77910000,1492252000.0,11270000.0,1530489000.0,329358000.0,123417000.0,452775000.0,1983264000,106137000.0,1617360000.0,100000000.0,392516000.0,2009876000,19980177000.0,-20006186000.0,-26612000.0,1983264000,77910000.0,13379000.0,5383000.0,24950000.0,121622000.0,-13626000.0,-95989000.0,-109733000.0,-67441000.0,-58314000.0,-45166000,2012-09-28,48.27999877929688,48.84000015258789,48.0,48.68999862670898,48.68999862670898,1545600.0
2012-12-31,230196000.0,-42040000.0,188156000.0,-52071000.0,-36012000.0,-16059000.0,136085000.0,-4061000.0,-12657000.0,132024000,131294000,-30205000.0,101089000,105641000,105641000,1556436000.0,11477000.0,1643464000.0,333861000.0,85151000.0,419012000.0,2062476000,130391000.0,695018000.0,697614000.0,1376781000.0,2071799000,19891610000.0,-19900545000.0,-9323000.0,2062476000,105641000.0,15167000.0,4631000.0,45320000.0,170759000.0,-13155000.0,-203185000.0,-216290000.0,-91559000.0,-93888000.0,-139719000,2012-12-31,38.0099983215332,39.02000045776367,37.86999893188477,38.81999969482422,38.81999969482422,2720600.0
2013-03-31,236447000.0,-47254000.0,189193000.0,-55929000.0,-37753000.0,-18176000.0,133264000.0,-18373000.0,-12596000.0,114891000,114891000,-30378000.0,84513000,84513000,84513000,1562447000.0,13617000.0,1615199000.0,333183000.0,122731000.0,455914000.0,2071113000,119986000.0,1706407000.0,100000000.0,403842000.0,2110249000,19777571000.0,-19816032000.0,-39136000.0,2071113000,84513000.0,15118000.0,6528000.0,44478000.0,150637000.0,-17115000.0,-58024000.0,-78565000.0,-134159000.0,-122351000.0,-52116000,2013-03-28,47.02000045776367,47.5,46.88999938964844,47.27000045776367,47.27000045776367,3277300.0
2013-06-30,239332000.0,-46630000.0,192702000.0,-60621000.0,-43722000.0,-16899000.0,132081000.0,-13648000.0,-19809000.0,118433000,118433000,-31543000.0,86890000,86890000,86890000,1997462000.0,13556000.0,2053291000.0,337879000.0,133671000.0,471550000.0,2524841000,138846000.0,1740634000.0,750000000.0,1058139000.0,2798773000,19458503000.0,-19729142000.0,-273932000.0,2524841000,86890000.0,15408000.0,2323000.0,42215000.0,146836000.0,-20435000.0,64759000.0,44529000.0,-334593000.0,309972000.0,499681000,2013-06-28,44.61000061035156,44.79999923706055,43.9900016784668,44.65999984741211,44.65999984741211,3037300.0
2013-09-30,243678000.0,-46554000.0,197124000.0,-64411000.0,-46955000.0,-17456000.0,132713000.0,-25711000.0,-21119000.0,107002000,107002000,-26104000.0,80898000,80898000,80898000,1806814000.0,14823000.0,1861743000.0,337785000.0,130423000.0,468208000.0,2329951000,145426000.0,1764070000.0,750000000.0,1059698000.0,2823768000,19157634000.0,-19648244000.0,-493817000.0,2329951000,80898000.0,14889000.0,5637000.0,33060000.0,134484000.0,-12651000.0,-269673000.0,-283049000.0,-324654000.0,-312635000.0,-460710000,2013-09-30,50.72000122070313,51.38000106811523,50.59000015258789,50.88999938964844,50.88999938964844,1039500.0
2013-12-31,245630000.0,-46575000.0,199055000.0,-68881000.0,-51115000.0,-17766000.0,130174000.0,-13729000.0,-21237000.0,116445000,116445000,175704000.0,292149000,292149000,292149000,1723285000.0,13631000.0,1803199000.0,339653000.0,517915000.0,857568000.0,2660767000,149276000.0,2029186000.0,750000000.0,1055139000.0,3084325000,18935622000.0,-19356095000.0,-423558000.0,2660767000,292149000.0,15240000.0,15963000.0,-175912000.0,147440000.0,-15393000.0,321439000.0,306023000.0,-221544000.0,-232319000.0,221632000,2013-12-31,59.36000061035156,59.849998474121094,59.33000183105469,59.77999877929688,59.77999877929688,769900.0
2014-03-31,248796000.0,-48026000.0,200770000.0,-61185000.0,-42746000.0,-18439000.0,139585000.0,-14869000.0,-21385000.0,124716000,124716000,-30293000.0,94423000,94423000,94423000,1717208000.0,15437000.0,1790198000.0,329711000.0,489440000.0,819151000.0,2609349000,108994000.0,2043797000.0,750000000.0,1023171000.0,3066968000,18807125000.0,-19261672000.0,-457619000.0,2609349000,94423000.0,16008000.0,5728000.0,25470000.0,141629000.0,-11262000.0,-65913000.0,-77141000.0,-136888000.0,-136888000.0,-72170000,2014-03-31,53.599998474121094,54.22000122070313,53.56999969482422,53.90999984741211,53.90999984741211,1316300.0
2014-06-30,250382000.0,-45989000.0,204393000.0,-61272000.0,-45578000.0,-15694000.0,143121000.0,-16496000.0,-21490000.0,126625000,126625000,-26449000.0,100176000,100176000,100176000,1545471000.0,13810000.0,1597043000.0,323782000.0,401809000.0,725591000.0,2322634000,129516000.0,1843070000.0,750000000.0,1112416000.0,2955486000,18531751000.0,-19161496000.0,-632852000.0,2322634000,100176000.0,16107000.0,-8385000.0,13211000.0,121109000.0,-7485000.0,142117000.0,134672000.0,-300818000.0,-285509000.0,-29692000,2014-06-30,48.59000015258789,49.18999862670898,48.36999893188477,48.81000137329102,48.81000137329102,1313500.0
2014-09-30,255022000.0,-46933000.0,208089000.0,-68589000.0,-52269000.0,-16320000.0,139500000.0,-28006000.0,-21533000.0,111494000,111494000,-16305000.0,95189000,95189000,95189000,1474718000.0,16081000.0,1522987000.0,318808000.0,365627000.0,684435000.0,2207422000,133542000.0,1849266000.0,750000000.0,1106910000.0,2956176000,18320602000.0,-19066307000.0,-748754000.0,2207422000,95189000.0,15809000.0,31889000.0,24851000.0,167738000.0,-11311000.0,67532000.0,56498000.0,-220018000.0,-226761000.0,-3412000,2014-09-30,55.27000045776367,55.61000061035156,55.06000137329102,55.11999893188477,55.11999893188477,804100.0
2014-12-31,255917000.0,-47477000.0,208440000.0,-66219000.0,-48895000.0,-17324000.0,142221000.0,-21745000.0,-21586000.0,120476000,120476000,-55004000.0,65472000,65472000,65472000,1424684000.0,13448000.0,1479790000.0,319028000.0,102332000.0,421360000.0,1901150000,190278000.0,1432205000.0,740175000.0,1352411000.0,2784616000,18120367000.0,-19000835000.0,-883466000.0,1901150000,65472000.0,15766000.0,17800000.0,71435000.0,170473000.0,-9269000.0,7827000.0,-1341000.0,-208082000.0,-210594000.0,-42341000,2014-12-31,57.72000122070313,57.9000015258789,56.95000076293945,57.0,57.0,533600.0
2015-03-31,258422000.0,-48353000.0,210069000.0,-65832000.0,-48680000.0,-17152000.0,144237000.0,-27572000.0,-22017000.0,116665000,116665000,-28427000.0,88238000,88238000,88238000,1871322000.0,14656000.0,1939984000.0,311870000.0,355856000.0,667726000.0,2607710000,150482000.0,1922191000.0,1250000000.0,1633396000.0,3555587000,17967635000.0,-18912597000.0,-947877000.0,2607710000,88238000.0,15747000.0,8630000.0,20054000.0,132669000.0,-13042000.0,67984000.0,51155000.0,-169554000.0,330263000.0,514271000,2015-03-31,66.80000305175781,67.5,66.30000305175781,66.97000122070311,66.97000122070311,915800.0
2015-06-30,262539000.0,-48221000.0,214318000.0,-65353000.0,-49006000.0,-16347000.0,148965000.0,-25302000.0,-28503000.0,123663000,123663000,-30652000.0,93011000,93011000,93011000,1884809000.0,14418000.0,1930507000.0,304360000.0,335797000.0,640157000.0,2570664000,166558000.0,1945531000.0,1234368000.0,1619449000.0,3564980000,17828398000.0,-18819586000.0,-994316000.0,2570664000,93011000.0,15873000.0,6061000.0,60011000.0,174956000.0,-8849000.0,-531642000.0,-540440000.0,-157317000.0,-153531000.0,-518593000,2015-06-30,61.97000122070313,62.13000106811523,61.5099983215332,61.72000122070313,61.72000122070313,1015900.0
2015-09-30,265780000.0,-47218000.0,218562000.0,-64100000.0,-49081000.0,-15019000.0,154462000.0,-32519000.0,-28544000.0,121943000,121943000,-29486000.0,92457000,92457000,92457000,1890958000.0,14714000.0,1941140000.0,297299000.0,338866000.0,636165000.0,2577305000,180106000.0,1979892000.0,1234890000.0,1628823000.0,3608715000,17698308000.0,-18727129000.0,-1031410000.0,2577305000,92457000.0,14934000.0,6700000.0,41231000.0,155322000.0,-6768000.0,-14440000.0,-21138000.0,-151014000.0,-142960000.0,-9415000,2015-09-30,69.12000274658203,70.68000030517578,68.91999816894531,70.55999755859375,70.55999755859375,1023600.0
2015-12-31,272625000.0,-48996000.0,223629000.0,-65347000.0,-50147000.0,-15200000.0,158282000.0,-32903000.0,-28567000.0,125379000,125379000,-23849000.0,101530000,101530000,101530000,1915430000.0,12638000.0,1967924000.0,295570000.0,94243000.0,389813000.0,2357737000,188171000.0,1502980000.0,1235354000.0,1925204000.0,3428184000,17559145000.0,-18625599000.0,-1070447000.0,2357737000,101530000.0,14937000.0,38566000.0,51966000.0,206999000.0,-11997000.0,25796000.0,13524000.0,-150594000.0,-170014000.0,50788000,2015-12-31,88.11000061035156,88.66000366210938,87.3499984741211,87.36000061035156,87.36000061035156,493500.0
2016-03-31,281876000.0,-50582000.0,231294000.0,-64527000.0,-47784000.0,-16743000.0,166767000.0,-25683000.0,-28804000.0,141084000,141084000,-33628000.0,107456000,107456000,107456000,1895829000.0,16188000.0,1946057000.0,286202000.0,91414000.0,377616000.0,2323673000,148677000.0,1481713000.0,1235813000.0,1949983000.0,3431696000,17413244000.0,-18518143000.0,-1108023000.0,2323673000,107456000.0,14867000.0,6638000.0,20683000.0,149644000.0,-7082000.0,26779000.0,19697000.0,-164276000.0,-164276000.0,5366000,2016-03-31,89.20999908447266,89.87000274658203,88.47000122070312,88.54000091552734,88.54000091552734,960600.0
2016-06-30,286466000.0,-48753000.0,237713000.0,-61446000.0,-47158000.0,-14288000.0,176267000.0,-27150000.0,-28859000.0,149117000,149117000,-35907000.0,113210000,113210000,113210000,1906996000.0,15086000.0,1944655000.0,277942000.0,91576000.0,369518000.0,2314173000,144361000.0,1476125000.0,1236272000.0,1965378000.0,3441503000,17279792000.0,-18404933000.0,-1127330000.0,2314173000,113210000.0,14550000.0,13914000.0,25681000.0,167355000.0,-6376000.0,-72035000.0,-78205000.0,-151875000.0,-151875000.0,-63059000,2016-06-30,84.94000244140625,86.4800033569336,84.5199966430664,86.45999908447266,86.45999908447266,980100.0
2016-09-30,287554000.0,-49807000.0,237747000.0,-62971000.0,-48647000.0,-14324000.0,174776000.0,-25657000.0,-28919000.0,149119000,149119000,-34692000.0,114427000,114427000,114427000,1757711000.0,15767000.0,1794968000.0,270165000.0,232846000.0,503011000.0,2297979000,161966000.0,1482426000.0,1236731000.0,1984791000.0,3467217000,17123953000.0,-18290506000.0,-1169238000.0,2297979000,114427000.0,14697000.0,6424000.0,35496000.0,171044000.0,-149431000.0,157212000.0,7746000.0,-172113000.0,-172113000.0,6819000,2016-09-30,78.4000015258789,78.91000366210938,77.44999694824219,78.23999786376953,78.23999786376953,883300.0
