Report Date,Revenue,Cost of Revenue,Gross Profit,Operating Expenses,"Selling, General & Administrative",Depreciation & Amortization,Operating Income (Loss),Non-Operating Income (Loss),"Interest Expense, Net","Pretax Income (Loss), Adj.",Abnormal Gains (Losses),Pretax Income (Loss),"Income Tax (Expense) Benefit, Net",Income (Loss) from Continuing Operations,Net Income,Net Income (Common),"Cash, Cash Equivalents & Short Term Investments",Accounts & Notes Receivable,Inventories,Total Current Assets,"Property, Plant & Equipment, Net",Other Long Term Assets,Total Noncurrent Assets,Total Assets,Payables & Accruals,Short Term Debt,Total Current Liabilities,Long Term Debt,Total Noncurrent Liabilities,Total Liabilities,Share Capital & Additional Paid-In Capital,Treasury Stock,Retained Earnings,Total Equity,Total Liabilities & Equity,Net Income/Starting Line,Depreciation & Amortization.1,Non-Cash Items,Change in Working Capital,Net Cash from Operating Activities,Change in Fixed Assets & Intangibles,Net Cash from Acquisitions & Divestitures,Net Cash from Investing Activities,Dividends Paid,Cash from (Repayment of) Debt,Cash from (Repurchase of) Equity,Net Cash from Financing Activities,Net Change in Cash,Price Date,Open,High,Low,Close,Adj Close,Volume
2010-06-30,4534000000.0,-3773000000.0,761000000.0,-408000000.0,-401000000.0,-7000000.0,353000000.0,-124000000.0,-55000000.0,229000000,-22000000.0,207000000,8000000.0,215000000,205000000,205000000,850000000.0,2382000000.0,2676000000.0,6861000000.0,2970000000.0,4901000000.0,7871000000.0,14732000000,4476000000.0,310000000.0,5905000000.0,2195000000.0,5036000000.0,10941000000,2250000000.0,-1823000000.0,4496000000.0,3791000000.0,14732000000,215000000.0,139000000.0,23000000.0,-278000000.0,99000000.0,-113000000.0,-13000000.0,-126000000.0,-33000000.0,-318000000.0,65000000.0,-290000000.0,-341000000,2010-06-30,89.87000274658203,90.81999969482422,87.58000183105469,87.81999969482422,65.98652648925781,1734700.0
2010-09-30,4519000000.0,-3871000000.0,648000000.0,-398000000.0,-391000000.0,-7000000.0,250000000.0,-158000000.0,-54000000.0,92000000,-16000000.0,76000000,7000000.0,83000000,79000000,79000000,901000000.0,2552000000.0,3084000000.0,7458000000.0,3077000000.0,5064000000.0,8141000000.0,15599000000,4818000000.0,311000000.0,6321000000.0,2197000000.0,5149000000.0,11470000000,2253000000.0,-1823000000.0,4542000000.0,4129000000.0,15599000000,83000000.0,141000000.0,1000000.0,-18000000.0,207000000.0,-120000000.0,0.0,-147000000.0,-33000000.0,-10000000.0,0.0,-51000000.0,51000000,2010-09-30,81.69999694824219,82.4800033569336,78.5199966430664,80.95999908447266,61.18194198608398,3054800.0
2010-12-31,5041000000.0,-4375000000.0,666000000.0,-448000000.0,-441000000.0,-7000000.0,218000000.0,-70000000.0,-58000000.0,148000000,-16000000.0,132000000,46000000.0,178000000,171000000,171000000,1368000000.0,2278000000.0,2792000000.0,7315000000.0,3134000000.0,5135000000.0,8269000000.0,15584000000,4757000000.0,312000000.0,6149000000.0,2195000000.0,5115000000.0,11264000000,2262000000.0,-1823000000.0,4680000000.0,4320000000.0,15584000000,178000000.0,141000000.0,10000000.0,372000000.0,701000000.0,-183000000.0,0.0,-183000000.0,-33000000.0,-17000000.0,0.0,-64000000.0,467000000,2010-12-31,89.68000030517578,89.80999755859375,88.68000030517578,88.83000183105469,67.52068328857422,670100.0
2011-03-31,4401000000.0,-3778000000.0,623000000.0,-387000000.0,-380000000.0,-7000000.0,236000000.0,-74000000.0,-54000000.0,162000000,-8000000.0,154000000,24000000.0,178000000,169000000,169000000,1026000000.0,2347000000.0,2938000000.0,7201000000.0,3174000000.0,5234000000.0,8408000000.0,15609000000,4489000000.0,313000000.0,5937000000.0,2193000000.0,5100000000.0,11037000000,2277000000.0,-1823000000.0,4816000000.0,4572000000.0,15609000000,178000000.0,141000000.0,5000000.0,-548000000.0,-224000000.0,-112000000.0,-7000000.0,-119000000.0,-33000000.0,-4000000.0,8000000.0,-29000000.0,-342000000,2011-03-31,83.94999694824219,87.19000244140625,83.94999694824219,85.36000061035156,65.22670745849611,2640900.0
2011-06-30,4730000000.0,-4061000000.0,669000000.0,-432000000.0,-425000000.0,-7000000.0,237000000.0,-593000000.0,-55000000.0,-356000000,-14000000.0,-370000000,206000000.0,-164000000,-161000000,-161000000,845000000.0,2455000000.0,3071000000.0,7215000000.0,3213000000.0,5486000000.0,8699000000.0,15914000000,5401000000.0,363000000.0,6869000000.0,2143000000.0,4546000000.0,11415000000,2290000000.0,-1822000000.0,4617000000.0,4499000000.0,15914000000,-164000000.0,145000000.0,439000000.0,-430000000.0,-10000000.0,-127000000.0,0.0,-158000000.0,-38000000.0,11000000.0,6000000.0,-29000000.0,-181000000,2011-06-30,80.79000091552734,81.5199966430664,80.38999938964844,81.31999969482422,62.510108947753906,1094900.0
2011-09-30,4625000000.0,-4052000000.0,573000000.0,-401000000.0,-394000000.0,-7000000.0,172000000.0,-78000000.0,-51000000.0,94000000,-36000000.0,58000000,123000000.0,181000000,177000000,177000000,511000000.0,2261000000.0,2864000000.0,6460000000.0,3081000000.0,5462000000.0,8543000000.0,15003000000,4846000000.0,361000000.0,6243000000.0,2133000000.0,4423000000.0,10666000000,2295000000.0,-1821000000.0,4755000000.0,4337000000.0,15003000000,181000000.0,136000000.0,-300000000.0,-125000000.0,-108000000.0,-158000000.0,0.0,-131000000.0,-39000000.0,-3000000.0,0.0,-46000000.0,-334000000,2011-09-30,50.09000015258789,51.5,49.52000045776367,49.90999984741211,38.70408248901367,1537100.0
2011-12-31,4910000000.0,-4198000000.0,712000000.0,-429000000.0,-422000000.0,-7000000.0,283000000.0,-75000000.0,-53000000.0,208000000,-78000000.0,130000000,83000000.0,213000000,205000000,205000000,1109000000.0,2105000000.0,2354000000.0,6422000000.0,3102000000.0,5657000000.0,8759000000.0,15181000000,4892000000.0,361000000.0,6297000000.0,2129000000.0,4604000000.0,10901000000,2307000000.0,-1822000000.0,4922000000.0,4280000000.0,15181000000,213000000.0,136000000.0,19000000.0,504000000.0,872000000.0,-188000000.0,0.0,-188000000.0,-38000000.0,-19000000.0,0.0,-62000000.0,598000000,2011-12-30,47.59000015258789,47.88000106811523,47.25,47.45000076293945,37.14386749267578,1682900.0
2012-12-31,4791000000.0,-3979000000.0,812000000.0,-492000000.0,-485000000.0,-7000000.0,320000000.0,-84000000.0,-49000000.0,236000000,-62000000.0,174000000,-46000000.0,128000000,122000000,122000000,1168000000.0,2038000000.0,2354000000.0,6827000000.0,3034000000.0,5535000000.0,8569000000.0,15396000000,4809000000.0,510000000.0,6510000000.0,1944000000.0,4519000000.0,11029000000,2421000000.0,-1777000000.0,5147000000.0,4367000000.0,15396000000,128000000.0,126000000.0,-13000000.0,616000000.0,857000000.0,-192000000.0,-28000000.0,-220000000.0,-39000000.0,7000000.0,29000000.0,13000000.0,650000000,2012-12-31,98.95999908447266,102.0,98.7699966430664,101.75,81.81138610839844,810300.0
2013-12-31,5090000000.0,-4181000000.0,909000000.0,-500000000.0,-494000000.0,-6000000.0,409000000.0,-126000000.0,-44000000.0,283000000,-55000000.0,228000000,-41000000.0,187000000,181000000,181000000,1380000000.0,2005000000.0,2408000000.0,7022000000.0,3041000000.0,5481000000.0,8522000000.0,15544000000,5016000000.0,607000000.0,6794000000.0,1846000000.0,3716000000.0,10510000000,2562000000.0,-2124000000.0,5784000000.0,5034000000.0,15544000000,187000000.0,143000000.0,0.0,690000000.0,1020000000.0,-258000000.0,-6000000.0,-229000000.0,-48000000.0,21000000.0,-335000000.0,-215000000.0,554000000,2013-12-31,157.07000732421875,157.5,156.35000610351562,156.86000061035156,128.498046875,340500.0
2014-03-31,4363000000.0,-3608000000.0,755000000.0,-445000000.0,-439000000.0,-6000000.0,310000000.0,-67000000.0,-44000000.0,243000000,-29000000.0,214000000,-50000000.0,164000000,160000000,160000000,1672000000.0,2080000000.0,2666000000.0,7583000000.0,3054000000.0,5403000000.0,8457000000.0,16040000000,4761000000.0,610000000.0,6454000000.0,2662000000.0,4373000000.0,10827000000,2583000000.0,-2124000000.0,5896000000.0,5213000000.0,16040000000,164000000.0,127000000.0,0.0,-630000000.0,-339000000.0,-117000000.0,-21000000.0,-138000000.0,-48000000.0,807000000.0,11000000.0,770000000.0,292000000,2014-03-31,147.5800018310547,149.57000732421875,146.8300018310547,149.4600067138672,122.98223114013672,909500.0
2014-06-30,4682000000.0,-3895000000.0,787000000.0,-462000000.0,-457000000.0,-5000000.0,325000000.0,-56000000.0,-40000000.0,269000000,-34000000.0,235000000,-50000000.0,185000000,179000000,179000000,945000000.0,2222000000.0,2812000000.0,7045000000.0,3069000000.0,5494000000.0,8563000000.0,15608000000,4896000000.0,312000000.0,6118000000.0,2461000000.0,4139000000.0,10257000000,2607000000.0,-2124000000.0,6015000000.0,5351000000.0,15608000000,185000000.0,134000000.0,0.0,-348000000.0,-29000000.0,-137000000.0,-15000000.0,-152000000.0,-59000000.0,-499000000.0,17000000.0,-555000000.0,-727000000,2014-06-30,138.91000366210938,139.97000122070312,137.66000366210938,139.22000122070312,115.12606811523438,775300.0
2014-09-30,4824000000.0,-3997000000.0,827000000.0,-454000000.0,-448000000.0,-6000000.0,373000000.0,-74000000.0,-35000000.0,299000000,-38000000.0,261000000,-26000000.0,235000000,230000000,230000000,987000000.0,2213000000.0,2720000000.0,6959000000.0,2986000000.0,5763000000.0,8749000000.0,15708000000,4816000000.0,213000000.0,6402000000.0,2450000000.0,3995000000.0,10397000000,2612000000.0,-2149000000.0,6186000000.0,5311000000.0,15708000000,235000000.0,136000000.0,0.0,-131000000.0,240000000.0,-150000000.0,-55000000.0,-458000000.0,-58000000.0,380000000.0,-22000000.0,296000000.0,42000000,2014-09-30,148.80999755859375,149.24000549316406,145.0,145.64999389648438,121.04178619384766,1159700.0
2014-12-31,6003000000.0,-4977000000.0,1026000000.0,-710000000.0,-694000000.0,-16000000.0,316000000.0,-110000000.0,-46000000.0,206000000,-35000000.0,171000000,-63000000.0,108000000,81000000,81000000,1026000000.0,2768000000.0,2740000000.0,8098000000.0,3981000000.0,7923000000.0,11904000000.0,20002000000,6255000000.0,234000000.0,8403000000.0,3544000000.0,5803000000.0,14206000000,2665000000.0,-2149000000.0,6209000000.0,5796000000.0,20002000000,108000000.0,163000000.0,0.0,1336000000.0,1607000000.0,-295000000.0,-1281000000.0,-1708000000.0,-59000000.0,252000000.0,7000000.0,194000000.0,39000000,2014-12-31,194.8800048828125,196.7100067138672,193.42999267578125,193.7400054931641,161.6910858154297,508800.0
2015-03-31,4846000000.0,-3993000000.0,853000000.0,-517000000.0,-498000000.0,-19000000.0,336000000.0,-96000000.0,-43000000.0,240000000,-33000000.0,207000000,-9000000.0,198000000,191000000,191000000,704000000.0,2518000000.0,3002000000.0,7714000000.0,3779000000.0,7715000000.0,11494000000.0,19208000000,5419000000.0,213000000.0,7390000000.0,3977000000.0,6074000000.0,13464000000,2686000000.0,-2149000000.0,6340000000.0,5744000000.0,19208000000,198000000.0,161000000.0,-47000000.0,-881000000.0,-569000000.0,-93000000.0,-15000000.0,-97000000.0,-60000000.0,413000000.0,34000000.0,387000000.0,-322000000,2015-03-31,200.5200042724609,204.63999938964844,200.00999450683602,202.05999755859366,169.22698974609375,1007300.0
2015-06-30,5208000000.0,-4303000000.0,905000000.0,-574000000.0,-556000000.0,-18000000.0,331000000.0,2000000.0,-40000000.0,333000000,-58000000.0,275000000,-90000000.0,185000000,177000000,177000000,691000000.0,2702000000.0,3086000000.0,7873000000.0,3813000000.0,7827000000.0,11640000000.0,19513000000,5502000000.0,267000000.0,7796000000.0,3750000000.0,5869000000.0,13665000000,2696000000.0,-2199000000.0,6446000000.0,5848000000.0,19513000000,185000000.0,170000000.0,0.0,-183000000.0,172000000.0,-141000000.0,-6000000.0,-146000000.0,-70000000.0,76000000.0,-48000000.0,-45000000.0,-13000000,2015-06-30,175.16000366210938,175.60000610351562,172.85000610351562,173.0500030517578,145.6339111328125,845300.0
2015-09-30,5277000000.0,-4347000000.0,930000000.0,-547000000.0,-529000000.0,-18000000.0,383000000.0,-62000000.0,-41000000.0,321000000,-54000000.0,267000000,-17000000.0,250000000,235000000,235000000,698000000.0,2914000000.0,2943000000.0,7879000000.0,3684000000.0,8060000000.0,11744000000.0,19623000000,5469000000.0,507000000.0,8211000000.0,3502000000.0,5623000000.0,13834000000,2707000000.0,-2244000000.0,6611000000.0,5789000000.0,19623000000,250000000.0,165000000.0,-16000000.0,-159000000.0,240000000.0,-122000000.0,-51000000.0,-164000000.0,-70000000.0,71000000.0,-45000000.0,-46000000.0,7000000,2015-09-30,146.49000549316406,147.75,143.77999877929688,147.25999450683594,124.60343933105469,926000.0
2015-12-31,5560000000.0,-4588000000.0,972000000.0,-579000000.0,-560000000.0,-19000000.0,393000000.0,-55000000.0,-41000000.0,338000000,-56000000.0,282000000,-93000000.0,189000000,180000000,180000000,772000000.0,2530000000.0,2619000000.0,6874000000.0,3774000000.0,8362000000.0,12136000000.0,19010000000,5784000000.0,508000000.0,7744000000.0,3470000000.0,5592000000.0,13336000000,2752000000.0,-2399000000.0,6722000000.0,5674000000.0,19010000000,189000000.0,172000000.0,0.0,1021000000.0,1382000000.0,-296000000.0,2000000.0,-274000000.0,-69000000.0,-777000000.0,-153000000.0,-1003000000.0,74000000,2015-12-31,148.1199951171875,148.75,146.85000610351562,146.8699951171875,124.98870849609376,379300.0
2016-12-31,5656000000.0,-4696000000.0,960000000.0,-562000000.0,-545000000.0,-17000000.0,398000000.0,-33000000.0,-43000000.0,365000000,-57000000.0,308000000,-122000000.0,186000000,180000000,180000000,1085000000.0,2711000000.0,2623000000.0,7339000000.0,3810000000.0,8004000000.0,11814000000.0,19153000000,5807000000.0,560000000.0,7662000000.0,3876000000.0,5763000000.0,13425000000,2783000000.0,-2924000000.0,7314000000.0,5728000000.0,19153000000,186000000.0,159000000.0,0.0,1033000000.0,1378000000.0,-292000000.0,-2000000.0,-309000000.0,-73000000.0,-808000000.0,-98000000.0,-1007000000.0,24000000,2016-12-30,183.8000030517578,184.2899932861328,180.8699951171875,181.7700042724609,158.34742736816406,467700.0
2017-06-30,5347000000.0,-4471000000.0,876000000.0,-543000000.0,-526000000.0,-17000000.0,333000000.0,-62000000.0,-39000000.0,271000000,-59000000.0,212000000,-33000000.0,179000000,189000000,189000000,1041000000.0,2974000000.0,3230000000.0,8229000000.0,3811000000.0,8166000000.0,11977000000.0,20206000000,6083000000.0,659000000.0,9056000000.0,3631000000.0,5470000000.0,14526000000,2832000000.0,-3274000000.0,7501000000.0,5680000000.0,20206000000,179000000.0,156000000.0,0.0,-91000000.0,244000000.0,-121000000.0,-32000000.0,-157000000.0,-82000000.0,247000000.0,-191000000.0,-26000000.0,74000000,2017-06-30,188.2700042724609,192.4900054931641,188.2700042724609,191.6199951171875,168.86175537109375,744800.0
2017-09-30,5418000000.0,-4503000000.0,915000000.0,-539000000.0,-521000000.0,-18000000.0,376000000.0,-63000000.0,-42000000.0,313000000,-45000000.0,268000000,4000000.0,272000000,276000000,276000000,1087000000.0,3102000000.0,3345000000.0,8649000000.0,3865000000.0,8324000000.0,12189000000.0,20838000000,6197000000.0,671000000.0,9636000000.0,3669000000.0,5515000000.0,15151000000,2845000000.0,-3474000000.0,7697000000.0,5687000000.0,20838000000,272000000.0,168000000.0,0.0,-282000000.0,158000000.0,-160000000.0,-3000000.0,-157000000.0,-80000000.0,312000000.0,-199000000.0,22000000.0,39000000,2017-09-29,183.1699981689453,185.7400054931641,182.58999633789062,184.44000244140625,163.597412109375,467100.0
2017-12-31,5702000000.0,-4717000000.0,985000000.0,-593000000.0,-566000000.0,-27000000.0,392000000.0,-58000000.0,-40000000.0,334000000,-125000000.0,209000000,-481000000.0,-272000000,-268000000,-268000000,1196000000.0,2665000000.0,2988000000.0,7930000000.0,4033000000.0,8075000000.0,12108000000.0,20038000000,6324000000.0,376000000.0,8505000000.0,4392000000.0,6405000000.0,14910000000,2851000000.0,-3674000000.0,7352000000.0,5128000000.0,20038000000,-272000000.0,167000000.0,0.0,1402000000.0,1297000000.0,-257000000.0,0.0,-321000000.0,-77000000.0,-610000000.0,-199000000.0,-888000000.0,96000000,2017-12-29,170.52999877929688,171.67999267578125,168.25999450683594,168.63999938964844,150.6082763671875,399800.0
2018-06-30,5140000000.0,-4260000000.0,880000000.0,-561000000.0,-541000000.0,-20000000.0,319000000.0,-137000000.0,-47000000.0,182000000,-791000000.0,-609000000,-30000000.0,-639000000,-657000000,-657000000,1057000000.0,2464000000.0,3032000000.0,8383000000.0,3427000000.0,7260000000.0,10687000000.0,19070000000,5433000000.0,262000000.0,8620000000.0,4781000000.0,7106000000.0,15726000000,2878000000.0,-4675000000.0,6701000000.0,3344000000.0,19070000000,-639000000.0,162000000.0,747000000.0,-141000000.0,129000000.0,-107000000.0,0.0,-106000000.0,-81000000.0,1127000000.0,-999000000.0,47000000.0,3000000,2018-06-29,145.94000244140625,147.75,145.38999938964844,146.22999572753906,132.43939208984378,674500.0
2018-09-30,5326000000.0,-4431000000.0,895000000.0,-568000000.0,-550000000.0,-18000000.0,327000000.0,-76000000.0,-52000000.0,251000000,-28000000.0,223000000,-7000000.0,216000000,210000000,210000000,1032000000.0,2881000000.0,2873000000.0,8461000000.0,3396000000.0,7236000000.0,10632000000.0,19093000000,5679000000.0,260000000.0,9195000000.0,4768000000.0,6590000000.0,15785000000,2889000000.0,-4776000000.0,6837000000.0,3308000000.0,19093000000,216000000.0,152000000.0,0.0,-399000000.0,-31000000.0,-136000000.0,-23000000.0,-163000000.0,-73000000.0,361000000.0,-101000000.0,181000000.0,-45000000,2018-09-28,118.9000015258789,119.44000244140624,118.3499984741211,118.75,108.51200103759766,577900.0
2018-12-31,5660000000.0,-4710000000.0,950000000.0,-610000000.0,-593000000.0,-17000000.0,340000000.0,-53000000.0,-51000000.0,287000000,-31000000.0,256000000,-86000000.0,170000000,170000000,170000000,1498000000.0,2210000000.0,2533000000.0,7898000000.0,3414000000.0,7035000000.0,10449000000.0,18347000000,6004000000.0,947000000.0,9189000000.0,4046000000.0,5953000000.0,15142000000,2880000000.0,-4827000000.0,6933000000.0,3205000000.0,18347000000,170000000.0,154000000.0,0.0,1520000000.0,1844000000.0,-127000000.0,0.0,-127000000.0,-74000000.0,-1111000000.0,-41000000.0,-1268000000.0,456000000,2018-12-31,107.9499969482422,108.55999755859376,104.08999633789062,106.87000274658205,98.65192413330078,816700.0
2019-06-30,5186000000.0,-4254000000.0,932000000.0,-602000000.0,-584000000.0,-18000000.0,330000000.0,11000000.0,-52000000.0,341000000,-139000000.0,202000000,-130000000.0,72000000,67000000,67000000,1178000000.0,2387000000.0,3008000000.0,8503000000.0,3318000000.0,8034000000.0,11352000000.0,19855000000,5556000000.0,573000000.0,10094000000.0,4155000000.0,6094000000.0,16188000000,2902000000.0,-4876000000.0,7380000000.0,3667000000.0,19855000000,72000000.0,160000000.0,79000000.0,-237000000.0,74000000.0,-109000000.0,0.0,-109000000.0,-76000000.0,126000000.0,1000000.0,51000000.0,14000000,2019-06-28,142.5,144.3800048828125,142.00999450683594,142.36000061035156,133.70645141601562,671200.0
2019-09-30,5091000000.0,-4350000000.0,741000000.0,-508000000.0,-491000000.0,-17000000.0,233000000.0,-16000000.0,-45000000.0,217000000,460000000.0,677000000,-313000000.0,364000000,358000000,358000000,993000000.0,2588000000.0,2883000000.0,7375000000.0,3203000000.0,7828000000.0,11031000000.0,18406000000,5610000000.0,546000000.0,8500000000.0,4105000000.0,5957000000.0,14457000000,2898000000.0,-4926000000.0,7659000000.0,3949000000.0,18406000000,364000000.0,141000000.0,-516000000.0,266000000.0,255000000.0,920000000.0,0.0,918000000.0,-80000000.0,-1183000000.0,-49000000.0,-1319000000.0,-210000000,2019-09-30,156.60000610351562,159.0,155.64999389648438,158.36000061035156,150.0450897216797,745100.0
