Report Date,Revenue,Cost of Revenue,Gross Profit,Operating Expenses,"Selling, General & Administrative",Operating Income (Loss),Non-Operating Income (Loss),"Interest Expense, Net","Pretax Income (Loss), Adj.",Pretax Income (Loss),"Income Tax (Expense) Benefit, Net",Income (Loss) from Continuing Operations,Net Income,Net Income (Common),"Cash, Cash Equivalents & Short Term Investments",Accounts & Notes Receivable,Inventories,Total Current Assets,"Property, Plant & Equipment, Net",Other Long Term Assets,Total Noncurrent Assets,Total Assets,Payables & Accruals,Short Term Debt,Total Current Liabilities,Long Term Debt,Total Noncurrent Liabilities,Total Liabilities,Share Capital & Additional Paid-In Capital,Retained Earnings,Total Equity,Total Liabilities & Equity,Net Income/Starting Line,Depreciation & Amortization.1,Non-Cash Items,Change in Working Capital,Net Cash from Operating Activities,Change in Fixed Assets & Intangibles,Net Cash from Acquisitions & Divestitures,Net Cash from Investing Activities,Dividends Paid,Cash from (Repayment of) Debt,Cash from (Repurchase of) Equity,Net Cash from Financing Activities,Net Change in Cash,Price Date,Open,High,Low,Close,Adj Close,Volume
2008-10-31,98345000000.0,-73621000000.0,24724000000.0,-19432000000.0,-19432000000.0,5292000000.0,-456000000.0,-456000000.0,4836000000,4836000000,-1690000000.0,3146000000,3138000000,3138000000,5920000000.0,3250000000.0,40416000000.0,53093000000.0,93706000000.0,21044000000.0,114750000000.0,167843000000,47473000000.0,12999000000.0,60624000000.0,34071000000.0,39646000000.0,100270000000,4219000000.0,59809000000.0,67573000000.0,167843000000,3145000000.0,1688000000.0,418000000.0,-4989000000.0,262000000.0,-2813000000.0,838000000.0,-2270000000.0,-936000000.0,3505000000.0,-1337000000.0,1333000000.0,-1021000000,2008-10-31,55.0,56.77000045776367,54.27000045776367,55.81000137329102,41.24794006347656,26031500.0
2009-01-31,108627000000.0,-81830000000.0,26797000000.0,-20451000000.0,-20451000000.0,6346000000.0,-492000000.0,-492000000.0,5854000000,5854000000,-1947000000.0,3907000000,3773000000,3773000000,7275000000.0,3905000000.0,34511000000.0,48949000000.0,92856000000.0,21624000000.0,114480000000.0,163429000000,47638000000.0,7669000000.0,55390000000.0,34549000000.0,40563000000.0,95953000000,4313000000.0,63660000000.0,67476000000.0,163429000000,3907000000.0,1685000000.0,696000000.0,6433000000.0,12721000000.0,-3390000000.0,-1502000000.0,-3945000000.0,-932000000.0,-6371000000.0,0.0,-6871000000.0,1355000000,2009-01-30,48.0,48.29999923706055,46.91999816894531,47.11999893188477,34.976024627685554,20614700.0
2010-07-31,103726000000.0,-77438000000.0,26288000000.0,-20098000000.0,-20098000000.0,6190000000.0,-485000000.0,-485000000.0,5705000000,5705000000,-1958000000.0,3747000000,3596000000,3596000000,10195000000.0,4531000000.0,34793000000.0,53045000000.0,101111000000.0,22788000000.0,123899000000.0,176944000000,55049000000.0,10531000000.0,65655000000.0,38702000000.0,44070000000.0,109725000000,3999000000.0,61746000000.0,67219000000.0,176944000000,3747000000.0,1884000000.0,534000000.0,2881000000.0,9046000000.0,-2988000000.0,-108000000.0,-3345000000.0,-1124000000.0,1681000000.0,-4145000000.0,-3881000000.0,1679000000,2010-07-30,50.61000061035156,51.25,50.5,51.18999862670898,39.268646240234375,13551400.0
2010-10-31,101952000000.0,-75819000000.0,26133000000.0,-20522000000.0,-20522000000.0,5611000000.0,-516000000.0,-516000000.0,5095000000,5095000000,-1505000000.0,3590000000,3436000000,3436000000,10616000000.0,4374000000.0,41059000000.0,59568000000.0,103812000000.0,23510000000.0,127322000000.0,186890000000,55435000000.0,12895000000.0,68407000000.0,43899000000.0,50096000000.0,118503000000,3969000000.0,61451000000.0,68387000000.0,186890000000,3590000000.0,1887000000.0,1013000000.0,-4244000000.0,2246000000.0,-3649000000.0,-24000000.0,-3708000000.0,-1101000000.0,6712000000.0,-3860000000.0,1715000000.0,421000000,2010-10-29,54.040000915527344,54.59000015258789,53.61000061035156,54.16999816894531,41.79717254638672,8032900.0
2011-01-31,116360000000.0,-87071000000.0,29289000000.0,-21285000000.0,-21285000000.0,8004000000.0,-532000000.0,-532000000.0,7472000000,7472000000,-2294000000.0,5178000000,6056000000,6056000000,7395000000.0,5089000000.0,36437000000.0,52012000000.0,105098000000.0,23672000000.0,128770000000.0,180782000000,52534000000.0,6022000000.0,58603000000.0,43842000000.0,50524000000.0,109127000000,3929000000.0,63967000000.0,71655000000.0,180782000000,5178000000.0,2006000000.0,887000000.0,3307000000.0,11378000000.0,-3133000000.0,-70000000.0,-2904000000.0,-1076000000.0,-6807000000.0,-3804000000.0,-11698000000.0,-3221000000,2011-01-31,56.45000076293945,56.56000137329102,55.70000076293945,56.06999969482422,43.50246047973633,15688500.0
2011-07-31,109366000000.0,-81770000000.0,27596000000.0,-21213000000.0,-21213000000.0,6383000000.0,-578000000.0,-578000000.0,5805000000,5805000000,-1868000000.0,3937000000,3801000000,3801000000,8102000000.0,5265000000.0,38867000000.0,55630000000.0,108729000000.0,29513000000.0,138242000000.0,193872000000,56186000000.0,8626000000.0,64840000000.0,48452000000.0,55756000000.0,120596000000,3876000000.0,62779000000.0,73276000000.0,193872000000,3937000000.0,2042000000.0,485000000.0,1270000000.0,7734000000.0,-3264000000.0,-3501000000.0,-7023000000.0,-1267000000.0,1098000000.0,-1411000000.0,-1872000000.0,-1298000000,2011-07-29,52.77999877929688,53.1500015258789,52.66999816894531,52.709999084472656,41.45469665527344,13193200.0
2011-10-31,110226000000.0,-82591000000.0,27635000000.0,-21757000000.0,-21757000000.0,5878000000.0,-535000000.0,-535000000.0,5343000000,5343000000,-1842000000.0,3501000000,3336000000,3336000000,7063000000.0,4757000000.0,44340000000.0,59476000000.0,107729000000.0,28039000000.0,135768000000.0,195244000000,56132000000.0,11385000000.0,67544000000.0,47851000000.0,55936000000.0,123480000000,3769000000.0,64769000000.0,71764000000.0,195244000000,3501000000.0,2040000000.0,1091000000.0,-3426000000.0,3206000000.0,-3630000000.0,-36000000.0,-3922000000.0,-1259000000.0,2911000000.0,-1417000000.0,-78000000.0,-1039000000,2011-10-31,56.58000183105469,57.290000915527344,56.58000183105469,56.72000122070313,44.93113708496094,9480900.0
2012-01-31,122728000000.0,-92455000000.0,30273000000.0,-21939000000.0,-21939000000.0,8334000000.0,-528000000.0,-528000000.0,7806000000,7806000000,-2414000000.0,5392000000,5163000000,5163000000,6550000000.0,5937000000.0,40714000000.0,54975000000.0,109603000000.0,28828000000.0,138431000000.0,193406000000,55952000000.0,6348000000.0,62300000000.0,47079000000.0,54941000000.0,117241000000,4034000000.0,68691000000.0,76165000000.0,193406000000,5392000000.0,2039000000.0,151000000.0,3759000000.0,11341000000.0,-3741000000.0,-11000000.0,-3795000000.0,-1248000000.0,-5816000000.0,-1341000000.0,-8174000000.0,-513000000,2012-01-31,61.52999877929688,61.56999969482422,60.58000183105469,61.36000061035156,48.91044998168945,9761500.0
2012-10-31,113800000000.0,-85470000000.0,28330000000.0,-22237000000.0,-22237000000.0,6093000000.0,-546000000.0,-546000000.0,5547000000,5547000000,-1738000000.0,3809000000,3635000000,3635000000,8643000000.0,5567000000.0,47487000000.0,63431000000.0,112561000000.0,29826000000.0,142387000000.0,205818000000,61199000000.0,15621000000.0,76845000000.0,41836000000.0,49880000000.0,126725000000,4197000000.0,70256000000.0,79093000000.0,205818000000,3786000000.0,2071000000.0,980000000.0,-2525000000.0,4312000000.0,-3214000000.0,-716000000.0,-3654000000.0,-1336000000.0,2638000000.0,-1228000000.0,84000000.0,708000000,2012-10-31,75.25,75.68000030517578,74.12999725341797,75.0199966430664,60.93547058105469,6551200.0
2013-01-31,127559000000.0,-96006000000.0,31553000000.0,-23006000000.0,-23006000000.0,8547000000.0,-477000000.0,-477000000.0,8070000000,8070000000,-2230000000.0,5840000000,5606000000,5606000000,8855000000.0,6191000000.0,43138000000.0,60176000000.0,113692000000.0,28319000000.0,142011000000.0,202187000000,61019000000.0,12533000000.0,73552000000.0,44551000000.0,52245000000.0,125797000000,3728000000.0,68489000000.0,76390000000.0,202187000000,5863000000.0,2174000000.0,52000000.0,1595000000.0,9684000000.0,-3788000000.0,716000000.0,-3285000000.0,-1327000000.0,-2773000000.0,-2943000000.0,-7252000000.0,-862000000,2013-01-31,69.69000244140625,70.44000244140625,69.69000244140625,69.94999694824219,57.13262176513672,7016200.0
2013-07-31,116830000000.0,-87420000000.0,29410000000.0,-22633000000.0,-22633000000.0,6777000000.0,-552000000.0,-552000000.0,6225000000,6225000000,-2020000000.0,4205000000,4069000000,4069000000,9016000000.0,5996000000.0,42793000000.0,60002000000.0,113362000000.0,27605000000.0,140967000000.0,200969000000,58574000000.0,13640000000.0,72214000000.0,43585000000.0,51574000000.0,123788000000,3759000000.0,70791000000.0,77181000000.0,200969000000,4192000000.0,2208000000.0,551000000.0,-594000000.0,6357000000.0,-3021000000.0,0.0,-3041000000.0,-1543000000.0,471000000.0,-1850000000.0,-3135000000.0,161000000,2013-07-31,77.91999816894531,78.4800033569336,77.7300033569336,77.94000244140625,64.45355224609375,6040800.0
2013-10-31,115688000000.0,-86687000000.0,29001000000.0,-22691000000.0,-22691000000.0,6310000000.0,-580000000.0,-580000000.0,5730000000,5730000000,-1860000000.0,3870000000,3738000000,3738000000,8736000000.0,6206000000.0,49673000000.0,67142000000.0,114654000000.0,28080000000.0,142734000000.0,209876000000,59655000000.0,17279000000.0,77021000000.0,44543000000.0,52841000000.0,129862000000,2688000000.0,72888000000.0,80014000000.0,209876000000,3870000000.0,2198000000.0,750000000.0,-4749000000.0,2069000000.0,-3031000000.0,0.0,-3104000000.0,-1533000000.0,4347000000.0,-1710000000.0,840000000.0,-280000000,2013-10-31,76.87999725341797,77.1500015258789,76.5999984741211,76.75,63.8548469543457,4612400.0
2014-01-31,129589000000.0,-97935000000.0,31654000000.0,-24325000000.0,-24325000000.0,7329000000.0,-554000000.0,-554000000.0,6775000000,6775000000,-2244000000.0,4531000000,4431000000,4431000000,7281000000.0,6677000000.0,44858000000.0,61185000000.0,115364000000.0,28202000000.0,143566000000.0,204751000000,57174000000.0,12082000000.0,69345000000.0,44559000000.0,52576000000.0,121921000000,2685000000.0,76566000000.0,82830000000.0,204751000000,4544000000.0,2270000000.0,-400000000.0,3523000000.0,9937000000.0,-3403000000.0,0.0,-3385000000.0,-1514000000.0,-5141000000.0,-877000000.0,-7753000000.0,-1455000000,2014-01-31,73.91999816894531,75.19000244140625,73.63999938964844,74.68000030517578,62.49433135986328,10544800.0
2014-07-31,120125000000.0,-90010000000.0,30115000000.0,-23375000000.0,-23375000000.0,6740000000.0,-538000000.0,-538000000.0,6202000000,6202000000,-2113000000.0,4089000000,4093000000,4093000000,6184000000.0,6146000000.0,45451000000.0,59632000000.0,116266000000.0,27864000000.0,144130000000.0,203762000000,58676000000.0,8456000000.0,67132000000.0,45496000000.0,53807000000.0,120939000000,2531000000.0,77172000000.0,82823000000.0,203762000000,4089000000.0,2277000000.0,177000000.0,-582000000.0,5961000000.0,-2914000000.0,671000000.0,-2219000000.0,-1547000000.0,-1249000000.0,-307000000.0,-3578000000.0,172000000,2014-07-31,73.98999786376953,74.25,73.54000091552734,73.58000183105469,62.354736328125,9631600.0
2014-10-31,119001000000.0,-89247000000.0,29754000000.0,-23489000000.0,-23489000000.0,6265000000.0,-656000000.0,-656000000.0,5609000000,5609000000,-1783000000.0,3826000000,3711000000,3711000000,6718000000.0,6091000000.0,51501000000.0,65841000000.0,114975000000.0,26852000000.0,141827000000.0,207668000000,60365000000.0,11175000000.0,71540000000.0,44286000000.0,52075000000.0,123615000000,2546000000.0,80814000000.0,84053000000.0,207668000000,3826000000.0,2354000000.0,-387000000.0,-2223000000.0,3570000000.0,-2761000000.0,0.0,-2817000000.0,-1545000000.0,1827000000.0,-82000000.0,-103000000.0,534000000,2014-10-31,76.88999938964844,77.4000015258789,76.01000213623047,76.2699966430664,65.0601806640625,7570700.0
2015-01-31,131565000000.0,-99115000000.0,32450000000.0,-24501000000.0,-24501000000.0,7949000000.0,-586000000.0,-586000000.0,7363000000,7363000000,-2175000000.0,5188000000,4966000000,4966000000,9135000000.0,6778000000.0,45141000000.0,63278000000.0,114280000000.0,25932000000.0,140212000000.0,203490000000,58583000000.0,6670000000.0,65253000000.0,43495000000.0,52300000000.0,117553000000,2785000000.0,85777000000.0,85937000000.0,203490000000,5188000000.0,2292000000.0,-77000000.0,5691000000.0,13094000000.0,-3820000000.0,0.0,-3968000000.0,-1546000000.0,-4412000000.0,0.0,-6213000000.0,2417000000,2015-01-30,86.77999877929688,87.36000061035156,84.9000015258789,84.9800033569336,72.89498901367188,10280200.0
2015-07-31,120229000000.0,-90056000000.0,30173000000.0,-24104000000.0,-24104000000.0,6069000000.0,-543000000.0,-543000000.0,5526000000,5526000000,-1891000000.0,3635000000,3475000000,3475000000,5751000000.0,5275000000.0,45007000000.0,58132000000.0,112824000000.0,27664000000.0,140488000000.0,198620000000,59050000000.0,6212000000.0,65262000000.0,42843000000.0,51234000000.0,116496000000,2300000000.0,84959000000.0,82124000000.0,198620000000,3635000000.0,2339000000.0,56000000.0,-374000000.0,5656000000.0,-2622000000.0,246000000.0,-2489000000.0,-1578000000.0,-1230000000.0,-1003000000.0,-5079000000.0,-2008000000,2015-07-31,72.44000244140625,72.48999786376953,71.66000366210938,71.9800033569336,62.50659561157226,7928400.0
2015-10-31,117408000000.0,-87446000000.0,29962000000.0,-24248000000.0,-24248000000.0,5714000000.0,-552000000.0,-552000000.0,5162000000,5162000000,-1748000000.0,3414000000,3304000000,3304000000,6990000000.0,5012000000.0,50706000000.0,65112000000.0,110835000000.0,29197000000.0,140032000000.0,205144000000,62228000000.0,8264000000.0,70492000000.0,44198000000.0,52022000000.0,122514000000,2327000000.0,87903000000.0,82630000000.0,205144000000,3414000000.0,2365000000.0,-479000000.0,-397000000.0,4903000000.0,-3104000000.0,0.0,-2965000000.0,-1571000000.0,1999000000.0,-437000000.0,-485000000.0,1239000000,2015-10-30,57.72999954223633,58.11999893188477,57.2400016784668,57.2400016784668,50.04595947265625,15805500.0
2016-01-31,129667000000.0,-96999000000.0,32668000000.0,-26026000000.0,-26026000000.0,6642000000.0,-548000000.0,-548000000.0,6094000000,6094000000,-1346000000.0,4748000000,4574000000,4574000000,8705000000.0,5624000000.0,44469000000.0,60239000000.0,110171000000.0,29171000000.0,139342000000.0,199581000000,58615000000.0,6004000000.0,64619000000.0,44030000000.0,51351000000.0,115970000000,2122000000.0,90021000000.0,83611000000.0,199581000000,4748000000.0,2431000000.0,1081000000.0,4287000000.0,12547000000.0,-2981000000.0,0.0,-3108000000.0,-1566000000.0,-2314000000.0,-2392000000.0,-7026000000.0,1715000000,2016-01-29,64.75,66.52999877929689,64.73999786376953,66.36000061035156,58.50571823120117,16439100.0
2016-04-30,115904000000.0,-86544000000.0,29360000000.0,-24085000000.0,-24085000000.0,5275000000.0,-561000000.0,-561000000.0,4714000000,4714000000,-1498000000.0,3216000000,3079000000,3079000000,7597000000.0,5187000000.0,44513000000.0,59097000000.0,109787000000.0,29821000000.0,139608000000.0,198705000000,63653000000.0,6629000000.0,70282000000.0,43393000000.0,50665000000.0,120947000000,2033000000.0,84145000000.0,77758000000.0,198705000000,3216000000.0,2388000000.0,-155000000.0,744000000.0,6193000000.0,-2120000000.0,0.0,-2119000000.0,-1573000000.0,-821000000.0,-2735000000.0,-5432000000.0,-1108000000,2016-04-29,68.73000335693361,68.81999969482422,66.36000061035156,66.87000274658203,59.39181900024414,12099000.0
2016-07-31,120854000000.0,-89485000000.0,31369000000.0,-25204000000.0,-25204000000.0,6165000000.0,-566000000.0,-566000000.0,5599000000,5599000000,-1710000000.0,3889000000,3773000000,3773000000,7676000000.0,5275000000.0,43453000000.0,58232000000.0,108867000000.0,30787000000.0,139654000000.0,197886000000,63374000000.0,4748000000.0,68122000000.0,42743000000.0,50620000000.0,118742000000,2225000000.0,85972000000.0,79144000000.0,197886000000,3889000000.0,2517000000.0,-173000000.0,2505000000.0,8738000000.0,-2239000000.0,0.0,-2297000000.0,-1560000000.0,-1932000000.0,-2117000000.0,-5782000000.0,79000000,2016-07-29,73.16999816894531,73.25,72.76000213623047,72.97000122070312,65.28414154052734,6302200.0
2016-10-31,118179000000.0,-87484000000.0,30695000000.0,-25576000000.0,-25576000000.0,5119000000.0,-585000000.0,-585000000.0,4534000000,4534000000,-1332000000.0,3202000000,3034000000,3034000000,5939000000.0,5344000000.0,49822000000.0,63401000000.0,108676000000.0,34780000000.0,143456000000.0,206857000000,66233000000.0,7897000000.0,74130000000.0,42108000000.0,52252000000.0,126382000000,2392000000.0,87636000000.0,80475000000.0,206857000000,3202000000.0,2469000000.0,1108000000.0,-1929000000.0,4850000000.0,-2317000000.0,-2406000000.0,-6634000000.0,-1549000000.0,3149000000.0,-1402000000.0,-58000000.0,-1737000000,2016-10-31,70.05999755859375,70.16999816894531,69.84999847412111,70.01999664306639,63.073707580566406,6389000.0
2017-01-31,130936000000.0,-97743000000.0,33193000000.0,-26988000000.0,-26988000000.0,6205000000.0,-555000000.0,-555000000.0,5650000000,5650000000,-1664000000.0,3986000000,3757000000,3757000000,6867000000.0,5835000000.0,43046000000.0,57689000000.0,107710000000.0,33426000000.0,141136000000.0,198825000000,63008000000.0,3920000000.0,66928000000.0,42018000000.0,51362000000.0,118290000000,2676000000.0,89354000000.0,80535000000.0,198825000000,3986000000.0,2706000000.0,187000000.0,5013000000.0,11892000000.0,-3487000000.0,605000000.0,-2846000000.0,-1534000000.0,-3987000000.0,-2044000000.0,-7800000000.0,1019000000,2017-01-31,66.20999908447266,66.88999938964844,65.87999725341797,66.73999786376953,60.54937362670898,9320900.0
2017-04-30,117542000000.0,-87688000000.0,29854000000.0,-24617000000.0,-24617000000.0,5237000000.0,-563000000.0,-563000000.0,4674000000,4674000000,-1522000000.0,3152000000,3039000000,3039000000,6545000000.0,5252000000.0,43361000000.0,57336000000.0,107450000000.0,34932000000.0,142382000000.0,199718000000,67721000000.0,6472000000.0,74193000000.0,40025000000.0,49411000000.0,123604000000,2525000000.0,84120000000.0,76114000000.0,199718000000,3152000000.0,2551000000.0,-168000000.0,-150000000.0,5385000000.0,-1794000000.0,-88000000.0,-1861000000.0,-1549000000.0,-31000000.0,-2185000000.0,-3972000000.0,-309000000,2017-04-28,75.23999786376953,75.44000244140625,74.93000030517578,75.18000030517578,68.70801544189453,7330400.0
2017-07-31,123355000000.0,-91521000000.0,31834000000.0,-25865000000.0,-25865000000.0,5969000000.0,-575000000.0,-575000000.0,5394000000,4606000000,-1502000000.0,3104000000,2899000000,2899000000,6469000000.0,5395000000.0,43442000000.0,56763000000.0,108170000000.0,36633000000.0,144803000000.0,201566000000,65637000000.0,7174000000.0,72811000000.0,40469000000.0,49709000000.0,122520000000,2651000000.0,84838000000.0,79046000000.0,201566000000,3104000000.0,2618000000.0,1034000000.0,-781000000.0,5975000000.0,-2417000000.0,737000000.0,-1681000000.0,-1539000000.0,278000000.0,-2262000000.0,-4659000000.0,-72000000,2017-07-31,79.81999969482422,80.33999633789062,79.69000244140625,79.98999786376953,73.5931625366211,6263200.0
2017-10-31,123179000000.0,-91547000000.0,31632000000.0,-26868000000.0,-26868000000.0,4764000000.0,-541000000.0,-541000000.0,4223000000,2879000000,-975000000.0,1904000000,1749000000,1749000000,7026000000.0,5865000000.0,50147000000.0,65368000000.0,108155000000.0,35891000000.0,144046000000.0,209414000000,71414000000.0,9021000000.0,80435000000.0,40906000000.0,50073000000.0,130508000000,2798000000.0,84480000000.0,78906000000.0,209414000000,1904000000.0,2658000000.0,1641000000.0,-503000000.0,5700000000.0,-2396000000.0,25000000.0,-2312000000.0,-1526000000.0,2374000000.0,-2209000000.0,-2785000000.0,557000000,2017-10-31,86.86000061035156,87.45999908447266,86.5999984741211,87.30999755859375,80.83303833007812,6006900.0
2018-01-31,136267000000.0,-102640000000.0,33627000000.0,-29160000000.0,-29160000000.0,4467000000.0,-499000000.0,-499000000.0,3968000000,2964000000,-601000000.0,2363000000,2175000000,2175000000,6756000000.0,5614000000.0,43783000000.0,59664000000.0,107675000000.0,37183000000.0,144858000000.0,204522000000,68859000000.0,9662000000.0,78521000000.0,36825000000.0,45179000000.0,123700000000,2943000000.0,85107000000.0,80822000000.0,204522000000,2363000000.0,2702000000.0,1535000000.0,4677000000.0,11277000000.0,-3066000000.0,-3000000.0,-3225000000.0,-1510000000.0,-4058000000.0,-1640000000.0,-8459000000.0,-306000000,2018-01-31,107.7699966430664,108.18000030517578,106.06999969482422,106.5999984741211,99.2121810913086,9812800.0
2018-04-30,122690000000.0,-91707000000.0,30983000000.0,-25829000000.0,-25829000000.0,5154000000.0,-2332000000.0,-487000000.0,2822000000,2822000000,-546000000.0,2276000000,2134000000,2134000000,7885000000.0,4568000000.0,43303000000.0,59242000000.0,107622000000.0,38063000000.0,145685000000.0,204927000000,70719000000.0,10038000000.0,80757000000.0,36305000000.0,45846000000.0,126603000000,2851000000.0,82982000000.0,78324000000.0,204927000000,2276000000.0,2678000000.0,2060000000.0,-1853000000.0,5161000000.0,-1620000000.0,0.0,-1682000000.0,-1533000000.0,-20000000.0,-539000000.0,-2486000000.0,1136000000,2018-04-30,87.94000244140625,89.66000366210938,87.91999816894531,88.45999908447266,82.8201904296875,8685900.0
2018-07-31,128028000000.0,-95571000000.0,32457000000.0,-26707000000.0,-26707000000.0,5750000000.0,-5352000000.0,-503000000.0,398000000,398000000,-1125000000.0,-727000000,-861000000,-861000000,15840000000.0,5002000000.0,41985000000.0,66370000000.0,104019000000.0,35673000000.0,139692000000.0,206062000000,69455000000.0,2228000000.0,71683000000.0,51568000000.0,60567000000.0,132250000000,3004000000.0,80810000000.0,73812000000.0,206062000000,-727000000.0,2654000000.0,4986000000.0,-979000000.0,5934000000.0,-2457000000.0,0.0,-2746000000.0,-1534000000.0,8060000000.0,-1305000000.0,4966000000.0,7712000000,2018-07-31,89.0,89.66000366210938,88.80000305175781,89.2300033569336,84.06741333007812,6708100.0
2018-10-31,124894000000.0,-93116000000.0,31778000000.0,-26792000000.0,-26792000000.0,4986000000.0,-2410000000.0,-534000000.0,2576000000,2576000000,-759000000.0,1817000000,1710000000,1710000000,9174000000.0,5785000000.0,50380000000.0,69446000000.0,104358000000.0,52779000000.0,157137000000.0,226583000000,74656000000.0,11095000000.0,85751000000.0,49896000000.0,61363000000.0,147114000000,3178000000.0,80287000000.0,79469000000.0,226583000000,1817000000.0,2615000000.0,1916000000.0,-135000000.0,6213000000.0,-2629000000.0,-13269000000.0,-16126000000.0,-1530000000.0,7372000000.0,-2317000000.0,3441000000.0,-6658000000,2018-10-31,102.48999786376952,102.48999786376952,100.12000274658205,100.27999877929688,95.02682495117188,12354900.0
2019-01-31,138793000000.0,-104907000000.0,33886000000.0,-27819000000.0,-27819000000.0,6067000000.0,7965000000.0,-605000000.0,14032000000,5664000000,-1851000000.0,3813000000,3687000000,3687000000,7722000000.0,6283000000.0,44269000000.0,61897000000.0,104317000000.0,53081000000.0,157398000000.0,219295000000,69647000000.0,7830000000.0,77477000000.0,50203000000.0,62184000000.0,139661000000,3253000000.0,80785000000.0,79634000000.0,219295000000,3813000000.0,2731000000.0,639000000.0,3262000000.0,10445000000.0,-3119000000.0,-511000000.0,-3482000000.0,-1505000000.0,-3377000000.0,-3249000000.0,-8458000000.0,-1448000000,2019-01-31,94.62999725341795,96.87000274658205,94.62999725341795,95.83000183105469,91.30550384521484,14723000.0
2019-04-30,123925000000.0,-93034000000.0,30891000000.0,-25946000000.0,-25946000000.0,4945000000.0,212000000.0,-625000000.0,5157000000,5157000000,-1251000000.0,3906000000,3842000000,3842000000,9255000000.0,5342000000.0,44751000000.0,61739000000.0,104604000000.0,68201000000.0,172805000000.0,234544000000,71413000000.0,6292000000.0,79888000000.0,47425000000.0,79746000000.0,159634000000,3020000000.0,76276000000.0,74910000000.0,234544000000,3906000000.0,2714000000.0,-584000000.0,-2473000000.0,3563000000.0,-2163000000.0,777000000.0,-1135000000.0,-1520000000.0,3215000000.0,-2135000000.0,-846000000.0,1536000000,2019-04-30,101.7699966430664,102.91999816894531,101.4499969482422,102.83999633789062,98.5117416381836,6133600.0
2019-07-31,130377000000.0,-97923000000.0,32454000000.0,-26871000000.0,-26871000000.0,5583000000.0,-585000000.0,-585000000.0,4998000000,4913000000,-1233000000.0,3680000000,3610000000,3610000000,9283000000.0,5382000000.0,44134000000.0,61371000000.0,104674000000.0,68816000000.0,173490000000.0,234861000000,69972000000.0,8077000000.0,80283000000.0,44404000000.0,77447000000.0,157730000000,3165000000.0,78432000000.0,77131000000.0,234861000000,3680000000.0,2722000000.0,442000000.0,778000000.0,7622000000.0,-2580000000.0,0.0,-2689000000.0,-1516000000.0,-1166000000.0,-1572000000.0,-4685000000.0,28000000,2019-07-31,111.91000366210938,112.33999633789062,109.62999725341795,110.37999725341795,106.29608917236328,6211300.0
2019-10-31,127991000000.0,-95900000000.0,32091000000.0,-27373000000.0,-27373000000.0,4718000000.0,-589000000.0,-589000000.0,4129000000,4373000000,-1052000000.0,3321000000,3288000000,3288000000,8606000000.0,5612000000.0,51546000000.0,67912000000.0,104326000000.0,67592000000.0,171918000000.0,239830000000,72557000000.0,9487000000.0,83784000000.0,64721000000.0,77739000000.0,161523000000,3375000000.0,80656000000.0,78307000000.0,239830000000,3321000000.0,2723000000.0,742000000.0,-3432000000.0,3354000000.0,-2804000000.0,0.0,-2461000000.0,-1509000000.0,1254000000.0,-1122000000.0,-1682000000.0,-689000000,2019-10-31,117.93000030517578,118.27999877929688,116.83000183105469,117.26000213623048,113.47738647460938,4881300.0
2020-01-31,141671000000.0,-107748000000.0,33923000000.0,-28601000000.0,-28601000000.0,5322000000.0,-1448000000.0,-611000000.0,3874000000,5673000000,-1379000000.0,4294000000,4141000000,4141000000,9465000000.0,6284000000.0,44435000000.0,61806000000.0,105208000000.0,69481000000.0,174689000000.0,236495000000,69549000000.0,5937000000.0,77790000000.0,48021000000.0,77153000000.0,154943000000,3531000000.0,83943000000.0,81552000000.0,236495000000,4294000000.0,2828000000.0,-1206000000.0,4800000000.0,10716000000.0,-2837000000.0,0.0,-2843000000.0,-1503000000.0,-4374000000.0,-888000000.0,-7086000000.0,884000000,2020-01-31,115.8000030517578,116.26000213623048,113.9000015258789,114.48999786376952,111.293701171875,7775800.0
2020-04-30,134622000000.0,-102026000000.0,32596000000.0,-27372000000.0,-27372000000.0,5224000000.0,-467000000.0,-467000000.0,4757000000,5396000000,-1322000000.0,4074000000,3990000000,3990000000,14930000000.0,5029000000.0,41217000000.0,63328000000.0,101872000000.0,67692000000.0,169564000000.0,232892000000,70364000000.0,10554000000.0,82647000000.0,63149000000.0,76135000000.0,158782000000,3267000000.0,81141000000.0,74110000000.0,232892000000,4074000000.0,2791000000.0,-750000000.0,902000000.0,7017000000.0,-1692000000.0,-10000000.0,-1696000000.0,-1529000000.0,3542000000.0,-723000000.0,565000000.0,5471000000,2020-04-30,123.08000183105469,123.44000244140624,121.04000091552734,121.5500030517578,118.67943572998048,13499300.0
2020-07-31,137742000000.0,-102689000000.0,35053000000.0,-28994000000.0,-28994000000.0,6059000000.0,-635000000.0,-635000000.0,5424000000,8646000000,-2207000000.0,6439000000,6476000000,6476000000,16906000000.0,5111000000.0,41084000000.0,64996000000.0,101182000000.0,71204000000.0,172386000000.0,237382000000,73764000000.0,5910000000.0,81957000000.0,40959000000.0,74228000000.0,156185000000,3480000000.0,87614000000.0,81197000000.0,237382000000,6439000000.0,2771000000.0,-2442000000.0,5171000000.0,11939000000.0,-1794000000.0,-165000000.0,-1938000000.0,-1529000000.0,-6657000000.0,0.0,-8379000000.0,1968000000,2020-07-31,129.64999389648438,130.08999633789062,127.62000274658205,129.39999389648438,126.89981842041016,7210500.0
